1890 3216
774 163 1128 201 ARCHILOCHUS.
1635 160 1724 202 413

847 275 916 318 98.
950 274 1056 328 [δᾶ]

262 356 548 415 Φαινόμενον
579 355 720 401 κακὸν
753 355 897 402 οἴκαδ’
933 355 1139 414 ἄγεσθαι.

848 477 917 521 99.
951 477 1056 531 [84]
1651 484 1721 518 712

259 563 348 607 Ζεῦ
379 560 536 620 πάτερ,
567 560 714 618 γάμον
746 558 828 617 μὲν
861 557 957 604 οὐκ’
993 557 1251 616 ἐδαισάμην.

839 692 935 735 100.
969 691 1074 745 [764

261 773 429 822 Οὖκέθ’
465 773 585 834 ὁμῶς
616 774 800 826 θάλλεις
831 770 1007 818 ἁπαλὸν
1039 771 1169 831 χρόα·
1200 755 1417 829 κάρφεται
1448 769 1534 830 γὰρ
1566 769 1666 829 ἤδη.

185 933 280 970 haec
306 931 354 968 ad
380 931 599 977 sequentem
623 929 789 986 glossam
819 925 1029 973 Ἀτρύγετος
1062 926 1257 963 referenda
1288 938 1369 963 esse
1402 928 1440 962 et
1471 926 1630 963 formam
1663 925 1726 963 lit-

187 982 271 1018 tera
302 983 329 1015 A
369 980 518 1015 auctam
562 973 762 1017 ἀκωλωνος
799 988 844 1011 ex
881 975 1079 1011 manifesto
1120 985 1242 1011 errore
1281 976 1413 1010 ortam.
1443 995 1485 1000 -
1519 974 1727 1010 Prosthesis

186 1027 386 1074 multiplex
412 1026 452 1062 et
475 1025 600 1062 varius
620 1036 707 1060 usus
726 1024 765 1060 in
785 1023 931 1059 Graeca
956 1023 1098 1067 lingua,
1124 1023 1189 1058 sed
1214 1022 1397 1058 rationem
1427 1033 1501 1058 non
1526 1022 1618 1057 satis
1643 1032 1729 1068 per·

186 1075 386 1122 spexerunt
408 1072 646 1132 grammatici
670 1071 800 1108 nostri.
851 1072 883 1106 A
907 1069 1093 1116 principio
1118 1070 1248 1106 littera
1273 1074 1301 1105 A
1328 1070 1459 1106 addita
1482 1070 1588 1106 velut
1612 1066 1725 1105 ἄστα-

185 1134 264 1169 χυς,
282 1118 397 1167 ἄσφε,
416 1133 524 1166 ασφι,
544 1117 700 1165 ἄποινα,
720 1115 866 1165 ἀμύνω,
879 1114 1063 1164 ἀτρύνων.
1094 1118 1230 1155 Verum
1250 1118 1343 1154 haec
1363 1117 1583 1163 principalis
1603 1117 1725 1163 figura

185 1169 309 1207 varias
334 1168 611 1205 vicissitudines
637 1166 768 1203 subiit:
802 1166 864 1202 hic
897 1178 1046 1212 quoque
1072 1164 1214 1202 vocalis
1246 1166 1476 1210 subsequens
1508 1176 1613 1200 suam
1646 1164 1727 1200 vim

186 1227 403 1264 expromere
438 1215 552 1259 solet,
586 1214 793 1262 prosthesis
825 1216 868 1250 ut
902 1215 1193 1251 consentaneum
1225 1216 1283 1249 est
1314 1213 1561 1249 adsimulatur
1599 1212 1726 1259 stirpi:

185 1265 314 1311 itaque
333 1261 509 1310 ἄσταχυς,
536 1260 708 1308 ἆσπαίρω
729 1262 806 1299 alia
823 1260 1087 1308 primigeniam
1113 1261 1276 1308 speciem
1301 1261 1475 1305 retinent,
1502 1263 1616 1306 atque
1641 1271 1725 1306 pas-

186 1312 258 1350 sim
292 1311 407 1349 etiam
440 1312 585 1348 diversa
619 1310 742 1347 vocali
774 1310 1021 1355 subsequente
1054 1311 1203 1346 servata
1234 1310 1292 1344 est
1323 1313 1351 1344 A
1385 1309 1489 1344 velut
1520 1305 1726 1354 ἄκιναγμα,

186 1361 252 1397 sed
279 1359 599 1397 assimulationem
624 1359 814 1394 ostentant
841 1356 975 1394 ἓεδνον
995 1358 1259 1404 (compositum
1279 1354 1468 1397 ἀνάεδνος
1486 1354 1725 1400 antiquitatis

186 1409 324 1454 tenax),
350 1407 456 1453 ἰκτίς,
481 1404 641 1450 didam,
667 1402 890 1452 ὀμόργνυμι,
916 1402 1112 1451 ὀδύρομαι,
1139 1401 1323 1451 ὀκρυόεις,
1350 1401 1497 1449 ὀτρύνω
1523 1403 1609 1439 alia.
1653 1402 1724 1439 Ve-

186 1467 268 1492 rum
301 1455 519 1492 obscuratur
552 1454 772 1500 principalis
804 1453 934 1489 littera
965 1454 1081 1489 etiam
1115 1452 1218 1488 nulla
1249 1451 1377 1497 stirpis
1407 1451 1551 1488 ratione
1585 1450 1727 1495 habita,

186 1503 292 1540 velut
316 1504 350 1539 Ο
375 1502 570 1549 antiquam
595 1501 764 1538 vocalem
798 1505 825 1536 A
851 1499 1012 1537 deiicere
1037 1501 1132 1536 solet
1165 1503 1237 1546 (est
1262 1500 1363 1535 enim
1387 1499 1481 1535 haec
1507 1498 1727 1535 vicissitudo

187 1551 339 1588 omnino
365 1551 456 1587 satis
480 1550 689 1596 frequens),
715 1549 819 1585 velut
844 1546 1020 1594 ὀσταφίς,
1040 1545 1191 1592 Ὀαξος,
1218 1546 1376 1592 ὀκέλλω,
1400 1543 1559 1591 Ὀϊλεύς,
1581 1543 1727 1594 Ὀβριά·

188 1611 281 1645 ρεως
316 1597 583 1635 testificantur:
615 1602 704 1634 nam
735 1593 910 1643 ὀκρυόεις
944 1597 1019 1633 alia
1052 1598 1175 1632 utrum
1207 1596 1255 1632 ad
1288 1596 1385 1631 hanc
1417 1593 1725 1631 consuetudinem

188 1658 238 1683 an
262 1646 311 1684 ad
335 1645 630 1683 assimulationis
656 1645 779 1691 legem
804 1643 1053 1680 examinanda
1077 1644 1161 1688 sint,
1187 1655 1263 1679 non
1294 1642 1426 1688 liquet.
1478 1642 1535 1677 Ad
1567 1641 1727 1678 eundem

187 1695 341 1732 modum
378 1694 492 1730 etiam
519 1695 551 1728 E
583 1691 622 1728 in
653 1693 779 1728 locum
811 1692 961 1728 litterae
987 1696 1015 1727 A
1042 1691 1225 1735 succedit,
1259 1691 1363 1726 velut
1394 1686 1570 1738 ε’ρῳδιός,
1602 1689 1667 1725 ubi
1699 1694 1727 1724 A

187 1745 343 1789 propter
376 1741 540 1778 vicinum
574 1743 604 1776 P
626 1740 883 1784 obscuratum,
917 1740 983 1775 sed
1016 1740 1166 1776 videtur
1200 1750 1338 1785 magna
1373 1749 1417 1773 ex
1451 1739 1558 1784 parte
1594 1737 1728 1773 horum

187 1790 445 1836 exemplorum
471 1789 576 1835 origo
601 1799 676 1824 non
700 1790 780 1824 tam
805 1798 851 1823 ex
875 1787 1027 1834 linguae
1061 1800 1130 1823 usu
1162 1786 1384 1833 repetenda,
1416 1797 1530 1831 quam
1561 1795 1606 1820 ex
1637 1795 1727 1831 poe-

186 1838 312 1874 tarum
337 1837 503 1882 arbitrio,
530 1836 595 1882 qui
619 1836 740 1871 multa
765 1837 1008 1880 amaverunt,
1034 1835 1182 1882 saepius
1208 1834 1353 1871 fallacis
1379 1832 1576 1879 analogiae
1602 1832 1725 1879 specie

188 1884 349 1932 decepti,
374 1885 479 1922 velut
504 1882 597 1928 ἐΐση.
648 1883 787 1919 Verum
813 1895 886 1919 non
911 1883 1003 1920 licet
1026 1884 1121 1919 haec
1146 1882 1370 1929 singillatim
1393 1880 1588 1927 persequi,
1614 1880 1730 1916 habet

188 1933 288 1970 enim
312 1933 408 1969 haec
432 1930 604 1978 quaestio
630 1931 769 1967 multas
796 1930 1004 1976 cautiones,
1036 1932 1140 1967 velut
1171 1931 1366 1967 Cretenses
1397 1926 1516 1973 ἄερσα
1542 1927 1728 1971 dixerunt,

190 1981 290 2064 {uod
323 1981 546 2016 vocabulum
581 1980 673 2016 olim
701 1981 856 2014 ΑΑΡΣΑ
887 1978 977 2023 fuit,
1009 1979 1129 2015 altera
1154 1982 1182 2014 A
1220 1979 1375 2024 propter
1399 1976 1597 2012 finitimam
1632 1978 1662 2011 P
1689 1975 1728 2011 in

248 2029 454 2071 mutantes,
489 2028 597 2064 Iones
628 2027 777 2072 longius
812 2026 859 2062 ab
898 2026 1043 2072 origine
1081 2026 1334 2070 desciverunt,
1372 2024 1507 2071 quibus
1543 2021 1651 2069 ἐέρση
1690 2023 1729 2058 111

191 2087 260 2112 usu
290 2075 374 2111 fuit.
423 2075 540 2111 Attici
571 2071 813 2121 ἀρρηφόρους
844 2074 884 2110 et
915 2071 1150 2120 ἕρρηφόρους
1174 2074 1319 2117 dicunt,
1350 2072 1397 2108 de
1423 2070 1529 2107 cuius
1555 2070 1726 2107 vocabuli

189 2124 315 2169 etymo
346 2122 384 2158 C.
411 2123 471 2158 Fr.
497 2123 688 2159 Hermann
720 2133 824 2158 secus
854 2121 1047 2158 iudicavit.
1111 2122 1286 2158 Ceterum
1317 2120 1419 2156 haud
1456 2130 1594 2166 pauca,
1633 2129 1728 2165 quae

190 2169 311 2207 nostri
335 2169 572 2217 grammatici
597 2171 671 2206 huc
696 2169 873 2212 referunt,
899 2170 1145 2216 segreganda,
1169 2169 1275 2205 velut
1301 2165 1405 2213 ἕψία,
1431 2167 1532 2213 quod
1557 2165 1724 2213 redupli-

191 2219 378 2256 cationem
409 2219 572 2254 ΣΕΨΙΑ
605 2219 788 2262 ostentat,
814 2212 985 2263 αὐΐαχοι,
1017 2217 1118 2263 quod
1149 2219 1208 2253 est
1237 2212 1408 2262 α’νίαχοι,
1440 2214 1528 2251 alia.
1579 2213 1727 2250 Curtius

190 2266 399 2314 prosthesin
427 2260 499 2302 sibi
530 2264 712 2311 reperisse
739 2263 840 2300 visus
867 2267 925 2300 est
949 2265 987 2301 in
1013 2263 1206 2301 vocabulis
1232 2261 1376 2305 ἄεθλος
1401 2265 1440 2299 et
1463 2259 1622 2308 ἄεθλον,
1647 2273 1729 2308 pra-

193 2326 280 2351 vam
304 2314 558 2350 coniecturam
589 2313 636 2349 de
667 2312 811 2359 origine
843 2312 958 2348 etiam
991 2323 1088 2348 nunc
1119 2313 1253 2357 tuitus,
1285 2314 1326 2347 at
1356 2311 1403 2347 ab
1434 2307 1636 2356 ἀείρεσθαι
1667 2309 1729 2346 de-

194 2361 340 2399 scendit
364 2358 528 2406 ἅεθλον,
554 2361 642 2396 inde
667 2360 870 2396 deductum
895 2357 1048 2405 ἄεθλος,
1075 2371 1119 2396 ac
1143 2359 1368 2406 prosthesis,
1395 2369 1469 2404 qua
1493 2358 1646 2394 auctum
1673 2358 1731 2393 est

194 2409 349 2447 verbum
376 2409 582 2456 principale
601 2404 744 2453 ἀείρειν
766 2407 881 2443 etiam
900 2407 960 2452 iis,
979 2418 1074 2454 quae
1099 2408 1186 2444 inde
1213 2407 1454 2450 descendunt,
1481 2405 1729 2442 adhaerescit.

289 2457 348 2493 Fr.
374 2460 430 2494 98.
480 2456 682 2503 Hephaest.
703 2459 765 2491 38:
792 2455 858 2491 καὶ
882 2453 923 2492 τὸ
950 2453 1200 2502 τετράμετρον
1226 2451 1500 2500 καταληπτικὸν
1527 2452 1579 2494 εἰς
1605 2449 1728 2488 δισύλ-

194 2506 324 2551 λαβον,
350 2498 378 2553 ᾧ
404 2505 550 2550 πρῶτος
575 2502 644 2550 μὲν
671 2500 854 2549 ἐχρήσατο
882 2500 1133 2549 Ἀρχίλοχος
1165 2500 1213 2539 ἐν
1246 2499 1462 2550 ἐπῳδοῖς·
1497 2497 1728 2546 Φαινόμε-

195 2566 275 2590 νον
301 2556 376 2589 κτλ.
403 2552 448 2588 cf.
475 2551 595 2589 Schol.
623 2550 743 2597 Heph.
773 2554 850 2587 176.

290 2601 348 2637 Fr.
369 2604 425 2637 99.
463 2600 665 2646 Hephaest.
687 2603 750 2634 34:
779 2599 985 2644 Τρίμετρον
1011 2596 1053 2633 δὲ
1081 2595 1357 2643 καταληπτικόν
1382 2592 1615 2642 (τροχαϊκόν)
1642 2592 1725 2630 οἷόν

198 2645 276 2686 ἔστι
301 2646 343 2684 τὸ
377 2644 653 2694 Ἀρχιλόχου,
689 2642 710 2682 ὅ
745 2658 845 2687 τινες
878 2642 1074 2691 ἀκέφαλον
1109 2642 1289 2694 ἰαμβικὸν
1323 2644 1497 2680 καλοῦσι·
1534 2643 1618 2679 Ζεῦ
1654 2645 1728 2679 κτλ.

197 2693 408 2743 ἐδαισάμην
434 2695 602 2731 ACDMP
625 2695 740 2739 Nan,
766 2695 854 2729 cett.
881 2697 920 2730 et
944 2693 1028 2730 edd.
1056 2690 1262 2739 ἐδασάμην.
1312 2691 1434 2727 Affert
1464 2691 1577 2727 etiam
1605 2690 1728 2727 Schol.

195 2743 317 2791 Heph.
347 2747 412 2780 186
440 2743 520 2790 (ubi
545 2743 569 2779 S
590 2739 796 2788 ἐδησάμην,
822 2744 854 2776 A
875 2737 1096 2787 ἐδασάμην),
1116 2740 1253 2776 Tricha
1273 2744 1328 2777 12.
1348 2738 1472 2775 Schol.
1493 2738 1600 2774 Metr.
1621 2738 1730 2774 Pind.

197 2791 254 2848 01.
280 2791 349 2828 XII
376 2791 455 2836 (ubi
481 2788 687 2837 ἕδασάμην,
715 2789 746 2824 D
773 2786 1009 2835 ἐδαισάμην),
1036 2788 1142 2824 Nem.
1169 2787 1254 2824 VIII
1280 2789 1320 2823 et
1344 2786 1395 2822 XI
1419 2786 1499 2832 (ubi
1523 2785 1615 2822 item
1642 2782 1731 2822 ἔδα-

197 2851 218 2875 σ
338 2868 346 2875 .

219 2840 351 2924 ⁴2an-
380 2891 458 2924 100.
507 2885 711 2933 Hephaest.
745 2890 808 2922 352
850 2881 902 2921 Τὸ
941 2881 1178 2931 καλούμενον
1216 2879 1489 2929 ἰθυφαλλικόν,
1520 2875 1549 2929 ᾧ
1584 2881 1731 2940 πρῶτος

195 2931 445 2983 Ἀρχίλοχος
475 2933 672 2981 κέχρηται,
705 2930 885 2977 συζεύξας
915 2928 1017 2979 αὐτῷ
1045 2928 1272 2968 δακτυλικόν
1298 2927 1566 2977 τετράμετρον,
1592 2941 1724 2971 ουτως·
