1890 3216
844 806 1001 850 XXIX.
1625 820 1693 851 594

717 915 759 963 E
788 915 837 963 U
862 915 905 963 E
933 915 979 964 N
1005 915 1054 964 U
1082 914 1131 963 S.

774 1043 1073 1077 EAErmA.

906 1128 941 1169 1.

226 1214 424 1262 Πολλοῖς
456 1207 703 1266 ἀντιλέγειν
735 1208 818 1267 μὲν
851 1212 957 1262 ἔθος
989 1209 1089 1267 περὶ
1122 1208 1288 1263 παντὸς
1320 1208 1512 1274 ὁμοίως,

288 1280 440 1339 ὀρθῶς
473 1279 514 1325 δ’
550 1279 822 1339 ἀντιλέγειν,
855 1279 1002 1326 οὐκέτι
1033 1280 1154 1325 τοῦτ’
1192 1283 1240 1326 ἐν
1273 1284 1383 1326 ἔθει·

224 1353 297 1398 καὶ
330 1352 441 1411 πρὸς
473 1353 554 1410 μὲν
586 1352 774 1406 τούτους
805 1352 935 1411 ἀρκεῖ
963 1354 1095 1410 λόγος
1127 1348 1190 1406 εἷς
1223 1351 1246 1398 ὁ
1280 1353 1487 1409 παλαιός,

286 1425 388 1479 ,,σοὶ
421 1423 503 1482 μὲν
534 1427 673 1469 ταῦτα
705 1423 914 1469 δοκοῦντ’
951 1428 1084 1481 ἔστω,
1118 1425 1215 1482 ἐμοὶ
1249 1424 1298 1469 δὲ
1330 1425 1480 1470 τάδε.“

176 1511 197 1542 5
223 1496 330 1550 τοὺς
362 1495 572 1550 ξυνετοὺς
603 1495 645 1541 δ’
681 1495 739 1541 ἄν
771 1500 1031 1550 τις-πείσειε
1063 1496 1244 1555 τάχιστα
1277 1499 1419 1554 λέγων
1452 1492 1522 1553 εὖ,

287 1570 414 1626 οἵπερ
446 1568 519 1613 καὶ
553 1568 720 1627 ῥᾴστης
751 1569 836 1613 εἰσὶ
870 1571 1172 1622 διδασκαλίας.

910 1692 949 1733 2.

229 1771 408 1831 Βάκχου
440 1773 603 1831 μέτρον
635 1771 844 1831 ἄριστον,
878 1769 902 1817 ὃ
936 1770 995 1830 μὴ
1028 1771 1145 1817 πολὺ
1178 1771 1283 1830 μηδ’
1320 1772 1570 1831 ἐλάχιστον·

287 1847 378 1888 ἐστι
411 1842 498 1902 γὰρ
531 1841 559 1902 ἢ
593 1844 735 1902 λύπης
767 1850 909 1896 αἴτιος
940 1841 967 1901 ἢ
1001 1847 1175 1902 μανιᾞης

227 1919 371 1974 χαίρει
402 1915 672 1974 κιρνάμενος
704 1914 752 1960 δε
784 1915 932 1973 τρισὶν
965 1915 1205 1973 Νύμφαισι
1237 1917 1460 1975 τέταρτος·

286 1989 424 2044 τῆμος
455 1987 529 2031 καὶ
561 1986 786 2044 θαλαμοις
818 1987 939 2032 ἐστὶν
972 1987 1270 2045 ἑτοιμότατος

183 2071 204 2102 5
231 2060 272 2102 εἰ
303 2057 352 2103 δὲ
383 2057 524 2112 πολὺς
554 2058 812 2115 πνεύσειεν,
844 2058 1145 2118 ἀπέστραπται
1177 2078 1260 2118 μεν
1292 2063 1478 2119 ἔρωτας,

288 2133 484 2187 βαπτίζει
517 2129 560 2174 δ’
596 2129 724 2191 ὕπνῳ
757 2134 925 2187 γείτονι
956 2134 1038 2181 τοῦ
1070 2131 1289 2179 θανάτου.

253 2273 442 2310 Euenus.
495 2278 526 2309 1.
559 2274 694 2310 Athen.
726 2274 779 2309 IX
810 2278 878 2310 367
912 2273 960 2310 Ε.
991 2276 1222 2318 Σιωπῶντος
1253 2270 1322 2312 οὖν
1354 2278 1420 2312 τοῦ
1462 2273 1697 2335 Οὐλπιανοῦ,

154 2317 243 2356 Ἀλλ’
271 2318 356 2366 ἐγώ,
382 2321 498 2379 φησὶν
525 2319 545 2357 ὁ
571 2322 782 2366 Λεωνίδης,
809 2321 931 2377 εἰπεῖν
957 2321 1034 2368 εἰμὶ
1060 2324 1218 2369 δίκαιος,
1243 2322 1361 2360 πολλα
1390 2322 1464 2384 ἤδη
1491 2323 1701 2372 σιωπήσας·

160 2370 354 2410 Πολλοῖς
379 2365 415 2404 δ’
444 2365 726 2414 ἀντιλέγειν,
752 2366 848 2405 κατὰ
882 2367 960 2405 τὸν
986 2368 1166 2431 Πάριρν
1194 2369 1397 2418 Ευηνον,
1425 2371 1537 2414 ἔθος
1562 2377 1636 2409 κτλ.
1663 2376 1703 2409 et

161 2429 194 2453 v.
225 2421 293 2451 1—
304 2420 327 2452 4
359 2416 462 2454 Stob.
489 2416 659 2452 LXXXII
691 2421 711 2452 3
744 2415 862 2454 affert
890 2438 934 2444 -
962 2418 1006 2455 V.
1036 2422 1065 2455 1.
1093 2418 1163 2465 μὲν
1199 2419 1320 2462 Stob..
1356 2432 1427 2456 om.
1455 2422 1543 2457 Ath.
1571 2422 1634 2467 qui
1661 2418 1699 2456 δ’

101 2500 105 2505 ,
160 2464 200 2510 ip
202 2475 242 2500 se
267 2464 423 2500 addidit.
447 2486 488 2491 -—
512 2464 555 2500 V.
577 2469 609 2500 2.
638 2461 679 2500 ἐν
707 2463 793 2500 ἔθει
819 2464 934 2508 Stob„
963 2463 1090 2502 ἐθέλει
1111 2467 1197 2503 Ath.
1222 2489 1266 2494 ——-
1286 2467 1330 2503 V.
1352 2473 1383 2504 3.
1406 2466 1564 2510 τούτους
1584 2469 1700 2526 Stolo„

161 2508 308 2553 τούτοις
333 2512 420 2549 Ath.
449 2533 492 2539 —
519 2511 574 2553 εἷς
604 2509 624 2547 ὁ
650 2509 810 2553 παλαιός
840 2513 944 2558 Ath„
978 2510 1028 2554 ὡς
1060 2511 1080 2549 ὁ
1114 2513 1275 2556 παλαιός
1307 2515 1409 2552 Stob.
1445 2517 1492 2561 (A
1525 2515 1576 2558 ὡς
1606 2530 1704 2552 απα·

161 2561 292 2604 zoccos).
319 2580 363 2586 -—
390 2560 433 2597 V.
461 2565 494 2596 4.
520 2560 639 2596 ταῦτα
672 2560 775 2596 Stob.
802 2562 841 2596 et
865 2542 954 2597 Ath’.
986 2561 1019 2596 X
1107 2566 1176 2598 429
1203 2562 1248 2605 F,
1282 2562 1346 2598 ubi
1378 2563 1439 2599 hic
1471 2577 1505 2600 v.
1533 2564 1702 2600 affertur:

162 2619 218 2653 pr.
245 2607 329 2643 loco
361 2609 520 2644 τοιαῦτα
554 2607 703 2654 legitur.
741 2628 784 2633 —
820 2605 996 2644 δοκοῦντ’
1034 2573 1127 2645 ἔξω)
1164 2611 1244 2647 cod.
1277 2612 1309 2646 A
1341 2611 1429 2647 Ath.
1462 2623 1517 2656 pr.
1544 2612 1627 2648 loco
1660 2612 1704 2669 (B

163 2655 365 2696 δοκοῦντες
388 2669 457 2699 τω,
484 2656 512 2691 Ρ
538 2657 571 2691 δ.
598 2656 702 2699 τως),
734 2655 853 2691 altero
888 2656 971 2692 loco
1003 2654 1181 2693 δοκοῦντ’
1218 2656 1296 2694 ἔστ’
1323 2658 1405 2703 ΑΡ,
1438 2659 1643 2700 δοκοῦντες
1667 2656 1702 2695 τ’

163 2702 211 2747 Β,
238 2703 416 2739 δοκοῦντι
447 2704 492 2747 C,
526 2703 628 2739 Stob.
655 2699 834 2739 δοκοῦντ’
869 2700 980 2741 ἐστίν.
1007 2726 1053 2730 -
1080 2705 1122 2741 V.
1150 2710 1182 2742 6.
1212 2705 1283 2741 εἰσὶ
1309 2706 1393 2751 VL‚
1431 2705 1485 2747 εἰς
1516 2707 1621 2742 ΑΒΡ.
1650 2706 1704 2743 Of.

164 2749 303 2787 Herod.
331 2753 418 2797 post
442 2750 623 2788 Lobeckii
649 2750 787 2797 Phryn.
813 2763 848 2797 p.
876 2755 956 2787 469.

261 2838 293 2870 2.
345 2833 459 2870 Anth.
486 2834 566 2870 Pal.
593 2834 643 2869 XI
670 2838 715 2870 49
745 2831 897 2870 Εὐινου
924 2835 1030 2871 Plan.
1056 2832 1210 2882 ἄδηλον.
1238 2857 1284 2863 -
1309 2837 1353 2872 V.
1380 2841 1412 2874 2.
1439 2838 1592 2883 μανίης,
1618 2838 1704 2875 fort.

166 2882 312 2926 μανίας.
341 2902 384 2908 -
406 2881 450 2918 V.
472 2886 505 2918 3.
526 2882 649 2919 Plana
676 2883 799 2938 χαίρει
823 2880 1049 2928 κιρνάμενος
1067 2884 1162 2930 τρισὶ
1183 2881 1367 2942 Νύμφαις
1385 2884 1560 2931 τέτρατος
1580 2882 1704 2927 αὐτός.

166 2928 296 2964 lacobs
327 2931 450 2975 χαίρει
481 2928 523 2965 δε
558 2929 650 2975 τρισὶ
682 2927 909 2975 κιρνάμενος
941 2932 990 2966 Ν.
1017 2945 1047 2968 τ.
1075 2952 1118 2958 ——
1156 2932 1199 2967 V.
1227 2937 1258 2967 5.
1292 2929 1553 2977 απὲστραπται
1586 2933 1705 2979 Plan,

164 2972 332 3022 απέστρα
358 2976 506 3013 Pa1.—
533 2978 577 3013 V.
605 2982 637 3014 6.
665 2979 847 3024 βαπτίζει,
874 2979 1091 3026 βαπτίζεται
1115 2979 1218 3016 Plan.
1243 3001 1283 3006 —
1305 2981 1373 3017 τοῦ
1400 2981 1517 3026 Plan„
1543 2982 1592 3016 τῶ
1622 2982 1693 3017 Pal
