1890 3216
181 193 266 236 166
718 191 912 228 ΡΟΕΤΑΕ
939 190 1178 228 ELEG-IACI.

269 295 430 352 Ἦλθες
462 299 539 356 δή,
571 298 841 356 Κλεάριστε,
868 298 1017 355 βαδὺν
1050 298 1124 343 διὰ
1155 298 1323 344 πόντον
1355 298 1573 356 ἀνύσσας,

336 369 493 416 ἐνθάδ’
531 369 595 414 ἐπ’
634 368 770 414 οὐδὲν
801 369 944 427 ἔχοντ’
981 365 1015 415 ὦ
1047 370 1187 414 τάλαν
1219 369 1353 415 οὐδὲν
1385 374 1509 428 ἔχων.

277 443 384 501 νηός
414 460 483 487 τοι
515 443 760 500 πλευρῇσιν
790 439 877 486 ὑπὸ
911 439 1252 504 ζυνὰιθήσομεν
1284 440 1428 500 ἡμεῖς,

337 512 602 573 Κλεάρισθ’,
637 509 696 557 οἷ’
733 516 891 570 ἔχομεν
923 509 1024 570 χοῖα
1057 515 1236 558 διδοῦσι
1267 517 1380 558 θεοί.

183 599 251 631 515
277 589 365 631 τῶν
399 584 439 629 δ’
476 584 622 629 ὄντων
653 583 839 642 τᾶριστα
870 585 1135 642 παρέξομεν·
1166 581 1224 641 ἢν
1257 585 1311 630 δέ
1337 602 1403 637 τις
1433 588 1543 645 ἔλθῃ
1645 598 1713 631 520

280 765 321 800 V.
332 768 530 800 511-522.
552 763 607 799 De
626 764 697 799 hac
713 763 843 808 ecloga
855 761 1004 808 copiose
1018 763 1260 799 commentati
1272 764 1358 799 sunt
1371 763 1557 799 duumviri
1571 764 1716 801 Gottin-

183 824 332 859 geuscs,
363 811 622 848 Schneidewin
647 810 826 847 secundis
842 810 955 854 curis,
988 821 1084 855 quae
1114 809 1298 856 repetitae
1324 813 1411 847 sunt
1434 811 1473 846 in
1498 811 1632 848 Philol.
1658 816 1715 856 29,

184 866 254 897 664
268 872 355 905 seq.‚
375 861 414 895 et
432 860 596 895 Leutsch
615 857 704 895 ibid.
742 857 792 894 Et
815 857 880 893 ille
902 857 1053 903 quidem
1075 858 1166 894 dicit
1186 870 1224 894 se
1245 870 1343 894 nova
1362 859 1561 895 collatione
1583 859 1663 897 cod.
1683 861 1716 895 A

185 908 319 944 eximie
338 908 508 943 adiutum
529 918 618 950 esse,
635 906 699 941 sed
718 905 815 941 nihil
832 905 921 942 novi
940 905 1026 941 inde
1046 906 1176 942 attulit
1194 906 1266 941 nisi
1280 919 1313 942 v.
1329 910 1397 942 515
1418 908 1501 952 διης
1513 918 1581 952 pro
1595 905 1639 943 δέ
1652 921 1717 952 τις,

186 956 287 1001 quod
305 955 387 1001 ipse
408 954 502 990 nulli
521 953 605 990 usui
625 965 704 989 esse
723 953 894 999 largitur.
933 954 984 988 Ut
1010 953 1169 999 elegiam
1191 954 1465 1000 redintegraret
1485 955 1571 1000 post
1593 967 1625 991 v.
1647 959 1717 991 522

185 1004 375 1039 addendos
397 1002 542 1038 censuit
561 1014 594 1038 v.
617 1005 768 1037 691-2.
802 1001 976 1045 Leutsch,
991 1001 1160 1045 quamvis
1179 1001 1319 1037 invitus
1337 1001 1431 1037 mihi
1450 1013 1620 1037 assensus
1639 1003 1718 1039 md-

185 1052 289 1087 nenti
315 1051 362 1086 ad
382 1063 414 1087 v.
431 1054 499 1085 513
525 1050 618 1085 haec
636 1049 675 1084 in
694 1050 838 1085 arctum
857 1049 1012 1084 redacta
1030 1059 1122 1093 esse,
1147 1050 1234 1094 post
1252 1061 1286 1086 v.
1304 1053 1372 1084 512
1393 1048 1582 1085 distichon
1606 1049 1719 1086 inter·
1786 1074 1789 1075 γ

187 1100 336 1144 ceptum
357 1109 435 1134 esse
455 1097 599 1141 statuit,
619 1097 786 1142 alioquin
805 1107 954 1132 carmen
972 1095 1160 1142 integrum
1180 1107 1259 1132 esse
1276 1098 1411 1141 censet,
1431 1097 1480 1132 ad.
1492 1097 1722 1143 Terpandrei

185 1146 288 1182 nomi
308 1147 539 1187 ‚structuram
565 1156 716 1180 carmen
742 1144 909 1190 exigens,
937 1154 1047 1188 quam
1074 1143 1288 1179 machinam
1314 1145 1464 1180 auctore
1487 1143 1721 1190 Westphalio

187 1205 284 1230 nunc
304 1192 415 1228 multi
428 1193 630 1228 admovent
643 1191 929 1238 elegiographis‚
943 1190 1096 1227 Pindari
1110 1190 1293 1236 epiniciis,
1313 1190 1541 1237 tragicorum
1561 1192 1722 1238 denique

189 1241 344 1278 choricis
371 1240 614 1276 carminibus:
641 1242 780 1276 temere
807 1239 1062 1274 diversissima
1086 1239 1210 1284 poesis
1235 1238 1376 1285 lyricae
1401 1250 1540 1284 genera
1565 1239 1612 1275 ad
1638 1251 1723 1276 ean·

188 1290 272 1325 dem
298 1289 422 1335 legem
446 1288 676 1324 revocantes.
722 1286 942 1332 Septenaria
966 1285 1137 1332 partitio,
1169 1298 1245 1331 qua
1268 1287 1411 1332 primus
1437 1289 1608 1333 usushest
1634 1287 1723 1323 Ter-

189 1337 347 1383 pander,
378 1347 576 1371 nomorum
603 1333 942 1370 citharoedicorum
966 1333 1132 1379 propria,
1165 1345 1286 1380 neque
1319 1333 1393 1370 alio
1418 1334 1618 1381 translata,
1650 1334 1723 1370 nisi

190 1385 291 1430 quod
327 1385 462 1429 postea
499 1382 649 1418 auloedi
686 1381 778 1417 item
813 1381 1076 1427 septemplices
1110 1393 1240 1418 nomos
1278 1382 1509 1428 struxerunt,
1547 1382 1587 1417 id
1624 1382 1723 1427 quod

190 1432 315 1478 arguit
341 1429 562 1466 Callimachi
587 1430 759 1475 hymnus,
786 1428 850 1474 qui
870 1425 1068 1469 Παλλάδος
1092 1427 1229 1474 λουτρὰ
1255 1428 1485 1473 inscribitur3
1513 1440 1633 1474 neque
1658 1441 1725 1466 no-

190 1479 294 1516 vavit
330 1480 423 1514 haec
456 1477 667 1524 Cyrenaeus
706 1478 835 1522 poeta,
868 1477 934 1512 sed
965 1476 1008 1511 ut
1039 1476 1136 1512 solet
1165 1476 1341 1522 antiquos
1373 1479 1542 1512 auctores
1574 1477 1723 1513 secutus

191 1530 258 1563 est.
310 1526 383 1562 Sed
407 1527 450 1561 ut
474 1526 523 1562 ad
547 1524 779 1571 propositum
810 1525 993 1568 revertar,
1026 1535 1121 1569 quae
1154 1524 1200 1559 de
1229 1523 1340 1559 huius
1373 1524 1525 1570 eclogae
1550 1524 1726 1561 instituta

191 1574 378 1611 sententia
403 1573 667 1619 Gottingenses
693 1573 957 1617 exposuerunt,
986 1582 1061 1607 non
1087 1570 1178 1608 licet
1204 1571 1427 1618 singillatim
1451 1571 1513 1608 hic
1537 1573 1725 1618 repetere:

189 1622 273 1668 ipsi,
298 1621 469 1668 quamvis
493 1620 633 1667 passim
659 1620 758 1656 inter
781 1631 818 1656 se
838 1619 1063 1665 discrepent,
1088 1619 1158 1654 sibi
1183 1631 1311 1655 omnes
1337 1619 1579 1655 difficultates
1603 1619 1724 1663 felici-

193 1673 250 1706 ter
270 1669 502 1716 expcdivisse
522 1668 711 1710 videntur;
732 1667 825 1702 mihi
845 1678 949 1703 secus
968 1666 1106 1702 visum:
1127 1679 1242 1702 unum
1261 1666 1332 1702 hoc
1349 1667 1457 1710 addo,
1479 1667 1510 1703 si
1523 1667 1726 1703 Leutschio

192 1719 283 1754 fides
301 1717 476 1753 habenda
497 1716 605 1761 (Phil.
621 1720 678 1760 29,
696 1716 779 1760 679)
800 1713 1056 1760 Theognidem
1077 1715 1222 1750 exulem
1247 1714 1286 1749 111
1305 1715 1457 1750 Euboea
1481 1715 1552 1750 hoc
1577 1726 1727 1751 carmen

194 1765 404 1802 condidisse
442 1764 556 1809 atque
596 1763 644 1799 ad
676 1763 835 1799 eundem
867 1761 1091 1798 Clearistum
1122 1762 1237 1797 etiam
1269 1761 1362 1798 alias
1398 1762 1538 1806 elegias
1569 1762 1724 1799 misisse.

194 1834 238 1840 -
275 1813 321 1849 V.
348 1816 428 1848 511.
462 1810 527 1856 δὴ,
560 1809 602 1846 δὲ
630 1810 675 1847 el.
708 1831 752 1836 —-
787 1808 1010 1855 Κλεάριστε,
1049 1809 1063 1844 1
1095 1806 1320 1854 κλεάριστος.
1353 1831 1397 1835 -
1437 1806 1619 1855 ἀνύσσας,
1659 1810 1728 1846 001

193 1858 347 1901 ἀνύσας.
375 1881 418 1885 -
455 1859 498 1894 V.
527 1862 606 1894 512.
642 1856 662 1893 ἔ
685 1855 777 1901 οντ’,
810 1870 847 1892 m
874 1854 1018 1902 ἐ’χωντ’.
1048 1877 1091 1882 -—
1122 1857 1167 1892 V.
1194 1860 1274 1892 513.
1308 1854 1381 1892 ὑπὸ
1409 1854 1519 1902 ζυγὰ,
1552 1858 1604 1892 fm
1637 1854 1727 1893 ὑπό-

195 1911 300 1954 ζυγα,
325 1907 471 1943 Hecker
491 1903 554 1942 ε’πὶ
572 1906 633 1941 vel
654 1905 712 1941 ενὶ
732 1902 835 1950 ζυγὰ.
857 1924 901 1931 -—
922 1905 965 1939 V.
981 1908 1060 1940 514.
1081 1901 1305 1950 Kzsdpme’,
1333 1904 1362 1940 Ο
1384 1901 1571 1950 κλεάριθ’.
1599 1904 1727 1941 Ηο1111-

195 1956 301 1992 soeth
327 1950 497 2000 κληῖ’σθ’,
522 1954 697 1999 Hartung
715 1949 870 1998 τᾶρισθ’
893 1952 1049 1998 scripsit.
1094 1952 1240 1988 Nomen
1266 1952 1470 1997 repetitum
1494 1952 1633 1988 indicio
1659 1954 1727 1997 est,

195 2005 289 2039 haec
314 2003 353 2038 in
380 2003 524 2038 arctum
548 2001 704 2037 redacta
729 2011 819 2036 esse.
861 1999 993 2045 Neque
1019 1999 1118 2035 0111111
1142 1999 1191 2044 10,
1224 1998 1289 2044 qui
1320 2001 1416 2035 hanc
1447 2000 1616 2045 syllogen
1641 2011 1728 2036 con-

196 2051 302 2095 fecit,
328 2050 516 2095 integrum
541 2048 697 2084 inseruit
722 2059 887 2093 carmen,
914 2047 981 2083 sed
1004 2048 1047 2083 ut
1072 2047 1168 2083 solet
1190 2046 1387 2092 potissima
1415 2048 1563 2083 tantum
1583 2047 1728 2094 selegit,

199 2101 253 2144 ut,
280 2097 312 2134 si
336 2097 479 2144 passim
503 2096 584 2132 hiet
609 2095 745 2141 oratio,
774 2107 848 2131 non
873 2095 923 2130 sit
947 2094 1092 2131 mirum.
1145 2095 1218 2130 Sed
1243 2095 1312 2130 hoc
1338 2095 1421 2130 loco
1446 2106 1519 2131 non
1545 2096 1623 2131 tam
1647 2095 1729 2131 bre·

198 2146 322 2183 viator
348 2145 571 2191 culpandus,
606 2155 719 2190 quam
751 2143 988 2179 librariorum
1022 2142 1206 2179 socordia:
1246 2154 1332 2178 nam
1367 2142 1399 2177 si
1434 2142 1564 2187 verba,
1603 2154 1728 2187 quem-

199 2194 401 2230 admodum
425 2193 498 2228 hoc
523 2190 686 2228 disticho
717 2190 910 2237 leguntur,
941 2190 1038 2227 inter
1063 2201 1102 2226 se
1127 2191 1213 2226 sunt
1238 2201 1403 2226 connexa
1429 2191 1467 2225 et
1491 2191 1592 2236 apta,
1617 2191 1731 2236 poeta

199 2241 312 2278 amici
349 2239 563 2276 decedentis
600 2249 735 2275 navem
773 2237 890 2284 copiis
928 2238 1002 2274 suis
1038 2237 1307 2274 instructurum
1345 2249 1383 2273 se
1419 2248 1497 2273 esse
1531 2237 1730 2283 promittit,

200 2289 240 2325 id
260 2289 360 2335 quod
386 2300 470 2324 cum
494 2286 674 2333 proximis
699 2286 884 2331 versibus,
916 2285 982 2322 ubi
999 2286 1113 2332 poeta
1132 2285 1292 2321 amicum
1318 2285 1580 2321 advenientem
1605 2286 1730 2331 hospi—

201 2336 330 2373 taliter
361 2348 429 2382 pro
461 2335 598 2371 virium
630 2346 779 2370 suarum
809 2333 962 2370 modulo
995 2345 1033 2369 se
1065 2333 1233 2379 excipere
1257 2333 1356 2368 velle
1389 2332 1497 2377 dicit,
1532 2344 1606 2368 non
1636 2333 1731 2368 bene

202 2384 391 2423 convenit:
418 2394 537 2428 neque
564 2382 664 2418 enim
687 2380 779 2418 licet
801 2381 1055 2427 importunum
1074 2381 1145 2417 hoc
1164 2376 1320 2425 ὕστερον
1339 2377 1522 2426 πρότερον
1541 2391 1732 2416 removere

201 2434 274 2469 hoc
299 2431 458 2467 disticho
476 2430 716 2466 traiiciendo:
743 2429 895 2471 omnino
913 2430 1039 2465 autem
1058 2427 1174 2464 nimia
1192 2428 1286 2463 haec
1309 2427 1517 2463 liberalitas
1537 2439 1611 2463 non
1631 2428 1734 2463 cadit

204 2481 243 2516 in
266 2479 458 2516 hominem
483 2478 590 2525 gravi
613 2478 835 2523 paupertate
861 2488 1090 2523 oppressum.
1130 2474 1201 2511 Hic
1227 2486 1376 2521 quoque
1400 2477 1445 2511 ut
1468 2475 1560 2511 alias
1580 2475 1653 2511 duo
1673 2476 1734 2511 vel

205 2528 314 2574 plura
341 2526 502 2562 disticha
525 2526 667 2562 temere
692 2525 731 2560 in
756 2537 871 2560 unum
897 2524 1080 2560 coaluere.
1117 2524 1234 2560 Poeta
1259 2523 1462 2568 explanans
1488 2534 1584 2568 quae
1609 2535 1642 2558 v.
1663 2527 1732 2558 512

205 2587 316 2620 quam
348 2573 567 2610 brevissime
599 2573 744 2609 dixerat
768 2566 885 2618 ἦλθες
910 2569 973 2608 ἐπ’
1001 2567 1114 2608 οὐδὲν
1141 2569 1276 2617 ἔχοντα
1301 2566 1415 2606 οὐδὲν
1443 2568 1555 2616 ἔχων,
1585 2570 1734 2606 videtur

206 2622 414 2668 scripsisse:
454 2619 544 2667 νηός
574 2633 633 2656 τοι
663 2620 866 2667 πλευρῇσιν
898 2617 972 2655 ὑπὸ
1006 2616 1098 2665 ζυγὰ
1138 2614 1310 2665 (νήματ’
1344 2614 1543 2663 ἀράχναι
1580 2619 1733 2663 νῶσιν)

206 2670 364 2706 solemni
395 2670 466 2705 hoc
496 2668 674 2715 penuriae
709 2668 907 2703 simulacro
945 2679 1050 2712 usus,
1086 2667 1130 2701 ut
1158 2665 1270 2702 amici
1302 2676 1437 2701 navem
1470 2663 1620 2701 inanem
1653 2676 1734 2701 esse

204 2717 445 2764 significaret3
478 2717 559 2752 tum
585 2727 690 2752 suam
714 2716 974 2761 paupertatem
999 2715 1158 2761 ingenue
1182 2713 1388 2760 professus,
1414 2712 1475 2749 vel
1501 2713 1554 2748 sic
1578 2712 1735 2758 hospitis

206 2765 338 2801 officiis
365 2776 404 2800 se
429 2775 496 2810 pro
522 2763 623 2800 virili
654 2766 762 2809 parte
794 2764 1004 2799 functurum
1033 2773 1114 2797 esse
1138 2760 1295 2797 subiecit
1319 2757 1443 2805 (ἄλλα
1470 2759 1545 2795 καὶ
1577 2755 1606 2795 ὣ
1615 2768 1633 2800 ς
1664 2762 1733 2795 σοὶ

206 2809 324 2848 δαῖτ’
358 2808 543 2857 ἀγαθὴν
575 2808 883 2857 παρα)θήσομεν
915 2807 1023 2856 ἡμεῖς
1053 2812 1128 2846 κτλ.
1171 2808 1333 2845 Leutsch
1358 2806 1507 2853 scripsit
1530 2804 1625 2848 νεὼς
1649 2808 1739 2843 ποτί

208 2873 265 2895 τοι
290 2859 491 2906 πλευρῇσιν
517 2856 592 2895 ὑπὸ
618 2855 711 2904 ζυγὰ
737 2855 919 2904 θήσομεν.
940 2878 985 2884 —-
1011 2856 1103 2893 Cum
1127 2856 1190 2901 iis,
1242 2867 1311 2892 uae
1337 2856 1557 2901 sequuntur,
1585 2866 1735 2901 compo-

211 2918 278 2942 nas
303 2908 410 2943 Hom.
438 2907 504 2942 Od.
534 2909 567 2942 Ο
592 2910 678 2942 28οε
704 2902 826 2951 αὐτὰρ
850 2908 958 2942 κεῖθι
983 2902 1177 2951 φιλήσεαι,
1203 2868 1264 2939 οῗά
1290 2899 1328 2939 κ’
1357 2902 1510 2949 ἔχωμεν.
1537 2922 1581 2928 —-
1608 2899 1674 2947 οἷ’,
1699 2901 1736 2938 οἳ

211 2954 251 2991 O.
285 2976 325 2980 ——
352 2954 405 2994 V„
426 2958 506 2993 515.
532 2955 704 3000 Hartung
729 2954 823 2990 haec
847 2952 1079 2999 aptioribus
1103 2952 1300 2998 separavit.
1321 2971 1367 2978 --
1397 2948 1552 2997 τᾶριστα
1577 2950 1736 2997 Bekker,
