1890 3216
684 197 876 235 POETAE
902 197 1141 235 ELEGIACI.
1598 194 1686 237 379

363 312 531 367 Παιδνῷ
563 308 601 351 δ’
636 308 791 363 οὕνομα
821 313 924 363 θῆκε
957 309 1198 363 Πυρίσσοον,
1230 305 1315 349 ἀλλ’
1346 305 1505 362 Ἀχιλῆα

436 373 594 430 Πηλεὺς
625 377 832 428 κίκλησκεν
863 376 1007 429 χείλεος
1038 372 1175 416 εἵνεκά·
1199 391 1267 428 μιν

363 443 544 495 κείμενον
576 441 650 483 εἰνὶ
680 438 803 494 κόνει,
834 442 979 496 σποδιῇ
1011 439 1070 481 ε’νὶ
1101 443 1180 493 πῦρ
1212 436 1410 493 ἆπάμερσε

435 509 578 562 χείλεος
610 504 830 560 αἰθόμενον
862 504 962 563 (sed.
996 507 1058 549 ad.
1091 507 1116 547 1.
1148 504 1390 560 αἰθομένου)
1420 501 1662 559 ἀπροφάτως

724 572 869 627 ἑτέρου.

150 673 218 712 ubi
251 671 409 712 Hecker
442 671 601 722 scripsit
632 669 776 725 σποδιῇ
807 665 840 709 τ’
876 667 935 709 ἐνὶ
967 672 1008 709 et
1038 667 1278 722 αἰθομένου,
1310 670 1451 708 contra
1482 668 1689 707 Hermann

151 735 315 790 νηλεὲς
346 733 475 777 εἵνεκά
507 751 575 789 μιν
606 736 786 788 κείμενον
818 733 1011 789 ἐσχατιῇ
1044 735 1190 790 σποδιῇ
1221 733 1280 775 ἐνὶ
1301 766 1308 774 .
1330 763 1338 773 .
1360 765 1370 775 .
1395 728 1690 785 ἀπροφάτως

149 801 315 855 ἑτέρου
347 803 528 856 χείλεος
560 797 854 855 αἰθομένου)
888 801 994 840 haud
1022 801 1140 841 dubie
1166 814 1304 841 recens
1331 800 1545 840 admodum
1572 801 1690 849 poeta

151 869 240 909 fuit.
276 890 325 895 —
361 868 644 918 Apollodormn
676 867 992 915 arithmeticum,
1030 867 1143 906 cuius
1181 867 1428 917 epigramma
1465 866 1506 904 in
1538 865 1687 916 Pytha-

149 948 292 987 goram
323 934 535 985 adscripsit·
561 934 708 974 Athen.
734 932 770 971 X
790 933 888 983 418,
921 931 1141 971 Alexandri
1172 932 1311 983 magni
1343 931 1500 971 saeculo
1533 931 1690 970 inferio-

151 1014 235 1040 rem
267 1012 354 1040 esse
385 1002 540 1040 certum
571 1000 645 1039 est.

270 1065 376 1106 Illud
397 1065 567 1116 denique
587 1064 828 1104 monendum
848 1066 922 1114 est,
954 1064 1290 1115 epigrammatum
1315 1077 1394 1103 non
1421 1075 1578 1113 semper
1599 1076 1690 1101 eum

150 1145 237 1172 esse
268 1134 491 1180 auctorem,
529 1130 596 1181 qui
633 1130 711 1168 dici
750 1129 929 1179 videtur3
967 1129 1300 1180 quemadmodum
1339 1129 1445 1179 quod
1484 1131 1546 1168 est
1584 1129 1689 1178 apud

150 1197 364 1237 Aelianum
396 1197 445 1236 Η.
477 1196 609 1236 Anim.
641 1195 698 1234 XI
737 1196 810 1235 40:
851 1191 1089 1247 τετράκερων
1130 1191 1172 1234 δὲ
1210 1193 1360 1245 ἔλαφον
1398 1191 1631 1246 Νικοκρέων
1668 1188 1689 1233 ὅ

150 1259 331 1315 Κύπριος
362 1261 492 1315 ἔσχεν,
523 1259 589 1301 καὶ
620 1257 795 1313 ἀνέθηκε
826 1263 974 1301 Πυθοῖ
998 1258 1064 1300 καὶ
1094 1255 1319 1313 ὑπέγραψε·

408 1359 426 1367 ...
482 1355 503 1370 η
763 1358 780 1366 ιν
1124 1358 1141 1366 *o
1170 1351 1180 1368 5
1227 1354 1237 1369 ἱ
1341 1355 1351 1369 Ι

364 1359 449 1409 Σης
481 1371 612 1397 ενεκεν
643 1359 802 1408 Λητους
833 1354 1038 1404 τοξαλκέτα
1069 1371 1167 1407 κουρ
1219 1370 1396 1403 επινοιας

437 1418 550 1475 τήνδ’
585 1419 644 1462 ἕλε
675 1419 911 1473 Νικοκρέων
941 1418 1180 1474 τετράκερων
1212 1420 1374 1472 ἔλαφον.

152 1533 280 1571 neque
312 1519 416 1558 enim
456 1518 546 1557 inde
585 1518 769 1569 sequitur
805 1503 1107 1557 Nicocreontem
1147 1518 1448 1569 epigrammatis
1486 1520 1690 1556 auctorem

152 1599 251 1626 esse.
312 1586 368 1624 At
399 1585 487 1624 fieri
517 1586 685 1635 potest‚·
709 1586 756 1623 ut
793 1585 1084 1635 epigrammata
1116 1585 1156 1623 in
1194 1584 1467 1623 monumentis
1499 1583 1692 1632 inscripta

151 1651 202 1690 ab
235 1651 345 1702 ipsis,
377 1651 446 1702 qui
476 1650 548 1689 illa
578 1652 836 1689 monumenta
867 1650 1149 1691 dedicaverant
1186 1651 1250 1690 vel
1287 1650 1329 1688 in
1366 1663 1535 1700 quorum
1567 1649 1689 1688 hono-

153 1730 238 1756 rem
268 1717 399 1767 posita
426 1718 558 1766 erant,
590 1715 671 1754 sint
690 1715 888 1764 confecta,
920 1717 1033 1757 velut
1058 1717 1183 1768 ipsius
1207 1716 1487 1765 Thrasymackc'
1519 1715 1690 1755 fort-asse

152 1784 214 1822 est
245 1782 509 1832 epigramma,
541 1780 647 1832 quod
679 1780 824 1821 Athen.
857 1782 893 1820 X
925 1783 1010 1822 454
1026 1783 1075 1821 F:

275 1861 459 1928 Τοῧνομα
490 1877 608 1927 θῆτα,
640 1874 708 1928 ῥῶ,
739 1871 862 1926 ἄλφα,
895 1873 984 1928 σάν,
1016 1870 1055 1927 ὗ,
1088 1879 1154 1929 μῦ,
1186 1873 1308 1928 ἄλφα,
1340 1879 1391 1929 χῖ,
1424 1869 1486 1927 οὗ,
1518 1872 1612 1915 σάν·

330 1940 467 1995 πατρὶς
500 1935 747 1992 Χαλκηδών·
779 1936 804 1993 ἡ
840 1939 882 1982 δὲ
913 1940 1027 1996 τέχνη
1060 1943 1194 1995 σοφίη.

152 2040 306 2078 tumulo
336 2039 445 2077 illius
476 2036 713 2086 inscriptum
742 2036 869 2077 fuisse
902 2041 1087 2078 testatur.
1132 2060 1185 2065 —
1226 2039 1327 2078 Item
1359 2039 1445 2088 ipse
1485 2037 1691 2086 Charmae,

152 2104 323 2154 Hippiae
355 2106 528 2155 amator,
559 2101 710 2154 poterit
735 2106 875 2143 auctor
901 2104 1204 2155 epigrammatis
1230 2105 1380 2154 haberi,
1413 2104 1519 2154 quod
1546 2104 1691 2143 Athen.
1706 2109 1775 2141 680

152 2169 251 2208 XIII
285 2170 420 2210 609D
453 2170 587 2210 affert:

367 2261 680 2318 Ποικιλομήχαν’
704 2261 846 2318 ’Ἐρως,
880 2263 942 2304 σοὶ
971 2261 1080 2305 τόνδ’
1116 2260 1302 2317 ἱδρύσατο
1334 2261 1472 2317 βωμόν

440 2327 604 2383 Χάρμος
636 2329 699 2370 ἐπὶ
730 2333 899 2382 σκιεροῖς
928 2327 1086 2382 τέρμασι
1117 2330 1349 2383 γυμνασίου.

156 2431 225 2470 sed
257 2431 287 2470 si
323 2430 480 2471 Heeker
511 2432 566 2471 ibi
599 2434 706 2472 recte
739 2432 920 2471 restituit
950 2429 1012 2471 σοὶ
1043 2427 1150 2472 τόνδ’
1180 2429 1366 2485 ἱδρύσατο
1399 2433 1585 2483 πρῶτος
1616 2433 1691 2471 col-

105 2516 109 2521 ·
154 2497 238 2536 lato
270 2496 440 2536 Pausan.
468 2497 486 2535 I
514 2499 582 2548 30,
607 2501 649 2548 1,
683 2498 932 2548 epigramma
956 2501 1118 2548 postero
1151 2500 1330 2548 tempore
1356 2499 1434 2537 fuit
1465 2498 1506 2536 iu
1533 2511 1604 2536 ara
1634 2498 1691 2536 in-

156 2557 412 2616 scriptum.*)
455 2584 504 2589 --
546 2563 736 2602 Fortasse
768 2563 889 2602 etiam
923 2564 1152 2604 Pisistratus
1182 2565 1329 2612 minor,
1369 2564 1540 2614 Hippiae
1572 2563 1692 2613 filius,

154 2640 234 2667 non
264 2628 419 2668 alienus
451 2641 475 2667 a
506 2628 617 2679 poesi
649 2629 743 2678 fuit,
775 2632 821 2668 ut
854 2629 944 2668 huie
974 2629 1154 2668 tribuere
1186 2629 1313 2679 possis
1346 2629 1594 2680 epigramma
1631 2642 1692 2679 ap.

155 2693 336 2744 Thucyd.
368 2693 425 2732 VI
459 2696 533 2734 54:

250 2866 284 2912 *)
321 2867 509 2914 Equidem
536 2868 709 2904 existimo
743 2869 843 2915 apud
882 2869 1117 2904 Athenaeum
1156 2879 1370 2913 germanam
1409 2864 1692 2914 epigrammatis

157 2913 318 2960 speciem
346 2917 532 2951 servatam
558 2927 654 2952 esse.
680 2918 830 2961 postero
857 2917 1045 2962 tempore,
1072 2927 1156 2951 cum
1182 2927 1248 2951 ara
1272 2917 1531 2960 renovaretur,
1556 2916 1690 2962 repeti-

155 2963 236 2997 tum
263 2963 320 2998 est
345 2974 506 3008 carmen,
532 2963 597 2999 sed
622 2964 770 3008 πρῶτος
794 2964 832 2999 in
859 2964 982 3000 locum
1008 2963 1110 2999 vocis
1137 2960 1264 3011 βωμὸν
1291 2962 1546 3001 substitutum.
