1890 3216
808 182 1071 220 THEOGNIS.
1624 181 1711 222 223

274 291 489 352 Ὄρνιθος
520 290 702 350 φωνήν,
734 293 1026 348 Πολυπαΐδη,
1059 288 1140 344 ὀξὺ
1172 288 1348 347 βοώσης

346 362 522 422 ἥκουσ’,
554 362 630 421 ἥτε
661 367 840 423 βροτοῖς
872 361 1060 420 ἅγγελος
1090 357 1197 420 ἦλθ’
1233 360 1402 420 ἀρότου

288 434 477 494 ὡραίαν
509 440 588 481 καί
616 454 691 494 μοι
722 439 915 495 κραδίην
948 434 1132 489 ἐπάταξε
1164 434 1401 493 μέλαιναν,

168 521 260 554 1200
347 506 440 554 ὅττι
472 526 549 566 μοι
581 507 794 561 εὐανθεῖς
824 506 951 553 ἄλλοι
986 510 1167 565 ἔχουσιν
1197 504 1387 565 ἀγρούς,

288 578 400 626 οὐδέ
428 598 503 638 μοι
535 578 717 638 ἡμίονοι
748 578 927 638 κύφων’
963 580 1172 624 ἕλκουσιν
1207 577 1426 638 ἀρότρου,

346 654 423 710 τῆς
455 650 592 709 ἄλλης
624 653 823 709 μνηστῆς
853 652 1000 695 εἵνεκα
1031 653 1284 707 ναυτιλίης,

289 758 384 805 Οὐκ
415 757 520 817 εἶμ’,
553 757 654 805 οὐδ’
689 756 765 804 ὑπ’
802 759 914 816 ἐμοῦ
944 757 1223 815 κεκλήσεται,
1257 756 1356 803 οὐδ’
1393 757 1463 803 ἐπὶ
1494 756 1646 818 τύμβῳ

349 829 590 889 οἰμωχθεὶς
620 828 708 875 ὑπὸ
740 832 828 887 γῆν
860 827 948 875 εἶσι
978 828 1202 888 τύραννος
1233 827 1363 887 ἀνήρ.

171 915 263 948 1205
290 899 390 948 οὐδ’
425 898 484 947 ἂν
516 904 685 955 ἐκεῖνος
716 902 827 959 ἐμοῦ
858 899 1104 958 τεθνηότος
1134 898 1231 945 οὔτ’
1266 899 1455 962 ἀνιῷτο,

348 972 452 1019 οὔτε
481 973 592 1018 κατὰ
625 972 868 1031 βλεφάρων
900 971 1075 1031 δάκρυα
1106 970 1255 1030 θερμὰ
1286 971 1430 1030 βάλοι.

290 1079 407 1126 Οῦτε
438 1094 488 1126 σε
518 1080 738 1139 κωμάζειν
770 1077 1052 1139 ἄπερύκομεν
1085 1078 1190 1125 οὔτε
1220 1082 1463 1137 καλοῦμεν·

347 1150 568 1212 ἁρπαλέος
599 1151 800 1212 παρεών,
831 1152 906 1197 καὶ
938 1155 1091 1210 φίλος,
1123 1146 1216 1197 εὖτ’
1252 1149 1311 1196 ἂν
1342 1149 1468 1211 ἀπῆς.

288 1279 451 1319 Αἴθων
483 1273 566 1331 μὲν
596 1274 726 1330 γένος
757 1275 868 1330 εἰμι’,
901 1271 1035 1317 πόλιν
1068 1271 1113 1316 δ’
1150 1270 1346 1330 εὐτείχεα
1378 1271 1535 1330 Θήβην

171 1359 262 1391 1210
349 1348 480 1404 οἰκῶ,
512 1344 718 1407 πατρῴας
750 1347 831 1402 γῆς
862 1342 1206 1403 ἀπερυκόμενος.
1644 1358 1714 1390 558

168 1491 297 1536 ορκον,
319 1479 350 1514 A
371 1490 558 1534 επιορκος.
578 1497 624 1503 —
650 1473 814 1512 ἀνυστὸν
835 1476 1043 1534 Emperius,
1069 1476 1267 1522 legebatur
1286 1472 1461 1512 ἀνεκτόν.
1483 1497 1526 1502 -
1548 1476 1590 1511 V.
1610 1480 1712 1512 1196.

169 1524 334 1572 ’‘mmm“
361 1525 381 1560 f
381 1523 555 1595 ’‘²²⁵²‘’3‘
569 1545 629 1598 Ξ
649 1524 708 1608 5
723 1527 841 1608 ιὲᾎῗῖῗ
852 1521 1024 1607 ..2‘32‘2‘322-
1036 1523 1239 1607 0313350‘1333
1255 1524 1580 1609 233333233‘13335.
1592 1525 1715 1630 3333

170 1570 618 1680 ήῗίοῗοιαρὲἷρᾜμιόνος,
651 1621 684 1656 A
714 1616 871 1679 ἡνίοχοι.
906 1640 950 1646 -
989 1585 1140 1664 κῦφων’
1170 1647 1209 1656 ..
1232 1647 1239 1654 .
1266 1585 1448 1678 deduco&
1485 1619 1551 1656 AO
1587 1617 1714 1666 κυφὸν

207 1698 216 1706 .
245 1698 251 1705 .
278 1682 452 1715 αροτρον.
488 1689 533 1695 -
571 1667 738 1713 ελκουσι,
775 1663 924 1703 gzuovo'
953 1667 999 1703 el.
1037 1687 1080 1694 —·
1118 1667 1162 1702 V.
1193 1671 1294 1705 1202.
1328 1664 1458 1714 ἄλλης,
1492 1666 1634 1713 Ιαλης.
1669 1689 1714 1694 -—

170 1698 350 1764 μνηστῆς,
377 1716 551 1774 μνησθῆς
576 1727 605 1751 c.
632 1715 809 1751 Welcker
833 1715 901 1760 τῆς
925 1712 1166 1773 ἀειμνηστῇς,
1192 1715 1383 1751 Hermann
1407 1716 1475 1761 τῆς
1499 1719 1714 1774 πουλυμνη-

171 1765 259 1822 στῆς
275 1765 338 1801 vel
357 1765 425 1809 τῆς
442 1761 542 1810 ἄμῆς
561 1764 736 1822 μνηστῆς,
763 1763 970 1809 Hertzberg
984 1764 1051 1808 τῆς
1070 1761 1170 1809 μάλα
1191 1764 1358 1809 μισητῆς,
1383 1765 1529 1799 Ahrens
1549 1764 1616 1822 τῆς
1641 1761 1712 1810 ἅμ’

170 1808 1716 1918 amm..235325525223323‘31‘32.3123⁰0¹3¹²055332512225220222225‘5‘5.

169 1907 231 1943 vel
257 1906 342 1944 αἰὲν
368 1905 532 1953 ἄλάστης
556 1904 681 1952 τῆσδ’,
691 1906 1037 1964 ipsi-probabilia,=
1055 1906 1149 1962 mihi
1174 1907 1286 1953 plane
1312 1908 1561 1953 improbanda
1585 1907 1714 1943 viden·

124 2000 129 2006 “
170 2004 327 2047 incerta,
347 2014 390 2039 ac
405 2003 564 2039 fortasse
577 2003 649 2038 hoc
663 2002 851 2038 distichon
871 2014 894 2038 a
913 2001 1067 2047 reliquis
1081 2002 1370 2049 disiungendum
1386 2005 1451 2039 est.
1469 2024 1512 2030 —
1529 2004 1658 2039 εἵνεκα
1670 2004 1712 2039 Α.

171 2071 216 2077 —-
244 2051 286 2087 V.
316 2055 419 2087 1203.
454 2048 675 2108 κεκλήσεται
699 2050 816 2096 (quod
840 2050 916 2085 iam
943 2048 1177 2086 Camerarius
1203 2053 1428 2095 correxerat)
1454 2050 1507 2096 A,
1541 2048 1711 2096 κικλήσε-

171 2112 234 2134 ται
248 2098 499 2157 Obcdfghmn‚
511 2096 769 2156 κεκλαύσεται
782 2097 942 2133 Brunck.
989 2098 1070 2145 Ego
1090 2097 1294 2144 aliquando
1314 2080 1529 2157 suspicatu's
1546 2111 1628 2134 sum
1647 2111 1714 2145 pro

173 2143 242 2182 οῦκ
280 2143 356 2192 εἶμ’
399 2146 445 2192 (Ο
478 2142 548 2182 οὐκ
581 2142 674 2192 εἴμ’)
713 2145 951 2182 scribendum
988 2156 1070 2182 esse
1103 2145 1349 2192 Θουκλέες,
1387 2143 1474 2182 οὐδ’
1511 2143 1578 2182 ὑπ’
1620 2144 1714 2192 ἐμοῦ

172 2194 427 2240 κληΐζεται,
459 2205 580 2248 neque
605 2205 695 2230 vero
721 2194 771 2230 ad
796 2193 1000 2230 Theoclem
1025 2193 1278 2230 Eretriensem
1303 2175 1450 2239 rettuli,
1477 2195 1542 2240 qui
1567 2195 1715 2230 Naxum

174 2242 212 2278 in
239 2241 371 2278 Sicilia
395 2241 580 2286 condidit,
614 2253 724 2287 quem
753 2241 1015 2277 Schneidewin
1038 2241 1078 2276 in
1103 2242 1239 2278 Philol.
1265 2242 1283 2277 I
1308 2246 1377 2278 363
1404 2242 1478 2277 levi
1503 2241 1564 2278 vel
1590 2243 1715 2288 potius

171 2289 276 2326 nullo
302 2301 391 2325 usus
419 2291 642 2336 argumento
668 2289 717 2325 ab
741 2289 969 2325 Archilocho
995 2291 1242 2325 memoratum
1268 2301 1348 2326 esse
1374 2290 1589 2326 arbitratur.
1641 2290 1716 2326 Sed

173 2337 488 2382 acquiescendum
512 2337 551 2372 in
577 2337 718 2373 tradita
742 2336 943 2394 scriptura·
975 2339 1089 2389 poeta
1114 2338 1266 2383 asserit,
1299 2349 1338 2373 se
1363 2338 1516 2395 tyranni
1541 2338 1715 2374 convictu

173 2385 231 2421 uti
261 2385 380 2430 nolle,
419 2384 721 2430 breviloquentia
756 2397 845 2420 usus
877 2381 946 2420 οῦκ
979 2382 1080 2442 εἶμι
1090 2385 1114 2420 1.
1143 2396 1174 2421 e.
1206 2385 1363 2443 κληθεὶς
1400 2383 1473 2421 ὑπὸ
1514 2399 1712 2430 τυραννου

173 2414 392 2469 Heimsoeth
418 2432 699 2469 commendavit
723 2429 793 2469 οὐκ
821 2431 988 2478 ἔμπνους
1012 2428 1080 2468 ὑπ’
1103 2429 1196 2479 ἐμοῦ
1222 2431 1453 2478 κεκλήσεται.
1477 2454 1520 2459 -
1547 2433 1592 2470 V.
1610 2437 1712 2469 1204

112 2493 116 2498 ·
173 2477 248 2516 ὑπὸ
267 2479 302 2515 Α
326 2480 388 2516 hic
412 2492 561 2526 quoque
582 2479 787 2516 Camerarii
815 2480 1084 2516 correctionem
1108 2481 1279 2525 firmans,
1306 2470 1369 2518 ἐπὶ
1390 2482 1456 2517 rel.
1477 2502 1523 2507 —
1535 2481 1593 2539 Ην
1611 2485 1713 2516 1205.

173 2526 392 2574 τεθνηότος,
417 2527 482 2564 AO
509 2526 741 2574 τεθνειότος,
773 2525 1066 2585 ἕτεθνηκότος,
1100 2528 1135 2563 el
1161 2530 1397 2570 τεθνειῶτος.
1428 2550 1469 2554 -
1506 2525 1605 2573 οὔτ’,
1631 2542 1714 2564 ουτι

173 2575 304 2612 bdfhn.
326 2597 371 2603 —
401 2575 442 2611 V.
466 2579 567 2612 1206.
592 2557 741 2621 δάκρυα
759 2573 888 2621 θερμα
911 2573 1020 2623 βάλοι
1037 2576 1198 2634 Pasmw,
1219 2589 1252 2612 v.
1273 2574 1400 2622 θερμα
1424 2573 1531 2624 βαλοι
1552 2574 1714 2621 δάκρυα,

176 2644 224 2650 —-—
248 2624 293 2660 V.
322 2627 424 2660 1207.
451 2620 694 2683 ἄπερύκομεν
722 2651 729 2658 .
752 2651 759 2659 .
781 2652 788 2660 .
816 2626 1007 2680 καλοῦμεν
1035 2622 1079 2667 Α,
1106 2620 1347 2682 απερῦκομαι
1374 2653 1380 2660 .
1403 2653 1410 2661 .
1434 2652 1441 2659 .
1468 2625 1656 2670 καλοῦμαι
1683 2627 1714 2660 *.

112 2671 147 2695 2‘
180 2693 218 2697 —
250 2671 292 2706 V.
321 2675 423 2707 1208.
450 2668 642 2729 ἁρπαλέος
667 2671 813 2717 scripsi,
842 2671 953 2716 vulgo
979 2651 1181 2717 ἀργαλέος,
1207 2684 1232 2718 g
1258 2669 1462 2718 ἄργαλέως.
1488 2692 1534 2698 —-
1560 2670 1714 2717 παρεών

178 2718 424 2778 Camerarius,
450 2712 538 2755 libri
562 2732 634 2765 γαρ
661 2719 707 2765 (O
727 2719 813 2765 γαρ)
837 2716 921 2754 ἐὼν
949 2739 993 2744 -
1021 2719 1062 2754 V
1087 2723 1190 2756 1209.
1216 2720 1365 2755 Hecker
1391 2719 1485 2754 coni.
1510 2716 1715 2755 Ἀλκαθόου

177 2764 286 2811 γένος
311 2766 404 2812 εἰμι’,
438 2766 634 2813 Emperius
660 2768 786 2823 Αἵμων
813 2779 900 2824 μεν,
926 2766 1118 2821 Hartung‚
1145 2766 1211 2812 qui
1235 2767 1307 2803 hoc
1332 2767 1522 2802 distichon
1547 2778 1631 2802 cum
1658 2779 1716 2803 se-

178 2814 377 2860 quentibus
403 2814 612 2860 copulavit,
637 2811 813 2850 Αἰολικὸν
838 2812 950 2859 γένος
975 2813 1132 2860 scripsit.
1170 2815 1303 2859 Poeta,
1331 2814 1436 2850 cuius
1461 2814 1501 2850 hi
1521 2816 1607 2850 sunt
1632 2827 1714 2851 ver—

177 2873 256 2907 sus,
293 2827 472 2898 fortassep
484 2862 638 2898 Euboea.
670 2861 743 2898 fuit
773 2861 968 2906 oriundus,
1006 2862 1045 2897 in
1079 2873 1155 2907 qua
1190 2862 1314 2897 insula
1344 2861 1500 2898 Nonnus
1532 2862 1620 2898 XIII
1640 2867 1716 2898 164

179 2905 341 2968 ωγυγίης
365 2908 483 2946 πέδον
508 2903 583 2946 Αἰῖθ
585 2923 628 2956 ης
659 2911 838 2946 recenset.
889 2889 1010 2945 Ant’ea
1040 2909 1252 2955 suspicatus
1284 2920 1387 2946 eram
1412 2909 1543 2946 Αἰθῶν
1571 2910 1631 2947 vel
1655 2910 1716 2947 Αἰ-

178 2955 284 2992 θὲων
316 2957 552 2993 scribendum
584 2968 682 3002 esse,
720 2957 883 2992 referens
917 2957 963 2992 ad
997 2957 1166 3003 azonam,
1205 2958 1270 3003 qui
1302 2958 1485 3004 Tegeates
1522 2957 1614 3003 fuit,
1651 2959 1715 2994 sed
