<?xml version="1.0" encoding="UTF-8"?>
<!DOCTYPE html PUBLIC "-//W3C//DTD XHTML 1.0 Transitional//EN"
    "http://www.w3.org/TR/xhtml1/DTD/xhtml1-transitional.dtd">
<html xmlns="http://www.w3.org/1999/xhtml" xml:lang="en" lang="en">
 <head>
  <title>
</title>
<meta http-equiv="Content-Type" content="text/html;charset=utf-8" />
  <meta name='ocr-system' content='tesseract 3.04.00' />
  <meta name='ocr-capabilities' content='ocr_page ocr_carea ocr_par ocr_line ocrx_word'/>
</head>
<body>
  <div class='ocr_page' id='page_1' title='image "./poetaelyricigrae02berguoft_0353.png"; bbox 0 0 1890 3216; ppageno 0'>
   <div class='ocr_carea' id='block_1_1' title="bbox 771 192 1712 236">
    <p class='ocr_par' dir='ltr' id='par_1_1' title="bbox 771 192 1712 236">
     <span class='ocr_line' id='line_1_1' title="bbox 771 192 1712 236; baseline 0.006 -7"><span class='ocrx_word' id='word_1_1' title='bbox 771 192 1116 230; x_wconf 80' lang='lat' dir='ltr'>ARlSTOTELES.</span> <span class='ocrx_word' id='word_1_2' title='bbox 1624 192 1712 236; x_wconf 87' lang='lat'>343</span> 
     </span>
    </p>
   </div>
   <div class='ocr_carea' id='block_1_2' title="bbox 165 306 1714 1876">
    <p class='ocr_par' dir='ltr' id='par_1_2' title="bbox 173 306 1714 611">
     <span class='ocr_line' id='line_1_2' title="bbox 294 306 1713 359; baseline 0.001 -14"><span class='ocrx_word' id='word_1_3' title='bbox 294 307 347 346; x_wconf 88' lang='lat' dir='ltr'>Et</span> <span class='ocrx_word' id='word_1_4' title='bbox 377 307 468 347; x_wconf 92' lang='lat' dir='ltr'>hinc</span> <span class='ocrx_word' id='word_1_5' title='bbox 500 308 579 346; x_wconf 87' lang='lat' dir='ltr'>iam</span> <span class='ocrx_word' id='word_1_6' title='bbox 606 306 876 358; x_wconf 85' lang='lat' dir='ltr'>intellegitur,</span> <span class='ocrx_word' id='word_1_7' title='bbox 909 307 977 358; x_wconf 89' lang='lat' dir='ltr'>qui</span> <span class='ocrx_word' id='word_1_8' title='bbox 1009 307 1063 346; x_wconf 89' lang='lat' dir='ltr'>sit</span> <span class='ocrx_word' id='word_1_9' title='bbox 1088 307 1256 357; x_wconf 87' lang='lat' dir='ltr'>factum,</span> <span class='ocrx_word' id='word_1_10' title='bbox 1290 309 1335 347; x_wconf 91' lang='lat' dir='ltr'>ut</span> <span class='ocrx_word' id='word_1_11' title='bbox 1362 307 1611 359; x_wconf 80' lang='lat' dir='ltr'><strong>Asclepiadis</strong></span> <span class='ocrx_word' id='word_1_12' title='bbox 1643 309 1713 348; x_wconf 87' lang='lat' dir='ltr'>ali-</span> 
     </span>
     <span class='ocr_line' id='line_1_3' title="bbox 173 372 1714 425; baseline 0.001 -13"><span class='ocrx_word' id='word_1_13' title='bbox 173 373 279 425; x_wconf 83' lang='lat' dir='ltr'>quod</span> <span class='ocrx_word' id='word_1_14' title='bbox 312 373 562 424; x_wconf 80' lang='lat' dir='ltr'>epigramma</span> <span class='ocrx_word' id='word_1_15' title='bbox 594 373 700 413; x_wconf 89' lang='lat' dir='ltr'>inter</span> <span class='ocrx_word' id='word_1_16' title='bbox 726 373 964 413; x_wconf 87' lang='lat' dir='ltr'>Aristotelia</span> <span class='ocrx_word' id='word_1_17' title='bbox 989 372 1252 423; x_wconf 72' lang='lat' dir='ltr'>reciperetur,</span> <span class='ocrx_word' id='word_1_18' title='bbox 1285 373 1363 413; x_wconf 92' lang='lat' dir='ltr'>vid.</span> <span class='ocrx_word' id='word_1_19' title='bbox 1390 374 1461 424; x_wconf 85' lang='lat' dir='ltr'>Ep.</span> <span class='ocrx_word' id='word_1_20' title='bbox 1484 377 1522 414; x_wconf 89' lang='grc'>7.</span> <span class='ocrx_word' id='word_1_21' title='bbox 1560 374 1614 413; x_wconf 87' lang='lat' dir='ltr'>Et</span> <span class='ocrx_word' id='word_1_22' title='bbox 1640 374 1714 414; x_wconf 92' lang='lat' dir='ltr'>hoc</span> 
     </span>
     <span class='ocr_line' id='line_1_4' title="bbox 174 438 1713 491; baseline 0.001 -13"><span class='ocrx_word' id='word_1_23' title='bbox 174 438 334 490; x_wconf 89' lang='lat' dir='ltr'>quidem</span> <span class='ocrx_word' id='word_1_24' title='bbox 365 452 389 478; x_wconf 91' lang='lat' dir='ltr'>a</span> <span class='ocrx_word' id='word_1_25' title='bbox 419 440 581 491; x_wconf 88' lang='lat' dir='ltr'>ceteris,</span> <span class='ocrx_word' id='word_1_26' title='bbox 614 442 717 490; x_wconf 85' lang='lat' dir='ltr'>quae</span> <span class='ocrx_word' id='word_1_27' title='bbox 743 439 953 479; x_wconf 77' lang='lat' dir='ltr'>Aristoteli</span> <span class='ocrx_word' id='word_1_28' title='bbox 984 438 1238 488; x_wconf 88' lang='lat' dir='ltr'>tribuuntur,</span> <span class='ocrx_word' id='word_1_29' title='bbox 1270 440 1429 479; x_wconf 87' lang='lat' dir='ltr'>tantum</span> <span class='ocrx_word' id='word_1_30' title='bbox 1455 439 1635 490; x_wconf 81' lang='lat' dir='ltr'>dissidet,</span> <span class='ocrx_word' id='word_1_31' title='bbox 1667 444 1713 480; x_wconf 90' lang='lat' dir='ltr'>ut</span> 
     </span>
     <span class='ocr_line' id='line_1_5' title="bbox 173 504 1712 556; baseline 0.001 -12"><span class='ocrx_word' id='word_1_32' title='bbox 173 504 330 544; x_wconf 85' lang='lat' dir='ltr'>etiamsi</span> <span class='ocrx_word' id='word_1_33' title='bbox 356 518 435 545; x_wconf 91' lang='lat' dir='ltr'>non</span> <span class='ocrx_word' id='word_1_34' title='bbox 460 505 622 545; x_wconf 83' lang='lat' dir='ltr'>aliunde</span> <span class='ocrx_word' id='word_1_35' title='bbox 648 505 697 545; x_wconf 89' lang='lat' dir='ltr'>de</span> <span class='ocrx_word' id='word_1_36' title='bbox 719 507 882 546; x_wconf 86' lang='lat' dir='ltr'>auctore</span> <span class='ocrx_word' id='word_1_37' title='bbox 908 505 1027 544; x_wconf 90' lang='lat' dir='ltr'>huius</span> <span class='ocrx_word' id='word_1_38' title='bbox 1054 504 1355 556; x_wconf 82' lang='lat' dir='ltr'>epigrammatis</span> <span class='ocrx_word' id='word_1_39' title='bbox 1382 507 1596 556; x_wconf 89' lang='lat' dir='ltr'>constaret,</span> <span class='ocrx_word' id='word_1_40' title='bbox 1623 505 1712 545; x_wconf 87' lang='lat' dir='ltr'>Ari-</span> 
     </span>
     <span class='ocr_line' id='line_1_6' title="bbox 173 571 798 611; baseline 0.002 -1"><span class='ocrx_word' id='word_1_41' title='bbox 173 571 309 610; x_wconf 85' lang='lat' dir='ltr'>stoteli</span> <span class='ocrx_word' id='word_1_42' title='bbox 341 571 650 611; x_wconf 85' lang='lat' dir='ltr'>abiudicandum</span> <span class='ocrx_word' id='word_1_43' title='bbox 682 574 798 611; x_wconf 86' lang='lat' dir='ltr'>esset.</span> 
     </span>
    </p>

    <p class='ocr_par' dir='ltr' id='par_1_3' title="bbox 165 637 1713 1876">
     <span class='ocr_line' id='line_1_7' title="bbox 290 637 1713 689; baseline 0.002 -13"><span class='ocrx_word' id='word_1_44' title='bbox 290 637 355 676; x_wconf 90' lang='lat' dir='ltr'>Ad</span> <span class='ocrx_word' id='word_1_45' title='bbox 387 638 460 677; x_wconf 89' lang='lat' dir='ltr'>hoc</span> <span class='ocrx_word' id='word_1_46' title='bbox 487 639 711 689; x_wconf 86' lang='lat' dir='ltr'>exemplum</span> <span class='ocrx_word' id='word_1_47' title='bbox 742 639 887 689; x_wconf 87' lang='lat' dir='ltr'>postea</span> <span class='ocrx_word' id='word_1_48' title='bbox 911 637 1027 688; x_wconf 89' lang='lat' dir='ltr'>Pepli</span> <span class='ocrx_word' id='word_1_49' title='bbox 1052 639 1193 676; x_wconf 81' lang='lat' dir='ltr'>auctor</span> <span class='ocrx_word' id='word_1_50' title='bbox 1218 637 1395 676; x_wconf 84' lang='lat' dir='ltr'>condidit</span> <span class='ocrx_word' id='word_1_51' title='bbox 1419 638 1713 689; x_wconf 83' lang='lat' dir='ltr'>epigrammata</span> 
     </span>
     <span class='ocr_line' id='line_1_8' title="bbox 171 701 1709 755; baseline 0.002 -13"><span class='ocrx_word' id='word_1_52' title='bbox 171 701 214 741; x_wconf 83' lang='lat' dir='ltr'>in</span> <span class='ocrx_word' id='word_1_53' title='bbox 238 702 391 755; x_wconf 88' lang='lat' dir='ltr'>heroes,</span> <span class='ocrx_word' id='word_1_54' title='bbox 427 704 495 755; x_wconf 90' lang='lat' dir='ltr'>qui</span> <span class='ocrx_word' id='word_1_55' title='bbox 527 704 648 744; x_wconf 88' lang='lat' dir='ltr'>Iliaco</span> <span class='ocrx_word' id='word_1_56' title='bbox 680 704 787 744; x_wconf 88' lang='lat' dir='ltr'>bello</span> <span class='ocrx_word' id='word_1_57' title='bbox 819 704 1106 751; x_wconf 83' lang='lat' dir='ltr'>inclaruerunt,</span> <span class='ocrx_word' id='word_1_58' title='bbox 1138 705 1221 742; x_wconf 83' lang='lat' dir='ltr'>tam</span> <span class='ocrx_word' id='word_1_59' title='bbox 1256 703 1431 744; x_wconf 88' lang='lat' dir='ltr'>Graecos</span> <span class='ocrx_word' id='word_1_60' title='bbox 1463 717 1585 755; x_wconf 89' lang='lat' dir='ltr'>quam</span> <span class='ocrx_word' id='word_1_61' title='bbox 1611 705 1709 745; x_wconf 83' lang='lat' dir='ltr'>Tro-</span> 
     </span>
     <span class='ocr_line' id='line_1_9' title="bbox 171 765 1711 823; baseline 0.003 -16"><span class='ocrx_word' id='word_1_62' title='bbox 171 765 352 823; x_wconf 76' lang='lat' dir='ltr'>ianos*),</span> <span class='ocrx_word' id='word_1_63' title='bbox 384 769 490 809; x_wconf 91' lang='lat' dir='ltr'>idem</span> <span class='ocrx_word' id='word_1_64' title='bbox 522 783 617 810; x_wconf 89' lang='lat' dir='ltr'>vero</span> <span class='ocrx_word' id='word_1_65' title='bbox 650 771 770 810; x_wconf 89' lang='lat' dir='ltr'>etiam</span> <span class='ocrx_word' id='word_1_66' title='bbox 798 770 970 809; x_wconf 89' lang='lat' dir='ltr'>aliorum</span> <span class='ocrx_word' id='word_1_67' title='bbox 996 769 1163 808; x_wconf 89' lang='lat' dir='ltr'>heroum</span> <span class='ocrx_word' id='word_1_68' title='bbox 1190 769 1424 808; x_wconf 86' lang='lat' dir='ltr'>memoriam</span> <span class='ocrx_word' id='word_1_69' title='bbox 1449 770 1600 820; x_wconf 86' lang='lat' dir='ltr'>passim</span> <span class='ocrx_word' id='word_1_70' title='bbox 1625 784 1711 811; x_wconf 89' lang='lat' dir='ltr'>ver-</span> 
     </span>
     <span class='ocr_line' id='line_1_10' title="bbox 170 833 1711 886; baseline 0.003 -13"><span class='ocrx_word' id='word_1_71' title='bbox 170 833 280 874; x_wconf 88' lang='lat' dir='ltr'>sibus</span> <span class='ocrx_word' id='word_1_72' title='bbox 300 835 527 877; x_wconf 85' lang='lat' dir='ltr'>illustrasse</span> <span class='ocrx_word' id='word_1_73' title='bbox 542 837 713 886; x_wconf 87' lang='lat' dir='ltr'>videtur,</span> <span class='ocrx_word' id='word_1_74' title='bbox 728 836 819 876; x_wconf 89' lang='lat' dir='ltr'>inde</span> <span class='ocrx_word' id='word_1_75' title='bbox 833 836 965 875; x_wconf 86' lang='lat' dir='ltr'>Iliacis</span> <span class='ocrx_word' id='word_1_76' title='bbox 979 835 1195 886; x_wconf 85' lang='lat' dir='ltr'>epitaphiis</span> <span class='ocrx_word' id='word_1_77' title='bbox 1209 835 1402 875; x_wconf 90' lang='lat' dir='ltr'>nonnulla</span> <span class='ocrx_word' id='word_1_78' title='bbox 1420 837 1552 876; x_wconf 85' lang='lat' dir='ltr'>aliena</span> <span class='ocrx_word' id='word_1_79' title='bbox 1571 837 1711 878; x_wconf 86' lang='lat' dir='ltr'>addita</span> 
     </span>
     <span class='ocr_line' id='line_1_11' title="bbox 172 900 1711 951; baseline 0.003 -12"><span class='ocrx_word' id='word_1_80' title='bbox 172 902 283 949; x_wconf 89' lang='lat' dir='ltr'>sunt,</span> <span class='ocrx_word' id='word_1_81' title='bbox 316 901 429 941; x_wconf 87' lang='lat' dir='ltr'>velut</span> <span class='ocrx_word' id='word_1_82' title='bbox 460 903 663 941; x_wconf 84' lang='lat'>41-44.</span> <span class='ocrx_word' id='word_1_83' title='bbox 696 903 772 946; x_wconf 85' lang='lat'>48,</span> <span class='ocrx_word' id='word_1_84' title='bbox 804 902 994 942; x_wconf 89' lang='lat' dir='ltr'>heroibus</span> <span class='ocrx_word' id='word_1_85' title='bbox 1026 900 1176 951; x_wconf 87' lang='lat' dir='ltr'>dicata,</span> <span class='ocrx_word' id='word_1_86' title='bbox 1209 914 1379 951; x_wconf 90' lang='lat' dir='ltr'>quorum</span> <span class='ocrx_word' id='word_1_87' title='bbox 1412 903 1606 942; x_wconf 90' lang='lat' dir='ltr'>memoria</span> <span class='ocrx_word' id='word_1_88' title='bbox 1631 916 1711 943; x_wconf 91' lang='lat' dir='ltr'>non</span> 
     </span>
     <span class='ocr_line' id='line_1_12' title="bbox 170 965 1710 1018; baseline 0.003 -14"><span class='ocrx_word' id='word_1_89' title='bbox 170 966 347 1016; x_wconf 87' lang='lat' dir='ltr'>pertinet</span> <span class='ocrx_word' id='word_1_90' title='bbox 384 967 436 1006; x_wconf 86' lang='lat' dir='ltr'>ad</span> <span class='ocrx_word' id='word_1_91' title='bbox 473 967 623 1007; x_wconf 89' lang='lat' dir='ltr'>bellum</span> <span class='ocrx_word' id='word_1_92' title='bbox 644 968 898 1016; x_wconf 79' lang='lat' dir='ltr'>‘Troianum‚</span> <span class='ocrx_word' id='word_1_93' title='bbox 937 978 1040 1017; x_wconf 86' lang='lat' dir='ltr'>quae</span> <span class='ocrx_word' id='word_1_94' title='bbox 1078 965 1239 1016; x_wconf 89' lang='lat' dir='ltr'>quidem</span> <span class='ocrx_word' id='word_1_95' title='bbox 1271 967 1522 1018; x_wconf 84' lang='lat' dir='ltr'>Porphyrius</span> <span class='ocrx_word' id='word_1_96' title='bbox 1559 969 1602 1007; x_wconf 92' lang='lat' dir='ltr'>in</span> <span class='ocrx_word' id='word_1_97' title='bbox 1632 969 1710 1009; x_wconf 89' lang='lat' dir='ltr'>fine</span> 
     </span>
     <span class='ocr_line' id='line_1_13' title="bbox 169 1028 1710 1085; baseline 0.003 -15"><span class='ocrx_word' id='word_1_98' title='bbox 169 1031 379 1083; x_wconf 77' lang='lat' dir='ltr'>utriusque</span> <span class='ocrx_word' id='word_1_99' title='bbox 400 1033 574 1083; x_wconf 83' lang='lat' dir='ltr'>catalogi</span> <span class='ocrx_word' id='word_1_100' title='bbox 596 1033 776 1072; x_wconf 87' lang='lat' dir='ltr'>subiecit.</span> <span class='ocrx_word' id='word_1_101' title='bbox 786 1028 853 1084; x_wconf 74' lang='lat'>**)</span> <span class='ocrx_word' id='word_1_102' title='bbox 881 1031 994 1078; x_wconf 86' lang='lat' dir='ltr'>Quod</span> <span class='ocrx_word' id='word_1_103' title='bbox 1013 1032 1118 1071; x_wconf 87' lang='lat' dir='ltr'>Rose</span> <span class='ocrx_word' id='word_1_104' title='bbox 1139 1032 1357 1082; x_wconf 80' lang='lat' dir='ltr'>contendit,</span> <span class='ocrx_word' id='word_1_105' title='bbox 1377 1035 1583 1074; x_wconf 84' lang='lat' dir='ltr'>auctorem</span> <span class='ocrx_word' id='word_1_106' title='bbox 1603 1035 1710 1085; x_wconf 89' lang='lat' dir='ltr'>pepli</span> 
     </span>
     <span class='ocr_line' id='line_1_14' title="bbox 170 1096 1710 1150; baseline 0.003 -15"><span class='ocrx_word' id='word_1_107' title='bbox 170 1096 266 1136; x_wconf 85' lang='lat' dir='ltr'>haec</span> <span class='ocrx_word' id='word_1_108' title='bbox 290 1100 477 1147; x_wconf 86' lang='lat' dir='ltr'>poemata</span> <span class='ocrx_word' id='word_1_109' title='bbox 503 1098 706 1138; x_wconf 89' lang='lat' dir='ltr'>variorum</span> <span class='ocrx_word' id='word_1_110' title='bbox 731 1099 941 1148; x_wconf 87' lang='lat' dir='ltr'>poetarum</span> <span class='ocrx_word' id='word_1_111' title='bbox 969 1110 1091 1148; x_wconf 87' lang='lat' dir='ltr'>opera</span> <span class='ocrx_word' id='word_1_112' title='bbox 1115 1097 1209 1137; x_wconf 87' lang='lat' dir='ltr'>ficta</span> <span class='ocrx_word' id='word_1_113' title='bbox 1236 1098 1410 1149; x_wconf 89' lang='lat' dir='ltr'>undique</span> <span class='ocrx_word' id='word_1_114' title='bbox 1436 1099 1648 1150; x_wconf 84' lang='lat' dir='ltr'>collegisse</span> <span class='ocrx_word' id='word_1_115' title='bbox 1669 1103 1710 1139; x_wconf 88' lang='lat' dir='ltr'>et</span> 
     </span>
     <span class='ocr_line' id='line_1_15' title="bbox 169 1153 1709 1216; baseline 0.002 -14"><span class='ocrx_word' id='word_1_116' title='bbox 169 1162 280 1213; x_wconf 90' lang='lat' dir='ltr'>operi</span> <span class='ocrx_word' id='word_1_117' title='bbox 301 1175 372 1202; x_wconf 87' lang='lat' dir='ltr'>suo</span> <span class='ocrx_word' id='word_1_118' title='bbox 392 1162 621 1215; x_wconf 87' lang='lat' dir='ltr'>inseruisse,</span> <span class='ocrx_word' id='word_1_119' title='bbox 641 1177 720 1204; x_wconf 93' lang='lat' dir='ltr'>non</span> <span class='ocrx_word' id='word_1_120' title='bbox 741 1153 803 1203; x_wconf 88' lang='lat' dir='ltr'>est</span> <span class='ocrx_word' id='word_1_121' title='bbox 820 1163 1088 1215; x_wconf 89' lang='lat' dir='ltr'>probandum:</span> <span class='ocrx_word' id='word_1_122' title='bbox 1115 1176 1210 1203; x_wconf 89' lang='lat' dir='ltr'>sane</span> <span class='ocrx_word' id='word_1_123' title='bbox 1230 1165 1530 1216; x_wconf 84' lang='lat' dir='ltr'>peplographus</span> <span class='ocrx_word' id='word_1_124' title='bbox 1558 1167 1709 1216; x_wconf 86' lang='lat' dir='ltr'>passim</span> 
     </span>
     <span class='ocr_line' id='line_1_16' title="bbox 167 1229 1709 1283; baseline 0.003 -17"><span class='ocrx_word' id='word_1_125' title='bbox 167 1240 247 1267; x_wconf 88' lang='lat' dir='ltr'>non</span> <span class='ocrx_word' id='word_1_126' title='bbox 278 1229 407 1269; x_wconf 88' lang='lat' dir='ltr'>solum</span> <span class='ocrx_word' id='word_1_127' title='bbox 434 1229 662 1280; x_wconf 85' lang='lat' dir='ltr'>antiquiora</span> <span class='ocrx_word' id='word_1_128' title='bbox 687 1229 864 1269; x_wconf 89' lang='lat' dir='ltr'>carmina</span> <span class='ocrx_word' id='word_1_129' title='bbox 889 1229 1072 1268; x_wconf 87' lang='lat' dir='ltr'>imitatus</span> <span class='ocrx_word' id='word_1_130' title='bbox 1099 1231 1178 1279; x_wconf 85' lang='lat' dir='ltr'>est,</span> <span class='ocrx_word' id='word_1_131' title='bbox 1211 1230 1324 1269; x_wconf 90' lang='lat' dir='ltr'>velut</span> <span class='ocrx_word' id='word_1_132' title='bbox 1353 1232 1419 1270; x_wconf 89' lang='lat'>13.</span> <span class='ocrx_word' id='word_1_133' title='bbox 1450 1233 1514 1271; x_wconf 89' lang='lat'>19.</span> <span class='ocrx_word' id='word_1_134' title='bbox 1543 1233 1610 1283; x_wconf 86' lang='lat'>61,</span> <span class='ocrx_word' id='word_1_135' title='bbox 1639 1233 1709 1271; x_wconf 87' lang='lat' dir='ltr'>sed</span> 
     </span>
     <span class='ocr_line' id='line_1_17' title="bbox 167 1294 1708 1348; baseline 0.002 -15"><span class='ocrx_word' id='word_1_136' title='bbox 167 1294 341 1334; x_wconf 80' lang='lat' dir='ltr'>sortasse</span> <span class='ocrx_word' id='word_1_137' title='bbox 373 1295 494 1335; x_wconf 89' lang='lat' dir='ltr'>etiam</span> <span class='ocrx_word' id='word_1_138' title='bbox 526 1296 686 1347; x_wconf 87' lang='lat' dir='ltr'>integra</span> <span class='ocrx_word' id='word_1_139' title='bbox 718 1296 870 1346; x_wconf 88' lang='lat' dir='ltr'>recepit</span> <span class='ocrx_word' id='word_1_140' title='bbox 900 1296 941 1334; x_wconf 91' lang='lat' dir='ltr'>in</span> <span class='ocrx_word' id='word_1_141' title='bbox 974 1295 1167 1346; x_wconf 87' lang='lat' dir='ltr'>ordinem,</span> <span class='ocrx_word' id='word_1_142' title='bbox 1198 1296 1312 1335; x_wconf 88' lang='lat' dir='ltr'>velut</span> <span class='ocrx_word' id='word_1_143' title='bbox 1346 1299 1368 1336; x_wconf 84' lang='lat'><strong>7</strong></span> <span class='ocrx_word' id='word_1_144' title='bbox 1403 1298 1445 1335; x_wconf 88' lang='lat' dir='ltr'>et</span> <span class='ocrx_word' id='word_1_145' title='bbox 1473 1299 1539 1348; x_wconf 91' lang='lat'>15,</span> <span class='ocrx_word' id='word_1_146' title='bbox 1571 1311 1708 1348; x_wconf 86' lang='lat' dir='ltr'>quam-</span> 
     </span>
     <span class='ocr_line' id='line_1_18' title="bbox 167 1358 1708 1415; baseline 0.003 -17"><span class='ocrx_word' id='word_1_147' title='bbox 167 1373 286 1410; x_wconf 88' lang='lat' dir='ltr'>quam</span> <span class='ocrx_word' id='word_1_148' title='bbox 319 1361 368 1400; x_wconf 91' lang='lat' dir='ltr'>de</span> <span class='ocrx_word' id='word_1_149' title='bbox 399 1361 462 1400; x_wconf 90' lang='lat' dir='ltr'>his</span> <span class='ocrx_word' id='word_1_150' title='bbox 495 1361 647 1413; x_wconf 85' lang='lat' dir='ltr'>ambigi</span> <span class='ocrx_word' id='word_1_151' title='bbox 680 1358 934 1415; x_wconf 72' lang='lat' dir='ltr'>potest*’¹‘·*)3</span> <span class='ocrx_word' id='word_1_152' title='bbox 968 1362 1037 1400; x_wconf 80' lang='lat' dir='ltr'>sed</span> <span class='ocrx_word' id='word_1_153' title='bbox 1068 1361 1111 1399; x_wconf 92' lang='lat' dir='ltr'>in</span> <span class='ocrx_word' id='word_1_154' title='bbox 1142 1361 1306 1412; x_wconf 89' lang='lat' dir='ltr'>reliquis</span> <span class='ocrx_word' id='word_1_155' title='bbox 1340 1362 1482 1414; x_wconf 86' lang='lat' dir='ltr'>elogiis</span> <span class='ocrx_word' id='word_1_156' title='bbox 1509 1374 1599 1403; x_wconf 88' lang='lat' dir='ltr'>eam</span> <span class='ocrx_word' id='word_1_157' title='bbox 1624 1364 1708 1403; x_wconf 89' lang='lat' dir='ltr'>fere</span> 
     </span>
     <span class='ocr_line' id='line_1_19' title="bbox 166 1427 1707 1480; baseline 0.002 -14"><span class='ocrx_word' id='word_1_158' title='bbox 166 1427 315 1478; x_wconf 91' lang='lat' dir='ltr'>ubique</span> <span class='ocrx_word' id='word_1_159' title='bbox 347 1427 678 1478; x_wconf 80' lang='lat' dir='ltr'>aequabilitatem</span> <span class='ocrx_word' id='word_1_160' title='bbox 710 1427 1064 1478; x_wconf 88' lang='lat' dir='ltr'>deprehendimus,</span> <span class='ocrx_word' id='word_1_161' title='bbox 1096 1429 1142 1466; x_wconf 88' lang='lat' dir='ltr'>ut</span> <span class='ocrx_word' id='word_1_162' title='bbox 1172 1428 1470 1478; x_wconf 87' lang='lat' dir='ltr'>peplographus</span> <span class='ocrx_word' id='word_1_163' title='bbox 1504 1442 1574 1469; x_wconf 90' lang='lat' dir='ltr'>suo</span> <span class='ocrx_word' id='word_1_164' title='bbox 1606 1430 1707 1480; x_wconf 90' lang='lat' dir='ltr'>peri-</span> 
     </span>
     <span class='ocr_line' id='line_1_20' title="bbox 166 1492 1707 1545; baseline 0.002 -13"><span class='ocrx_word' id='word_1_165' title='bbox 166 1492 255 1532; x_wconf 91' lang='lat' dir='ltr'>culo</span> <span class='ocrx_word' id='word_1_166' title='bbox 286 1493 447 1532; x_wconf 82' lang='lat' dir='ltr'>finxisse</span> <span class='ocrx_word' id='word_1_167' title='bbox 480 1493 700 1532; x_wconf 88' lang='lat' dir='ltr'>censendus</span> <span class='ocrx_word' id='word_1_168' title='bbox 734 1494 804 1545; x_wconf 87' lang='lat' dir='ltr'>sit,</span> <span class='ocrx_word' id='word_1_169' title='bbox 838 1506 1035 1533; x_wconf 79' lang='lat' dir='ltr'>summam</span> <span class='ocrx_word' id='word_1_170' title='bbox 1067 1494 1172 1532; x_wconf 91' lang='lat' dir='ltr'>enim</span> <span class='ocrx_word' id='word_1_171' title='bbox 1204 1493 1356 1545; x_wconf 88' lang='lat' dir='ltr'>ingenii</span> <span class='ocrx_word' id='word_1_172' title='bbox 1386 1494 1707 1535; x_wconf 87' lang='lat' dir='ltr'>mediocritatem</span> 
     </span>
     <span class='ocr_line' id='line_1_21' title="bbox 166 1558 1706 1612; baseline 0.003 -15"><span class='ocrx_word' id='word_1_173' title='bbox 166 1560 208 1597; x_wconf 91' lang='lat' dir='ltr'>et</span> <span class='ocrx_word' id='word_1_174' title='bbox 233 1558 427 1598; x_wconf 87' lang='lat' dir='ltr'>sermonis</span> <span class='ocrx_word' id='word_1_175' title='bbox 453 1559 950 1602; x_wconf 18' lang='lat' dir='ltr'>tenuitatemvostentant.v</span> <span class='ocrx_word' id='word_1_176' title='bbox 982 1560 1122 1610; x_wconf 88' lang='lat' dir='ltr'>Neque</span> <span class='ocrx_word' id='word_1_177' title='bbox 1149 1559 1254 1610; x_wconf 90' lang='lat' dir='ltr'>quod</span> <span class='ocrx_word' id='word_1_178' title='bbox 1280 1560 1493 1610; x_wconf 88' lang='lat' dir='ltr'>aliquoties</span> <span class='ocrx_word' id='word_1_179' title='bbox 1520 1561 1597 1601; x_wconf 88' lang='lat' dir='ltr'>duo</span> <span class='ocrx_word' id='word_1_180' title='bbox 1625 1562 1706 1612; x_wconf 88' lang='lat' dir='ltr'>epi-</span> 
     </span>
     <span class='ocr_line' id='line_1_22' title="bbox 165 1625 1708 1677; baseline 0.003 -14"><span class='ocrx_word' id='word_1_181' title='bbox 165 1625 306 1676; x_wconf 90' lang='lat' dir='ltr'>taphia</span> <span class='ocrx_word' id='word_1_182' title='bbox 335 1625 378 1664; x_wconf 93' lang='lat' dir='ltr'>in</span> <span class='ocrx_word' id='word_1_183' title='bbox 408 1625 578 1664; x_wconf 90' lang='lat' dir='ltr'>eundem</span> <span class='ocrx_word' id='word_1_184' title='bbox 610 1626 773 1665; x_wconf 89' lang='lat' dir='ltr'>heroem</span> <span class='ocrx_word' id='word_1_185' title='bbox 807 1625 1029 1676; x_wconf 85' lang='lat' dir='ltr'>composita</span> <span class='ocrx_word' id='word_1_186' title='bbox 1059 1626 1124 1665; x_wconf 88' lang='lat' dir='ltr'>hic</span> <span class='ocrx_word' id='word_1_187' title='bbox 1155 1626 1363 1677; x_wconf 88' lang='lat' dir='ltr'>leguntur,</span> <span class='ocrx_word' id='word_1_188' title='bbox 1395 1627 1508 1666; x_wconf 85' lang='lat' dir='ltr'>velut</span> <span class='ocrx_word' id='word_1_189' title='bbox 1543 1630 1579 1667; x_wconf 89' lang='lat'>1.</span> <span class='ocrx_word' id='word_1_190' title='bbox 1608 1630 1631 1666; x_wconf 81' lang='lat'>2</span> <span class='ocrx_word' id='word_1_191' title='bbox 1666 1628 1708 1667; x_wconf 89' lang='lat' dir='ltr'>in</span> 
     </span>
     <span class='ocr_line' id='line_1_23' title="bbox 165 1691 1705 1743; baseline 0.002 -13"><span class='ocrx_word' id='word_1_192' title='bbox 165 1691 526 1741; x_wconf 87' lang='lat' dir='ltr'>Agamemnonem,</span> <span class='ocrx_word' id='word_1_193' title='bbox 567 1693 606 1732; x_wconf 84' lang='lat'>4.</span> <span class='ocrx_word' id='word_1_194' title='bbox 641 1694 664 1731; x_wconf 87' lang='grc'><em>5</em></span> <span class='ocrx_word' id='word_1_195' title='bbox 704 1691 745 1730; x_wconf 92' lang='lat' dir='ltr'>in</span> <span class='ocrx_word' id='word_1_196' title='bbox 789 1692 1003 1739; x_wconf 90' lang='lat' dir='ltr'>Achillem,</span> <span class='ocrx_word' id='word_1_197' title='bbox 1046 1693 1083 1731; x_wconf 83' lang='lat'>9.</span> <span class='ocrx_word' id='word_1_198' title='bbox 1120 1693 1174 1731; x_wconf 90' lang='grc'>10</span> <span class='ocrx_word' id='word_1_199' title='bbox 1211 1691 1514 1743; x_wconf 78' lang='lat' dir='ltr'>in¹Nest0rem,</span> <span class='ocrx_word' id='word_1_200' title='bbox 1551 1695 1616 1732; x_wconf 86' lang='lat'>12.</span> <span class='ocrx_word' id='word_1_201' title='bbox 1652 1696 1705 1733; x_wconf 90' lang='grc'>13</span> 
     </span>
     <span class='ocr_line' id='line_1_24' title="bbox 165 1757 1705 1808; baseline 0.003 -13"><span class='ocrx_word' id='word_1_202' title='bbox 165 1757 207 1795; x_wconf 93' lang='lat' dir='ltr'>in</span> <span class='ocrx_word' id='word_1_203' title='bbox 237 1757 414 1807; x_wconf 85' lang='lat' dir='ltr'>Ulixem,</span> <span class='ocrx_word' id='word_1_204' title='bbox 449 1758 502 1796; x_wconf 88' lang='lat'>18</span> <span class='ocrx_word' id='word_1_205' title='bbox 524 1758 570 1796; x_wconf 90' lang='lat' dir='ltr'>A.</span> <span class='ocrx_word' id='word_1_206' title='bbox 593 1758 636 1797; x_wconf 91' lang='lat' dir='ltr'>B.</span> <span class='ocrx_word' id='word_1_207' title='bbox 672 1759 726 1797; x_wconf 86' lang='lat'>37</span> <span class='ocrx_word' id='word_1_208' title='bbox 760 1758 802 1797; x_wconf 93' lang='lat' dir='ltr'>in</span> <span class='ocrx_word' id='word_1_209' title='bbox 834 1758 1129 1808; x_wconf 91' lang='lat' dir='ltr'>Tlepolemum,</span> <span class='ocrx_word' id='word_1_210' title='bbox 1168 1757 1260 1797; x_wconf 90' lang='lat' dir='ltr'>inde</span> <span class='ocrx_word' id='word_1_211' title='bbox 1298 1759 1388 1798; x_wconf 90' lang='lat' dir='ltr'>tuto</span> <span class='ocrx_word' id='word_1_212' title='bbox 1427 1759 1610 1799; x_wconf 85' lang='lat' dir='ltr'>conficias</span> <span class='ocrx_word' id='word_1_213' title='bbox 1648 1761 1705 1799; x_wconf 90' lang='lat' dir='ltr'>di-</span> 
     </span>
     <span class='ocr_line' id='line_1_25' title="bbox 165 1819 764 1876; baseline 0 -14"><span class='ocrx_word' id='word_1_214' title='bbox 165 1835 373 1862; x_wconf 83' lang='lat' dir='ltr'>versorum</span> <span class='ocrx_word' id='word_1_215' title='bbox 403 1823 592 1872; x_wconf 90' lang='lat' dir='ltr'>poemata</span> <span class='ocrx_word' id='word_1_216' title='bbox 623 1819 764 1876; x_wconf 86' lang='lat' dir='ltr'>esse†)</span> 
     </span>
    </p>
   </div>
   <div class='ocr_carea' id='block_1_3' title="bbox 231 1915 449 1921">
    <p class='ocr_par' dir='ltr' id='par_1_4' title="bbox 231 1915 449 1921">
     <span class='ocr_line' id='line_1_26' title="bbox 231 1915 449 1921; baseline 0 0"><span class='ocrx_word' id='word_1_217' title='bbox 231 1915 449 1921; x_wconf 95' lang='lat' dir='ltr'> </span> 
     </span>
    </p>
   </div>
   <div class='ocr_carea' id='block_1_4' title="bbox 154 1972 1708 2453">
    <p class='ocr_par' dir='ltr' id='par_1_5' title="bbox 154 1972 1708 2214">
     <span class='ocr_line' id='line_1_27' title="bbox 259 1972 1708 2024; baseline 0.003 -16"><span class='ocrx_word' id='word_1_218' title='bbox 259 1972 294 2019; x_wconf 84' lang='lat'>*)</span> <span class='ocrx_word' id='word_1_219' title='bbox 322 1973 477 2019; x_wconf 83' lang='lat' dir='ltr'>Sylloge</span> <span class='ocrx_word' id='word_1_220' title='bbox 497 1973 715 2010; x_wconf 84' lang='lat' dir='ltr'>Florentina</span> <span class='ocrx_word' id='word_1_221' title='bbox 740 1986 815 2010; x_wconf 89' lang='lat' dir='ltr'>non</span> <span class='ocrx_word' id='word_1_222' title='bbox 835 1976 893 2010; x_wconf 90' lang='lat' dir='ltr'>est</span> <span class='ocrx_word' id='word_1_223' title='bbox 911 1974 1058 2021; x_wconf 87' lang='lat' dir='ltr'>integra</span> <span class='ocrx_word' id='word_1_224' title='bbox 1077 1977 1240 2019; x_wconf 79' lang='lat' dir='ltr'>servata3</span> <span class='ocrx_word' id='word_1_225' title='bbox 1267 1987 1404 2022; x_wconf 87' lang='lat' dir='ltr'>magna</span> <span class='ocrx_word' id='word_1_226' title='bbox 1428 1987 1515 2022; x_wconf 87' lang='lat' dir='ltr'>pars</span> <span class='ocrx_word' id='word_1_227' title='bbox 1542 1977 1708 2024; x_wconf 76' lang='lat' dir='ltr'>catalogi</span> 
     </span>
     <span class='ocr_line' id='line_1_28' title="bbox 166 2019 1706 2068; baseline 0.004 -13"><span class='ocrx_word' id='word_1_228' title='bbox 166 2019 320 2056; x_wconf 85' lang='lat' dir='ltr'>Troiani</span> <span class='ocrx_word' id='word_1_229' title='bbox 345 2021 546 2065; x_wconf 86' lang='lat' dir='ltr'>intercidit,</span> <span class='ocrx_word' id='word_1_230' title='bbox 574 2021 660 2057; x_wconf 89' lang='lat' dir='ltr'>hinc</span> <span class='ocrx_word' id='word_1_231' title='bbox 692 2022 872 2068; x_wconf 86' lang='lat' dir='ltr'>pleraque</span> <span class='ocrx_word' id='word_1_232' title='bbox 904 2022 1085 2068; x_wconf 75' lang='lat' dir='ltr'>disticha,</span> <span class='ocrx_word' id='word_1_233' title='bbox 1116 2034 1212 2068; x_wconf 88' lang='lat' dir='ltr'>quae</span> <span class='ocrx_word' id='word_1_234' title='bbox 1239 2022 1460 2060; x_wconf 87' lang='lat' dir='ltr'>Eustathius</span> <span class='ocrx_word' id='word_1_235' title='bbox 1493 2026 1532 2061; x_wconf 90' lang='lat' dir='ltr'>et</span> <span class='ocrx_word' id='word_1_236' title='bbox 1556 2024 1706 2061; x_wconf 86' lang='lat' dir='ltr'>Tzetzes</span> 
     </span>
     <span class='ocr_line' id='line_1_29' title="bbox 165 2068 955 2112; baseline 0.003 -8"><span class='ocrx_word' id='word_1_237' title='bbox 165 2070 419 2112; x_wconf 85' lang='lat' dir='ltr'>servaverunt,</span> <span class='ocrx_word' id='word_1_238' title='bbox 446 2068 617 2105; x_wconf 86' lang='lat' dir='ltr'>Troianis</span> <span class='ocrx_word' id='word_1_239' title='bbox 644 2072 729 2106; x_wconf 89' lang='lat' dir='ltr'>sunt</span> <span class='ocrx_word' id='word_1_240' title='bbox 756 2070 955 2107; x_wconf 85' lang='lat' dir='ltr'>destinata.</span> 
     </span>
     <span class='ocr_line' id='line_1_30' title="bbox 154 2115 1706 2165; baseline 0.004 -14"><span class='ocrx_word' id='word_1_241' title='bbox 154 2128 157 2129; x_wconf 48' lang='lat'><em>⁷</em></span> <span class='ocrx_word' id='word_1_242' title='bbox 259 2116 314 2162; x_wconf 86' lang='lat'>**)</span> <span class='ocrx_word' id='word_1_243' title='bbox 340 2115 443 2152; x_wconf 85' lang='lat' dir='ltr'>Haec</span> <span class='ocrx_word' id='word_1_244' title='bbox 457 2128 605 2163; x_wconf 89' lang='lat' dir='ltr'>quoque</span> <span class='ocrx_word' id='word_1_245' title='bbox 621 2117 897 2163; x_wconf 85' lang='lat' dir='ltr'>epigrammata</span> <span class='ocrx_word' id='word_1_246' title='bbox 910 2130 954 2154; x_wconf 85' lang='lat' dir='ltr'>ex</span> <span class='ocrx_word' id='word_1_247' title='bbox 968 2118 1080 2165; x_wconf 88' lang='lat' dir='ltr'>peplo</span> <span class='ocrx_word' id='word_1_248' title='bbox 1096 2118 1259 2165; x_wconf 87' lang='lat' dir='ltr'>repetita</span> <span class='ocrx_word' id='word_1_249' title='bbox 1279 2131 1358 2156; x_wconf 89' lang='lat' dir='ltr'>esse</span> <span class='ocrx_word' id='word_1_250' title='bbox 1380 2119 1505 2165; x_wconf 84' lang='lat' dir='ltr'>arguit</span> <span class='ocrx_word' id='word_1_251' title='bbox 1525 2120 1706 2157; x_wconf 85' lang='lat' dir='ltr'>orationis</span> 
     </span>
     <span class='ocr_line' id='line_1_31' title="bbox 164 2163 1706 2214; baseline 0.005 -16"><span class='ocrx_word' id='word_1_252' title='bbox 164 2163 285 2199; x_wconf 86' lang='lat' dir='ltr'>filum:</span> <span class='ocrx_word' id='word_1_253' title='bbox 311 2175 399 2199; x_wconf 90' lang='lat' dir='ltr'>nam</span> <span class='ocrx_word' id='word_1_254' title='bbox 425 2164 473 2200; x_wconf 84' lang='lat' dir='ltr'>ad</span> <span class='ocrx_word' id='word_1_255' title='bbox 499 2168 709 2201; x_wconf 85' lang='lat' dir='ltr'>ceterorum</span> <span class='ocrx_word' id='word_1_256' title='bbox 743 2165 1027 2202; x_wconf 89' lang='lat' dir='ltr'>similitudinem</span> <span class='ocrx_word' id='word_1_257' title='bbox 1060 2166 1278 2212; x_wconf 89' lang='lat' dir='ltr'>plerumque</span> <span class='ocrx_word' id='word_1_258' title='bbox 1310 2168 1480 2214; x_wconf 86' lang='lat' dir='ltr'>proxime</span> <span class='ocrx_word' id='word_1_259' title='bbox 1511 2170 1706 2206; x_wconf 88' lang='lat' dir='ltr'>accedunt.</span> 
     </span>
    </p>

    <p class='ocr_par' dir='ltr' id='par_1_6' title="bbox 162 2210 1707 2453">
     <span class='ocr_line' id='line_1_32' title="bbox 259 2210 1705 2262; baseline 0.004 -15"><span class='ocrx_word' id='word_1_260' title='bbox 259 2210 336 2257; x_wconf 82' lang='lat'>***)</span> <span class='ocrx_word' id='word_1_261' title='bbox 362 2211 543 2248; x_wconf 91' lang='lat' dir='ltr'>Diodorus</span> <span class='ocrx_word' id='word_1_262' title='bbox 569 2213 815 2258; x_wconf 86' lang='lat' dir='ltr'>sepulcralem</span> <span class='ocrx_word' id='word_1_263' title='bbox 841 2214 996 2249; x_wconf 89' lang='lat' dir='ltr'>titulum</span> <span class='ocrx_word' id='word_1_264' title='bbox 1027 2218 1069 2249; x_wconf 84' lang='lat'>15</span> <span class='ocrx_word' id='word_1_265' title='bbox 1096 2214 1134 2249; x_wconf 91' lang='lat' dir='ltr'>in</span> <span class='ocrx_word' id='word_1_266' title='bbox 1162 2216 1272 2251; x_wconf 84' lang='lat' dir='ltr'>Creta</span> <span class='ocrx_word' id='word_1_267' title='bbox 1303 2216 1428 2251; x_wconf 85' lang='lat' dir='ltr'>insula</span> <span class='ocrx_word' id='word_1_268' title='bbox 1459 2217 1559 2262; x_wconf 86' lang='lat' dir='ltr'>apud</span> <span class='ocrx_word' id='word_1_269' title='bbox 1593 2216 1705 2253; x_wconf 87' lang='lat' dir='ltr'>Cnos-</span> 
     </span>
     <span class='ocr_line' id='line_1_33' title="bbox 163 2258 1707 2311; baseline 0.005 -17"><span class='ocrx_word' id='word_1_270' title='bbox 163 2258 237 2295; x_wconf 78' lang='lat' dir='ltr'>sios</span> <span class='ocrx_word' id='word_1_271' title='bbox 264 2262 390 2296; x_wconf 82' lang='lat' dir='ltr'>extare</span> <span class='ocrx_word' id='word_1_272' title='bbox 416 2260 584 2303; x_wconf 83' lang='lat' dir='ltr'>tradidit,</span> <span class='ocrx_word' id='word_1_273' title='bbox 610 2261 673 2296; x_wconf 85' lang='lat' dir='ltr'>sed</span> <span class='ocrx_word' id='word_1_274' title='bbox 699 2260 780 2297; x_wconf 83' lang='lat' dir='ltr'>eius</span> <span class='ocrx_word' id='word_1_275' title='bbox 804 2261 858 2297; x_wconf 90' lang='lat' dir='ltr'>rei</span> <span class='ocrx_word' id='word_1_276' title='bbox 882 2262 974 2298; x_wconf 89' lang='lat' dir='ltr'>fides</span> <span class='ocrx_word' id='word_1_277' title='bbox 1001 2262 1202 2298; x_wconf 90' lang='lat' dir='ltr'>admodum</span> <span class='ocrx_word' id='word_1_278' title='bbox 1236 2263 1397 2308; x_wconf 91' lang='lat' dir='ltr'>incerta,</span> <span class='ocrx_word' id='word_1_279' title='bbox 1430 2263 1590 2300; x_wconf 85' lang='lat' dir='ltr'>fortasse</span> <span class='ocrx_word' id='word_1_280' title='bbox 1622 2265 1707 2311; x_wconf 87' lang='lat' dir='ltr'>ipsa</span> 
     </span>
     <span class='ocr_line' id='line_1_34' title="bbox 162 2307 1703 2358; baseline 0.004 -16"><span class='ocrx_word' id='word_1_281' title='bbox 162 2307 414 2354; x_wconf 80' lang='lat' dir='ltr'>peplographi</span> <span class='ocrx_word' id='word_1_282' title='bbox 441 2308 556 2344; x_wconf 85' lang='lat' dir='ltr'>verba</span> <span class='ocrx_word' id='word_1_283' title='bbox 581 2308 790 2354; x_wconf 82' lang='lat' dir='ltr'>descripsit,</span> <span class='ocrx_word' id='word_1_284' title='bbox 810 2310 910 2345; x_wconf 87' lang='lat' dir='ltr'>certe</span> <span class='ocrx_word' id='word_1_285' title='bbox 930 2310 1002 2345; x_wconf 92' lang='lat' dir='ltr'>hoc</span> <span class='ocrx_word' id='word_1_286' title='bbox 1023 2309 1257 2356; x_wconf 85' lang='lat' dir='ltr'>epitaphium</span> <span class='ocrx_word' id='word_1_287' title='bbox 1283 2311 1395 2357; x_wconf 91' lang='lat' dir='ltr'>plane</span> <span class='ocrx_word' id='word_1_288' title='bbox 1421 2311 1595 2358; x_wconf 85' lang='lat' dir='ltr'>congruit</span> <span class='ocrx_word' id='word_1_289' title='bbox 1619 2324 1703 2348; x_wconf 87' lang='lat' dir='ltr'>cum</span> 
     </span>
     <span class='ocr_line' id='line_1_35' title="bbox 163 2354 1705 2405; baseline 0.004 -15"><span class='ocrx_word' id='word_1_290' title='bbox 163 2355 391 2401; x_wconf 85' lang='lat' dir='ltr'>reliquorum</span> <span class='ocrx_word' id='word_1_291' title='bbox 429 2354 563 2401; x_wconf 89' lang='lat' dir='ltr'>specie.</span> <span class='ocrx_word' id='word_1_292' title='bbox 615 2355 755 2392; x_wconf 88' lang='lat' dir='ltr'>Contra</span> <span class='ocrx_word' id='word_1_293' title='bbox 789 2361 808 2392; x_wconf 83' lang='lat'><strong>7</strong></span> <span class='ocrx_word' id='word_1_294' title='bbox 845 2357 1079 2403; x_wconf 89' lang='lat' dir='ltr'>Asclepiadis</span> <span class='ocrx_word' id='word_1_295' title='bbox 1118 2358 1350 2403; x_wconf 87' lang='lat' dir='ltr'>poematium</span> <span class='ocrx_word' id='word_1_296' title='bbox 1382 2359 1478 2395; x_wconf 87' lang='lat' dir='ltr'>adeo</span> <span class='ocrx_word' id='word_1_297' title='bbox 1518 2361 1705 2405; x_wconf 85' lang='lat' dir='ltr'>abhorret,</span> 
     </span>
     <span class='ocr_line' id='line_1_36' title="bbox 165 2403 1704 2453; baseline 0.004 -15"><span class='ocrx_word' id='word_1_298' title='bbox 165 2405 208 2439; x_wconf 89' lang='lat' dir='ltr'>ut</span> <span class='ocrx_word' id='word_1_299' title='bbox 230 2414 306 2439; x_wconf 93' lang='lat' dir='ltr'>non</span> <span class='ocrx_word' id='word_1_300' title='bbox 329 2403 628 2449; x_wconf 87' lang='lat' dir='ltr'>peplographus,</span> <span class='ocrx_word' id='word_1_301' title='bbox 655 2404 721 2440; x_wconf 90' lang='lat' dir='ltr'>sed</span> <span class='ocrx_word' id='word_1_302' title='bbox 748 2404 971 2450; x_wconf 86' lang='lat' dir='ltr'>Porphyrius</span> <span class='ocrx_word' id='word_1_303' title='bbox 998 2404 1077 2441; x_wconf 88' lang='lat' dir='ltr'>sive</span> <span class='ocrx_word' id='word_1_304' title='bbox 1103 2405 1278 2442; x_wconf 84' lang='lat' dir='ltr'>librarius</span> <span class='ocrx_word' id='word_1_305' title='bbox 1304 2406 1459 2453; x_wconf 90' lang='lat' dir='ltr'>aliquis,</span> <span class='ocrx_word' id='word_1_306' title='bbox 1488 2407 1553 2453; x_wconf 90' lang='lat' dir='ltr'>qui</span> <span class='ocrx_word' id='word_1_307' title='bbox 1578 2408 1704 2444; x_wconf 88' lang='lat' dir='ltr'>Aiacis</span> 
     </span>
    </p>
   </div>
   <div class='ocr_carea' id='block_1_5' title="bbox 107 2450 1705 2501">
    <p class='ocr_par' dir='ltr' id='par_1_7' title="bbox 107 2450 1705 2501">
     <span class='ocr_line' id='line_1_37' title="bbox 107 2450 1705 2501; baseline 0.003 -15"><span class='ocrx_word' id='word_1_308' title='bbox 107 2491 110 2495; x_wconf 29' lang='lat'><strong>¹</strong></span> <span class='ocrx_word' id='word_1_309' title='bbox 163 2450 328 2497; x_wconf 86' lang='lat' dir='ltr'>elogium</span> <span class='ocrx_word' id='word_1_310' title='bbox 363 2450 618 2495; x_wconf 83' lang='lat' dir='ltr'>desiderabat,</span> <span class='ocrx_word' id='word_1_311' title='bbox 655 2451 827 2488; x_wconf 88' lang='lat' dir='ltr'>videatur</span> <span class='ocrx_word' id='word_1_312' title='bbox 862 2452 1070 2490; x_wconf 85' lang='lat' dir='ltr'>addidisse:</span> <span class='ocrx_word' id='word_1_313' title='bbox 1110 2465 1197 2489; x_wconf 87' lang='lat' dir='ltr'>nam</span> <span class='ocrx_word' id='word_1_314' title='bbox 1230 2454 1355 2490; x_wconf 89' lang='lat' dir='ltr'>Aiacis</span> <span class='ocrx_word' id='word_1_315' title='bbox 1395 2454 1631 2501; x_wconf 81' lang='lat' dir='ltr'>epitaphium</span> <span class='ocrx_word' id='word_1_316' title='bbox 1665 2456 1705 2491; x_wconf 90' lang='lat' dir='ltr'>in</span> 
     </span>
    </p>
   </div>
   <div class='ocr_carea' id='block_1_6' title="bbox 143 2498 1704 3023">
    <p class='ocr_par' dir='ltr' id='par_1_8' title="bbox 163 2498 782 2545">
     <span class='ocr_line' id='line_1_38' title="bbox 163 2498 782 2545; baseline 0.003 -11"><span class='ocrx_word' id='word_1_317' title='bbox 163 2499 275 2545; x_wconf 88' lang='lat' dir='ltr'>peplo</span> <span class='ocrx_word' id='word_1_318' title='bbox 300 2498 413 2535; x_wconf 89' lang='lat' dir='ltr'>fuisse</span> <span class='ocrx_word' id='word_1_319' title='bbox 440 2499 690 2535; x_wconf 86' lang='lat' dir='ltr'>certissimum</span> <span class='ocrx_word' id='word_1_320' title='bbox 716 2502 782 2536; x_wconf 87' lang='lat' dir='ltr'>est.</span> 
     </span>
    </p>

    <p class='ocr_par' dir='ltr' id='par_1_9' title="bbox 143 2546 1704 3023">
     <span class='ocr_line' id='line_1_39' title="bbox 258 2546 1704 2595; baseline 0.004 -13"><span class='ocrx_word' id='word_1_321' title='bbox 258 2547 298 2592; x_wconf 84' lang='lat'>†)</span> <span class='ocrx_word' id='word_1_322' title='bbox 324 2546 417 2583; x_wconf 90' lang='lat' dir='ltr'>Cum</span> <span class='ocrx_word' id='word_1_323' title='bbox 443 2547 545 2583; x_wconf 84' lang='lat' dir='ltr'>fama</span> <span class='ocrx_word' id='word_1_324' title='bbox 570 2546 735 2583; x_wconf 86' lang='lat' dir='ltr'>variaret</span> <span class='ocrx_word' id='word_1_325' title='bbox 760 2548 806 2583; x_wconf 91' lang='lat' dir='ltr'>de</span> <span class='ocrx_word' id='word_1_326' title='bbox 826 2549 945 2585; x_wconf 86' lang='lat' dir='ltr'>morte</span> <span class='ocrx_word' id='word_1_327' title='bbox 965 2550 1004 2585; x_wconf 90' lang='lat' dir='ltr'>et</span> <span class='ocrx_word' id='word_1_328' title='bbox 1024 2549 1204 2595; x_wconf 85' lang='lat' dir='ltr'>sepulcris</span> <span class='ocrx_word' id='word_1_329' title='bbox 1225 2550 1391 2594; x_wconf 87' lang='lat' dir='ltr'>heroum,</span> <span class='ocrx_word' id='word_1_330' title='bbox 1412 2552 1704 2588; x_wconf 89' lang='lat' dir='ltr'>consentaneum</span> 
     </span>
     <span class='ocr_line' id='line_1_40' title="bbox 164 2594 1704 2640; baseline 0.003 -10"><span class='ocrx_word' id='word_1_331' title='bbox 164 2595 223 2630; x_wconf 88' lang='lat' dir='ltr'>est</span> <span class='ocrx_word' id='word_1_332' title='bbox 252 2594 432 2631; x_wconf 87' lang='lat' dir='ltr'>fabularis</span> <span class='ocrx_word' id='word_1_333' title='bbox 468 2595 649 2631; x_wconf 88' lang='lat' dir='ltr'>historiae</span> <span class='ocrx_word' id='word_1_334' title='bbox 683 2595 933 2640; x_wconf 88' lang='lat' dir='ltr'>conditorem,</span> <span class='ocrx_word' id='word_1_335' title='bbox 965 2608 1048 2632; x_wconf 91' lang='lat' dir='ltr'>cum</span> <span class='ocrx_word' id='word_1_336' title='bbox 1083 2597 1178 2632; x_wconf 90' lang='lat' dir='ltr'>hanc</span> <span class='ocrx_word' id='word_1_337' title='bbox 1211 2598 1413 2635; x_wconf 86' lang='lat' dir='ltr'>memoriae</span> <span class='ocrx_word' id='word_1_338' title='bbox 1446 2599 1704 2635; x_wconf 87' lang='lat' dir='ltr'>diversitatem</span> 
     </span>
     <span class='ocr_line' id='line_1_41' title="bbox 162 2641 1704 2692; baseline 0.003 -14"><span class='ocrx_word' id='word_1_339' title='bbox 162 2642 338 2686; x_wconf 84' lang='lat' dir='ltr'>traderet,</span> <span class='ocrx_word' id='word_1_340' title='bbox 358 2643 472 2679; x_wconf 89' lang='lat' dir='ltr'>etiam</span> <span class='ocrx_word' id='word_1_341' title='bbox 492 2641 662 2688; x_wconf 87' lang='lat' dir='ltr'>pluribus</span> <span class='ocrx_word' id='word_1_342' title='bbox 683 2643 816 2689; x_wconf 84' lang='lat' dir='ltr'>elogiis</span> <span class='ocrx_word' id='word_1_343' title='bbox 836 2644 975 2689; x_wconf 88' lang='lat' dir='ltr'>passim</span> <span class='ocrx_word' id='word_1_344' title='bbox 996 2645 1128 2681; x_wconf 87' lang='lat' dir='ltr'>heroes</span> <span class='ocrx_word' id='word_1_345' title='bbox 1148 2645 1401 2682; x_wconf 85' lang='lat' dir='ltr'>decoravisse:</span> <span class='ocrx_word' id='word_1_346' title='bbox 1429 2658 1550 2692; x_wconf 88' lang='lat' dir='ltr'>neque</span> <span class='ocrx_word' id='word_1_347' title='bbox 1577 2658 1704 2683; x_wconf 86' lang='lat' dir='ltr'>assen-</span> 
     </span>
     <span class='ocr_line' id='line_1_42' title="bbox 164 2689 1703 2739; baseline 0.005 -15"><span class='ocrx_word' id='word_1_348' title='bbox 164 2689 331 2725; x_wconf 79' lang='lat' dir='ltr'>tiendum</span> <span class='ocrx_word' id='word_1_349' title='bbox 358 2692 415 2726; x_wconf 85' lang='lat' dir='ltr'>est</span> <span class='ocrx_word' id='word_1_350' title='bbox 440 2691 487 2726; x_wconf 92' lang='lat' dir='ltr'>M.</span> <span class='ocrx_word' id='word_1_351' title='bbox 516 2690 735 2735; x_wconf 86' lang='lat' dir='ltr'>Schmidtio,</span> <span class='ocrx_word' id='word_1_352' title='bbox 762 2691 825 2736; x_wconf 91' lang='lat' dir='ltr'>qui</span> <span class='ocrx_word' id='word_1_353' title='bbox 852 2691 1010 2738; x_wconf 87' lang='lat' dir='ltr'>singulis</span> <span class='ocrx_word' id='word_1_354' title='bbox 1031 2692 1180 2739; x_wconf 85' lang='lat' dir='ltr'>singula</span> <span class='ocrx_word' id='word_1_355' title='bbox 1199 2692 1395 2739; x_wconf 86' lang='lat' dir='ltr'>epitaphia</span> <span class='ocrx_word' id='word_1_356' title='bbox 1415 2694 1603 2731; x_wconf 86' lang='lat' dir='ltr'>destinata</span> <span class='ocrx_word' id='word_1_357' title='bbox 1623 2707 1703 2732; x_wconf 89' lang='lat' dir='ltr'>esse</span> 
     </span>
     <span class='ocr_line' id='line_1_43' title="bbox 163 2738 1704 2788; baseline 0.005 -16"><span class='ocrx_word' id='word_1_358' title='bbox 163 2739 299 2783; x_wconf 87' lang='lat' dir='ltr'>censet,</span> <span class='ocrx_word' id='word_1_359' title='bbox 326 2749 371 2774; x_wconf 88' lang='lat' dir='ltr'>ac</span> <span class='ocrx_word' id='word_1_360' title='bbox 395 2740 607 2785; x_wconf 87' lang='lat' dir='ltr'>propterea,</span> <span class='ocrx_word' id='word_1_361' title='bbox 633 2739 783 2784; x_wconf 89' lang='lat' dir='ltr'>quando</span> <span class='ocrx_word' id='word_1_362' title='bbox 810 2739 884 2776; x_wconf 91' lang='lat' dir='ltr'>duo</span> <span class='ocrx_word' id='word_1_363' title='bbox 909 2740 948 2775; x_wconf 86' lang='lat' dir='ltr'>in</span> <span class='ocrx_word' id='word_1_364' title='bbox 973 2740 1139 2776; x_wconf 90' lang='lat' dir='ltr'>eiusdem</span> <span class='ocrx_word' id='word_1_365' title='bbox 1164 2738 1289 2776; x_wconf 89' lang='lat' dir='ltr'>herois</span> <span class='ocrx_word' id='word_1_366' title='bbox 1316 2741 1493 2777; x_wconf 90' lang='lat' dir='ltr'>honorem</span> <span class='ocrx_word' id='word_1_367' title='bbox 1526 2745 1704 2788; x_wconf 88' lang='lat' dir='ltr'>poemata</span> 
     </span>
     <span class='ocr_line' id='line_1_44' title="bbox 162 2786 1701 2836; baseline 0.005 -16"><span class='ocrx_word' id='word_1_368' title='bbox 162 2786 310 2830; x_wconf 86' lang='lat' dir='ltr'>extant,</span> <span class='ocrx_word' id='word_1_369' title='bbox 349 2786 572 2823; x_wconf 83' lang='lat' dir='ltr'>alterutrum</span> <span class='ocrx_word' id='word_1_370' title='bbox 612 2786 652 2822; x_wconf 87' lang='lat' dir='ltr'>in</span> <span class='ocrx_word' id='word_1_371' title='bbox 683 2786 824 2822; x_wconf 80' lang='lat' dir='ltr'>fraudis</span> <span class='ocrx_word' id='word_1_372' title='bbox 858 2787 1109 2833; x_wconf 87' lang='lat' dir='ltr'>suspicionem</span> <span class='ocrx_word' id='word_1_373' title='bbox 1144 2790 1271 2831; x_wconf 84' lang='lat' dir='ltr'>vocat,</span> <span class='ocrx_word' id='word_1_374' title='bbox 1302 2789 1432 2834; x_wconf 88' lang='lat' dir='ltr'>itaque</span> <span class='ocrx_word' id='word_1_375' title='bbox 1464 2801 1522 2836; x_wconf 88' lang='lat' dir='ltr'>ep.</span> <span class='ocrx_word' id='word_1_376' title='bbox 1552 2795 1581 2827; x_wconf 91' lang='lat'>1.</span> <span class='ocrx_word' id='word_1_377' title='bbox 1609 2795 1641 2826; x_wconf 85' lang='lat'>5.</span> <span class='ocrx_word' id='word_1_378' title='bbox 1669 2795 1701 2827; x_wconf 88' lang='grc'>9.</span> 
     </span>
     <span class='ocr_line' id='line_1_45' title="bbox 166 2833 1701 2883; baseline 0.005 -16"><span class='ocrx_word' id='word_1_379' title='bbox 166 2836 208 2868; x_wconf 87' lang='grc'>13</span> <span class='ocrx_word' id='word_1_380' title='bbox 245 2834 493 2880; x_wconf 84' lang='lat' dir='ltr'>expungenda</span> <span class='ocrx_word' id='word_1_381' title='bbox 525 2834 727 2871; x_wconf 83' lang='lat' dir='ltr'>existimat.</span> <span class='ocrx_word' id='word_1_382' title='bbox 777 2833 909 2880; x_wconf 86' lang='lat' dir='ltr'>Neque</span> <span class='ocrx_word' id='word_1_383' title='bbox 949 2835 1156 2871; x_wconf 87' lang='lat' dir='ltr'>audiendus</span> <span class='ocrx_word' id='word_1_384' title='bbox 1195 2835 1383 2883; x_wconf 86' lang='lat' dir='ltr'>Schmidt,</span> <span class='ocrx_word' id='word_1_385' title='bbox 1415 2848 1499 2873; x_wconf 90' lang='lat' dir='ltr'>cum</span> <span class='ocrx_word' id='word_1_386' title='bbox 1538 2839 1701 2875; x_wconf 89' lang='lat' dir='ltr'>Arabum</span> 
     </span>
     <span class='ocr_line' id='line_1_46' title="bbox 143 2879 1702 2931; baseline 0.004 -16"><span class='ocrx_word' id='word_1_387' title='bbox 143 2879 321 2917; x_wconf 83' lang='lat' dir='ltr'>.indicem</span> <span class='ocrx_word' id='word_1_388' title='bbox 343 2883 552 2918; x_wconf 84' lang='lat' dir='ltr'>antestatus</span> <span class='ocrx_word' id='word_1_389' title='bbox 572 2882 632 2927; x_wconf 77' lang='lat' dir='ltr'>(cf.</span> <span class='ocrx_word' id='word_1_390' title='bbox 647 2882 742 2918; x_wconf 89' lang='lat' dir='ltr'>Rose</span> <span class='ocrx_word' id='word_1_391' title='bbox 762 2894 797 2928; x_wconf 92' lang='lat' dir='ltr'>p.</span> <span class='ocrx_word' id='word_1_392' title='bbox 813 2885 896 2927; x_wconf 82' lang='lat'>564)</span> <span class='ocrx_word' id='word_1_393' title='bbox 916 2883 1063 2919; x_wconf 83' lang='lat' dir='ltr'>tantam</span> <span class='ocrx_word' id='word_1_394' title='bbox 1084 2883 1231 2929; x_wconf 86' lang='lat' dir='ltr'>copiam</span> <span class='ocrx_word' id='word_1_395' title='bbox 1252 2884 1567 2931; x_wconf 83' lang='lat' dir='ltr'>epigrammatum</span> <span class='ocrx_word' id='word_1_396' title='bbox 1586 2885 1702 2922; x_wconf 80' lang='lat' dir='ltr'>fuisse</span> 
     </span>
     <span class='ocr_line' id='line_1_47' title="bbox 162 2927 1699 2981; baseline 0.005 -18"><span class='ocrx_word' id='word_1_397' title='bbox 162 2927 362 2972; x_wconf 86' lang='lat' dir='ltr'>existimat,</span> <span class='ocrx_word' id='word_1_398' title='bbox 389 2932 432 2966; x_wconf 90' lang='lat' dir='ltr'>ut</span> <span class='ocrx_word' id='word_1_399' title='bbox 456 2941 520 2966; x_wconf 88' lang='lat' dir='ltr'>sex</span> <span class='ocrx_word' id='word_1_400' title='bbox 545 2930 651 2966; x_wconf 89' lang='lat' dir='ltr'>libris</span> <span class='ocrx_word' id='word_1_401' title='bbox 678 2930 947 2976; x_wconf 83' lang='lat' dir='ltr'>comprehensa</span> <span class='ocrx_word' id='word_1_402' title='bbox 971 2930 1127 2976; x_wconf 84' lang='lat' dir='ltr'>fuerint;</span> <span class='ocrx_word' id='word_1_403' title='bbox 1162 2942 1248 2967; x_wconf 87' lang='lat' dir='ltr'>nam</span> <span class='ocrx_word' id='word_1_404' title='bbox 1275 2944 1348 2968; x_wconf 92' lang='lat' dir='ltr'>non</span> <span class='ocrx_word' id='word_1_405' title='bbox 1374 2933 1699 2981; x_wconf 79' lang='lat' dir='ltr'>epigrammatum,</span> 
     </span>
     <span class='ocr_line' id='line_1_48' title="bbox 164 2976 1356 3023; baseline 0.006 -12"><span class='ocrx_word' id='word_1_406' title='bbox 164 2976 230 3012; x_wconf 87' lang='lat' dir='ltr'>sed</span> <span class='ocrx_word' id='word_1_407' title='bbox 255 2976 357 3023; x_wconf 88' lang='lat' dir='ltr'>pepli</span> <span class='ocrx_word' id='word_1_408' title='bbox 381 2977 532 3014; x_wconf 85' lang='lat' dir='ltr'>fuerunt</span> <span class='ocrx_word' id='word_1_409' title='bbox 556 2989 619 3014; x_wconf 87' lang='lat' dir='ltr'>sex</span> <span class='ocrx_word' id='word_1_410' title='bbox 645 2978 743 3023; x_wconf 85' lang='lat' dir='ltr'>libri,</span> <span class='ocrx_word' id='word_1_411' title='bbox 770 2978 799 3014; x_wconf 88' lang='lat' dir='ltr'>si</span> <span class='ocrx_word' id='word_1_412' title='bbox 824 2977 889 3014; x_wconf 88' lang='lat' dir='ltr'>isti</span> <span class='ocrx_word' id='word_1_413' title='bbox 914 2978 1030 3015; x_wconf 90' lang='lat' dir='ltr'>indici</span> <span class='ocrx_word' id='word_1_414' title='bbox 1055 2979 1146 3016; x_wconf 87' lang='lat' dir='ltr'>fides</span> <span class='ocrx_word' id='word_1_415' title='bbox 1172 2979 1356 3019; x_wconf 81' lang='lat' dir='ltr'>habenda.</span> 
     </span>
    </p>
   </div>
  </div>
 </body>
</html>
