1890 3216
793 149 1152 188 ARCHILOCHUS.
1182 144 1185 147 ⁵
1656 148 1743 193 437

188 270 304 310 ficavi
341 270 383 310 in
420 270 646 322 proecdosi,
684 271 790 311 idem
827 271 906 310 iam
939 271 1035 310 olim
1068 270 1263 322 Scaliger,
1303 274 1444 322 postea
1476 271 1617 311 Nauck
1649 271 1733 310 ani-

187 336 416 377 madvertit.
448 358 496 363 —
527 336 756 377 Archilocho
780 349 860 377 non
884 338 963 377 iam
990 337 1300 377 abiudicaverim
1329 350 1502 386 versum,
1535 338 1603 389 qui
1635 338 1733 388 legi-

187 404 256 443 tur
281 402 360 443 alio
387 403 471 443 loco
492 403 670 443 eiusdem
690 403 945 454 grammatici
965 417 1001 454 p.
1025 405 1122 454 271,
1155 402 1223 442 ubi
1244 403 1291 442 de
1312 402 1518 444 Alcmams
1547 403 1731 443 trimetro

188 468 539 521 brachycatalecto
570 470 707 509 coluro
740 470 843 520 agit,
876 470 988 509 cuius
1021 469 1096 509 hoc
1128 469 1352 519 exemplum

402 546 762 587 AKPEOMENO
769 546 1334 587 YKECETINOIAIXHOO

187 625 272 665 cod.
303 625 341 664 A
375 625 539 664 exhibet
572 620 623 679 (B
651 625 822 665 ACKIO
846 627 889 665 et
912 625 1158 675 AIXNOX,
1184 625 1400 666 Putschius
1427 626 1620 678 Aeschyli
1645 639 1731 666 ver-

189 704 279 732 sum
310 690 417 742 Sept.
452 692 535 731 287
571 687 815 746 substituit),
847 691 990 732 deinde
1021 691 1177 731 Plotius
1213 692 1365 743 pergit:
1404 692 1520 743 „huic
1557 692 1591 732 si
1621 692 1730 732 addi-

186 757 365 798 derimus
397 758 570 797 alterum
602 758 744 809 pedem
776 758 1022 810 disyllabum
1053 758 1244 807 iambum,
1275 758 1354 798 erit
1378 758 1606 798 trimetrum
1631 759 1728 798 iam-

187 824 319 865 bicum
339 837 485 875 purum
504 824 769 864 acatalectum
789 822 1088 874 Archilochium,
1115 824 1164 864 de
1189 837 1267 875 quo
1287 825 1409 875 paulo
1428 829 1522 865 ante
1541 824 1728 865 tractavi:

388 916 553 973 ’Ἀσκρες
584 917 655 972 μὲν
687 915 760 960 οὐκ
791 918 912 960 &beau
943 918 1010 972 μοὶ
1041 915 1182 972 λύχνος
1214 916 1381 972 βαθύς.“

182 1016 253 1055 ubi
271 1016 356 1056 cod.
377 1015 413 1055 A
444 1014 1599 1065 ΛΟΚΡΕΟΜΕΝΟΙΚΕΟΕΤΥΝΟΤΔΙΧΝΟΧΒΑΘΕ,
1631 1017 1727 1056 item

181 1082 215 1121 Β
249 1081 1358 1122 ACKPIGMENOIKEC'EOTINOYAIXNOC'BEE.
1398 1082 1630 1122 Archilochi
1660 1096 1727 1133 po-

180 1148 262 1188 tius
293 1160 413 1199 quem
437 1148 644 1187 Alcmanis
672 1161 793 1188 versu
818 1161 936 1188 usum
961 1161 1048 1188 esse
1074 1149 1281 1188 metricum
1315 1151 1628 1189 consentaneum
1654 1152 1726 1189 est.

182 1213 231 1253 In
261 1214 457 1254 librorum
489 1214 729 1265 corruptelis
760 1215 860 1254 haec
891 1215 975 1255 fere
1006 1214 1107 1253 mihi
1137 1215 1276 1255 videor
1307 1214 1625 1265 deprehendere:

395 1307 549 1363 Λοκρὶς
580 1307 653 1362 μὲν
684 1305 811 1350 οὐκέτ’
848 1308 972 1362 ἐστίν,
1004 1303 1094 1351 οὐδ’
1132 1310 1240 1363 ἴχνος
1271 1307 1415 1363 βλέπω.

180 1419 442 1459 Locrensium
461 1420 603 1460 civitas
629 1419 789 1471 penitus
816 1431 958 1459 eversa
984 1418 1143 1468 dicitur,
1170 1418 1239 1459 sed
1259 1419 1371 1458 cuius
1398 1419 1510 1459 urbis
1530 1420 1727 1460 excidium

180 1487 322 1537 poetae
355 1485 615 1525 obversatum
648 1486 722 1536 sit,
754 1498 906 1535 nequeo
939 1485 1109 1536 assequi.
1162 1484 1410 1536 Scaligerum
1441 1486 1565 1525 miror
1596 1487 1725 1537 primo

179 1553 264 1592 loco
293 1544 452 1599 Ἀσπὶς
478 1548 550 1603 μὲν
581 1544 709 1609 οὐκέτ’
746 1548 849 1590 ἐστὶν
874 1544 977 1606 οὐδ’
1013 1550 1141 1604 ἴχνος,
1182 1551 1357 1591 secundo
1386 1547 1492 1599 ἆκὶς
1523 1549 1596 1603 μὲν
1627 1582 1636 1592 .
1656 1583 1666 1593 .
1686 1581 1696 1592 .
1715 1578 1726 1589 .

180 1610 273 1658 οὐδ’
314 1617 423 1670 ἴχνος
461 1615 602 1670 βέλους
643 1617 870 1668 scripsisse,
907 1629 1036 1668 neque
1077 1618 1373 1668 obtemperavit
1411 1617 1518 1668 Keil,
1558 1619 1626 1669 qui
1662 1619 1725 1658 bis

179 1677 316 1732 ἀσπὶς,
348 1686 527 1723 extremo
558 1696 680 1723 versu
711 1682 819 1735 ἴχνος
850 1678 962 1735 βαθύ
994 1683 1130 1723 edidit.
1178 1683 1266 1734 Ego
1299 1684 1394 1724 olim
1427 1684 1639 1725 exstimavi
1670 1685 1725 1724 le·

179 1749 355 1801 gendum
382 1761 486 1789 esse:
514 1743 650 1797 ’Λσπὶς
675 1745 746 1800 μὲν
771 1741 901 1788 οὐκέτ’
931 1747 1013 1788 ἔστί
1035 1764 1123 1801 μοι,
1149 1748 1284 1802 λίγδον
1310 1741 1348 1788 δ’
1379 1748 1466 1802 ἔχω.
1497 1750 1605 1801 quod
1624 1751 1726 1790 Har-

177 1818 281 1868 tung
318 1815 486 1866 recepit,
526 1816 603 1855 nisi
642 1815 748 1866 quod
786 1827 907 1854 versu
948 1816 1126 1854 extremo
1171 1811 1311 1867 ψυχήν
1349 1808 1388 1855 δ’
1429 1814 1502 1868 ἔχω
1545 1817 1723 1868 scripsit3

178 1884 318 1922 contra
349 1882 562 1932 Emperius
591 1875 727 1929 Ἀσπὶς
759 1878 830 1933 μὲν
862 1873 990 1920 οὐκέτ’
1026 1878 1108 1920 ἐστί
1136 1880 1178 1921 οἱ
1206 1879 1288 1920 διαὶ
1319 1877 1431 1934 χερός
1455 1882 1633 1922 coniecit.
1667 1903 1722 1910 —

179 1948 259 1988 Sed
290 1960 436 1998 anceps
468 1950 530 1988 est
560 1947 752 1987 iudicium
783 1946 832 1986 de
863 1946 1039 1986 trimetri
1064 1947 1286 1986 catalectici
1312 1948 1491 1998 exemplo
1518 1948 1625 1999 quod
1650 1949 1724 1988 ibi-

178 2015 270 2054 dem
301 2014 556 2065 proponitur:
1487 2019 1496 2026 ”

389 2091 617 2137 ἈΝΤΩΤΙ
642 2097 848 2136 ΜΟΥΣΑ
879 2096 1272 2136 ΠΡΟΣΙΜΕΣΟΝ.

178 2184 262 2224 cod.
294 2183 332 2222 A
392 2179 1177 2230 ANTSZTIMOYCAHPOIMHOON,

297 2267 330 2305 Β
394 2262 1182 2304 ΑΝΤΩΤΙΜΟΟΛΠΠΟΟΛΛΗΟΟΝ.

177 2353 219 2391 et
250 2349 392 2390 deinde
424 2347 842 2401 grammaticus'haec
874 2348 1097 2400 subiungit:
1129 2348 1228 2400 „Hic
1255 2350 1357 2388 enim
1389 2350 1423 2389 si
1441 2350 1564 2390 fucrit
1583 2351 1722 2391 addita
1736 2366 1804 2398 732

178 2418 221 2457 in
251 2416 329 2456 fine
361 2416 539 2467 syllaba,
571 2415 640 2454 fiet
670 2414 978 2464 Archilochium,
1010 2414 1058 2453 de
1090 2428 1168 2466 quo
1199 2416 1320 2465 paulo
1352 2417 1445 2454 ante
1478 2417 1660 2468 tractavi,

391 2505 620 2544 ANTONI
646 2504 788 2543 NOTI
814 2503 1019 2542 ΜΟΥΣΑ
1050 2504 1552 2544 ΠΡΟΣΑΔΜΙΣΑΤΟΣ.

177 2599 299 2648 atque
331 2595 449 2650 plane
480 2594 685 2645 conspirat
716 2593 771 2643 A,
802 2606 931 2644 neque
962 2605 1205 2644 magnopere
1237 2593 1439 2644 discrepat
1470 2595 1503 2633 B

392 2715 480 2754 AN
482 2682 666 2754 YgNIN
666 2711 1354 2753 OTIAIOXOAHPOOAAECTA
1359 2714 1472 2754 TOO.

176 2794 311 2834 Facile
343 2796 512 2844 apparet
542 2793 675 2844 priore
706 2793 792 2831 loco
818 2791 972 2842 aliquot
1002 2791 1161 2831 litteras
1192 2791 1435 2842 interceptas
1468 2805 1574 2844 esse,
1613 2807 1718 2844 quae

176 2860 305 2900 altero
337 2860 423 2900 loco
456 2862 642 2900 servatae
674 2860 778 2908 sunt.
834 2857 976 2909 Itaque
1007 2858 1088 2897 iam
1119 2857 1213 2898 licet
1244 2859 1459 2909 utrumque
1492 2860 1717 2910 exemplum

175 2925 469 2977 redintegrare:
