1890 3216
161 165 249 206 48ss
751 141 1105 196 IAMBOGRAPHI.

717 343 1154 390 TPIMETPA

831 420 1038 499 72.[52]

191 559 195 562 -
254 529 387 584 Γάμος
418 528 619 583 κράτιστός
650 530 753 571 ἐστιν
785 527 902 583 ἀνδρὶ
933 527 1134 583 σώφρονι,

257 594 401 650 τρόπον
432 593 621 650 γυναικὸς
653 593 820 649 χρηστὸν
852 595 970 637 ἕδνον
1001 592 1230 649 λαμβάνειν.

256 660 355 715 αὕτη
387 659 462 716 γὰρ
494 658 518 714 ἡ
551 660 666 714 προὶξ
699 662 829 702 οἰκίαν
861 658 972 709 σώζει
1003 658 1117 714 μόνη.

259 726 361 777 ’ὅστις
394 724 436 768 δὲ
467 724 671 780 τρυφερὰν
702 724 774 780 τὴν
805 723 963 781 γυναῖκ’
999 724 1085 781 ἄγει
1115 723 1251 780 λαβών

256 802 279 826 *
401 800 424 825 ηε
546 801 569 824 *
690 800 713 825 *
834 800 857 824 *
978 800 1001 825 *

206 856 226 888 5
260 843 456 901 συνεργὸν
488 841 603 895 οὗτος
634 844 721 887 ἀντὶ
753 847 964 899 δεσποίνης
995 846 1072 900 ἔχει

260 911 418 964 εὔνουν,
451 913 618 965 βεβαίαν
649 913 703 961 εἰς
735 909 891 952 ἅπαντα
921 909 992 952 τὸν
1024 912 1125 965 βίον.

835 1039 1041 1093 73.[354

257 1121 403 1179 Ὀλίγα
436 1124 690 1181 φρονοῦσιν
723 1123 769 1165 οἱ
797 1121 928 1178 χάλιν
961 1121 1222 1173 πεπωκότες.

910 1254 977 1296 74.
1641 1223 1708 1296 τῖε-1

265 1336 331 1382 Οὔ
364 1354 440 1394 μοι
473 1339 656 1388 δικαίως
688 1334 842 1393 μοιχὸς
874 1333 1047 1380 ἁλῶναι
1079 1335 1224 1379 δοκέει

262 1412 449 1467 Κριτίης
482 1406 504 1452 ὃ
538 1412 647 1460 Χῖος
678 1409 726 1452 ἐν
759 1409 994 1467 κασωρικςό
1028 1405 1164 1467 δόμῳ.

267 1575 325 1611 Fr.
354 1579 409 1610 72.
461 1574 562 1610 Stob.
589 1573 687 1610 Flor.
713 1574 848 1610 LXXII
874 1578 912 1610 5:
940 1571 1248 1614 Ἱππώνακτος
1281 1573 1349 1618 (ita,
1374 1574 1406 1608 A
1434 1572 1588 1619 Trinc.)·
1625 1571 1712 1609 Γά-

174 1637 252 1669 μος
277 1626 350 1658 κτλ.
402 1622 543 1658 Eadem
569 1621 738 1667 Apostol.
766 1623 798 1658 V
824 1626 870 1658 24
896 1634 927 1658 c.
953 1621 1188 1657 Valckenaer
1219 1621 1450 1656 existimavit
1484 1621 1558 1657 duo
1593 1621 1713 1657 diver-

173 1683 297 1707 sorum
322 1672 521 1716 poetarum
552 1669 763 1714 fragmenta
793 1670 833 1705 in
864 1682 979 1705 unum
1011 1669 1211 1713 coaluisse,
1242 1669 1298 1704 ita
1331 1670 1374 1703 ut
1405 1680 1428 1704 a.
1460 1681 1500 1704 v:
1521 1673 1543 1704 4
1575 1681 1715 1705 novum

173 1719 305 1764 fragm.
333 1717 506 1767 incipiat:
533 1717 605 1753 hoc
629 1717 709 1752 fieri
734 1720 869 1763 potest,
895 1729 970 1752 non
996 1719 1124 1752 tamen
1144 1697 1425 1752 cer’tum2i11ud
1445 1727 1534 1752 vero
1556 1718 1714 1762 apparet

172 1768 261 1812 post
285 1778 318 1802 v.
346 1769 368 1800 4
395 1757 580 1808 quaedam
605 1764 796 1800 excidisse.
837 1764 996 1801 Omnino
1023 1766 1149 1799 autem
1173 1764 1215 1799 hi
1239 1775 1367 1799 versus
1393 1763 1456 1799 vix
1482 1765 1531 1800 ab
1557 1765 1714 1821 antiquo

174 1815 288 1870 poeta.
318 1812 496 1858 profecti,
530 1811 766 1857 Hipponacte
801 1813 901 1848 certe
936 1812 1092 1857 indigni.
1143 1811 1386 1847 scribendum
1419 1810 1536 1855 igitur
1566 1808 1715 1847 “-Ιππο

175 1858 404 1903 θόωντος,
429 1859 467 1894 id
493 1859 595 1903 quod
622 1860 794 1895 Meineke
831 1871 977 1905 quoque
1003 1860 1106 1895 Poet.
1134 1858 1236 1894 Com.
1263 1859 1315 1893 IV
1342 1870 1379 1903 p.
1408 1861 1477 1893 714
1504 1858 1715 1904 suspicatus

177 1910 243 1944 est.
294 1908 350 1942 De
375 1907 659 1952 Hippothoonte
685 1907 759 1942 vid.
786 1907 881 1952 ib.p
884 1911 994 1943 7.11.
1034 1906 1177 1942 Eadem
1203 1905 1373 1942 confusio
1399 1917 1447 1951 ap
1488 1906 1590 1942 Stob.
1616 1906 1714 1942 Flor.

176 1955 312 1991 LXVII
341 1959 396 1990 14.
441 1953 482 1989 In
504 1955 666 1990 editione
689 1955 841 1991 Stobaei
861 1955 1033 1990 Meineke
1054 1953 1285 1999 Hipponacti
1305 1952 1456 2007 (1111(16111
1476 1953 1569 1989 haec
1590 1955 1716 1989 omnia

178 2003 381 2044 abiudicat
407 2003 472 2037 sed
496 2001 639 2047 priores
665 2013 794 2038 versus
819 2002 974 2047 tragico,
1001 2001 1225 2047 posteriores
1245 2001 1389 2037 comico
1415 2002 1458 2036 ut
1477 2001 1626 2036 videtur
1651 2001 1716 2036 tri-

177 2051 269 2086 buit.
297 2069 342 2076 —-
368 2051 411 2085 V.
438 2053 470 2085 2.
499 2050 609 2086 ἕδνον
635 2048 844 2106 λαμβάνειν
869 2050 1014 2095 Haupt,
1041 2049 1113 2084 nisi
1148 2048 1245 2084 forte
1273 2047 1365 2084 ε’δνα
1396 2048 1523 2106 potius
1554 2048 1717 2085 scriben-

178 2099 264 2134 dum
270 2098 503 2158 ,legebatur
511 2097 623 2133 ἔνδον
642 2095 862 2155 λαμβάνενν,
883 2098 982 2132 unde
1002 2096 1092 2132 olim
1113 2095 1256 2132 conieci
1283 2094 1330 2131 ἐν
1357 2097 1517 2141 δομοις
1541 2099 1718 2153 λαχεῖν,

178 2127 352 2181 Meirieke
388 2143 427 2186 ἐς
461 2143 600 2191 δόμους
627 2142 758 2201 κᾶγειν.
794 2166 837 2171 --
871 2145 913 2180 V.
942 2149 974 2180 4.
1002 2143 1061 2189 δε,
1094 2143 1267 2179 Meineke
1301 2143 1411 2179 delet.
1446 2164 1491 2169 —
1523 2141 1718 2201 τρυφερὰν

180 2192 329 2239 scripsi,
367 2193 481 2236 vulgo
513 2194 681 2238 τρυφῶς,
719 2193 783 2228 ΑΒ
815 2192 925 2228 Vind.
959 2194 1086 2238 Apost
1122 2191 1333 2237 τρυφερῶς,
1367 2191 1488 2226 Trinc.
1520 2189 1717 2237 τρυφερός,

181 2240 331 2277 Grotius
356 2237 585 2285 ἄτρύφερον,
612 2241 783 2276 Meineke
809 2240 1026 2286 τρυφῶσαν.

275 2324 333 2360 Fr.
362 2328 416 2359 73.
468 2323 590 2359 Tzetz.
618 2324 665 2358 ad
698 2323 849 2359 Hesiod.
885 2323 950 2380 Op.
977 2335 1011 2358 v.
1039 2326 1125 2358 336:
1165 2319 1184 2357 ὁ
1223 2319 1295 2367 γὰρ
1334 2319 1436 2362 οἶνος
1470 2319 1537 2363 τὰς
1575 2321 1719 2368 φρένας

182 2369 324 2417 ἐξιστᾷ·
353 2368 483 2407 ἐνίοτε
500 2371 565 2406 καὶ
590 2368 720 2416 θυμὸν
749 2369 894 2416 ἐπάγει,
922 2367 970 2411 ὡς
995 2369 1060 2405 καὶ
1081 2367 1285 2412 Ιππῶναξ·
1307 2366 1435 2414 Ὀλίγα
1461 2372 1535 2409 κτλ.
1574 2369 1717 2405 Eadem

180 2419 227 2454 ad
253 2420 281 2454 L
284 2420 437 2464 yco.phr
465 2422 544 2455 579.
571 2419 696 2454 Miller
729 2419 832 2454 Misc.
869 2422 937 2454 307
973 2429 1000 2452 s.
1034 2419 1133 2462 p.oet
1166 2430 1200 2452 n.
1252 2417 1406 2452 Tzetzes
1445 2417 1492 2452 ad
1529 2415 1716 2463 Aristoph.

180 2467 278 2502 Plut.
304 2470 372 2502 437
399 2467 454 2502 ed.
483 2467 531 2502 ab
556 2467 805 2520 Herwerdeno
831 2465 880 2501 ad
906 2461 1470 2511 Soph.0ed.Reg.1m03v0c5‚
1503 2464 1573 2510 μέν
1600 2477 1716 2510 φησιν

180 2511 200 2548 ὁ
220 2512 356 2560 λέγων·
384 2514 592 2559 φρονοῦσιν
612 2517 686 2549 κτλ.
712 2513 736 2550 1.
758 2526 788 2550 e.
810 2510 908 2559 ολιγ
920 2526 969 2548 ον
996 2513 1121 2558 φρον.)
1142 2533 1186 2538 -
1208 2512 1427 2559 φρονοῦσιν,
1455 2512 1717 2548 Schneidewin

183 2562 400 2606 φρονεῦσιν.

277 2644 333 2681 Fr.
362 2649 417 2681 74.
469 2646 588 2681 Tzetz.
616 2645 735 2681 Cram.
763 2645 831 2679 Α11.
860 2644 925 2680 Ox.
952 2643 1004 2679 ΙΙΙ
1030 2646 1111 2687 308,
1138 2645 1201 2678 25:
1236 2641 1422 2699 Δέχονται
1454 2642 1519 2678 και
1550 2644 1718 2687 τρισσυλ-

182 2690 320 2748 λάβους
345 2691 399 2732 εἰς
424 2691 468 2749 ς’,
495 2690 591 2738 πλὴν
623 2690 711 2733 τοὺς
742 2689 818 2727 απὸ
853 2693 1031 2740 βραχείας
1061 2688 1309 2749 αρχομένους,
1340 2687 1406 2725 τὸν
1436 2693 1586 2735 χορεῖον
1618 2689 1715 2747 φημὶ

183 2740 247 2774 καὶ
272 2737 338 2774 τὸν
364 2752 617 2786 αναπαιστον,
644 2737 693 2781 ὡς
719 2737 738 2775 ὁ
768 2737 1007 2782 εἸππῶνοιξ
1043 2736 1106 2774 Ου
1137 2750 1200 2783 μοι
1225 2738 1258 2772 δ.
1285 2751 1320 2783 μ.
1348 2735 1384 2774 ἁ.
1412 2738 1444 2773 δ.
1471 2738 1660 2782 Κριτίης
1692 2734 1712 2772 ὁ

182 2824 291 2863 Χιος
318 2820 364 2858 ἐν
390 2823 445 2871 τῷ
473 2823 706 2870 κατωτικῷ
733 2820 877 2869 δουλῳ
906 2821 953 2868 (Α
977 2801 1129 2865 nagcog',
1156 2821 1184 2855 B
1209 2821 1300 2863 κιῶξ
1327 2816 1447 2865 δουλ’,
1473 2819 1624 2855 Barocc.
1645 2832 1712 2854 κα-

183 2869 270 2914 τῶξ)
302 2869 366 2904 καὶ
398 2861 492 2906 πᾶσι
524 2871 611 2916 (leg.
644 2869 771 2915 παλιν)
803 2875 951 2905 κακοισι
982 2873 1055 2905 κτλ.
1089 2850 1144 2913 (fi'.
1173 2870 1244 2912 42).
1296 2867 1572 2912 Schneidewin,
1603 2878 1714 2912 quem

185 2915 273 2955 olim
300 2916 382 2964 ipse
409 2919 556 2955 secutus
583 2931 687 2963 sum,
720 2919 873 2963 Κριτίης
900 2915 1116 2964 ...δούλῳ
1149 2915 1379 2951 existimavit
1410 2915 1567 2950 ΤΖοῑΖιθ
1598 2915 1713 2949 verba
