1890 3216
891 334 983 403 W·
1640 370 1709 402 407

712 434 1183 503 PISANDER.

254 573 403 629 Ἀνὸρὶ
435 571 515 628 μὲν
542 569 786 626 Ἰππαίμων
819 567 945 625 ὄνομ’
981 563 1070 624 ἦν,
1092 569 1209 627 ἵππῳ
1244 567 1293 611 δὲ
1325 567 1574 625 Πόδαργος.

316 644 388 687 καὶ
419 643 521 687 κυνὶ
555 641 816 698 Λήθαργος,
847 639 921 683 καὶ
952 638 1198 696 θεράποντι
1229 637 1397 695 Βάβης·

256 714 501 770 Θεσσαλός,
534 715 580 758 ἐκ
612 711 811 770 Κρήτης,
845 709 1036 766 Μάγνης
1066 710 1215 766 γένος,
1247 711 1448 766 Αἵμονος
1478 709 1577 763 υἱός

316 784 450 830 ὤλετο
484 785 522 828 δ’
560 785 606 828 ἐν
638 783 881 840 προμάχοις
912 779 1021 834 ὀξὺν
1041 778 1154 839 ”Αρη
1188 779 1411 837 συνάγων.

281 915 508 951 Pisander
552 908 1234 968 Anth.Pal.V11304:111602v690v
1255 907 1413 947 Ροδίον.
1448 911 1520 947 hoc
1551 924 1598 948 m.
1625 916 1646 947 2
1673 911 1714 948 in

188 976 323 1019 marg,
348 964 429 997 tum
455 962 492 996 C.
519 958 653 997 τούτου
679 960 744 995 τοῦ
765 956 1053 1017 ἐπιγράμματος
1079 957 1265 1015 μέμνηται
1290 956 1509 1015 Νικό<λαος)
1536 956 1557 995 ὁ
1584 962 1714 1005 Δαμα-

188 1007 340 1056 σκηνόςε
365 1022 390 1044 x
414 1007 463 1050 ὡς
488 1006 652 1055 άρι’.στου
692 1006 745 1048 εἰς
765 1004 992 1052 Ιππαίμονα
1017 1003 1082 1040 τὸν
1110 1004 1151 1042 ἐκ
1185 1003 1312 1051 Κρήτη
1317 1020 1334 1046 ς
1359 1003 1557 1064 Μάγνητα.
1607 1006 1714 1043 Prius

188 1059 376 1094 distichon
401 1058 539 1113 legitur
564 1056 679 1091 etiam
703 1066 761 1099 ap.
788 1054 896 1090 Dion.
924 1053 1007 1089 Chr.
1034 1053 1208 1110 XXXVII
1235 1054 1275 1088 T.
1303 1053 1338 1087 II
1364 1057 1450 1088 532.
1472 1051 1654 1112 Ἄνδρὶ.

189 1103 346 1153 Βάβης.
390 1106 444 1145 τίς
479 1099 547 1140 οὖν
579 1101 682 1139 οἶδεν
712 1099 899 1159 Ἑλλήνων
931 1098 1000 1158 οὐχ
1033 1097 1090 1136 ὅτι
1121 1098 1188 1136 τὸν
1200 1101 1355 1158 ἵππον,
1383 1097 1464 1136 ἀλλ’
1499 1098 1617 1137 αὐτὸν
1648 1100 1715 1138 τὸν

191 1154 424 1210 Ιππαίμονα;
455 1152 554 1187 δοκῶ
587 1149 655 1196 μὲν
689 1147 778 1185 οὐδὲ
809 1146 1042 1206 Μαγνήτων,
1069 1145 1165 1184 όθεν
1190 1142 1237 1193 ἦν
1259 1145 1476 1205 Ιππαίμων.
1510 1143 1619 1190 οὗτος
1645 1148 1714 1194 μὲν

189 1194 258 1236 οὖν
284 1200 451 1256 φροῦδος
477 1196 515 1242 ἐξ
542 1195 759 1254 ἀνθρώπων
786 1193 886 1244 αὐτῷ
913 1193 1059 1252 Βάβητι
1080 1196 1146 1231 καὶ
1177 1193 1379 1243 Ποδάργῳ.
1424 1197 1462 1232 et
1486 1208 1545 1254 ap.
1573 1197 1715 1233 Polluc.

189 1249 238 1284 VI
264 1251 327 1282 45.
355 1243 398 1282 οὗ
427 1244 499 1292 μὴν
526 1242 615 1281 οὐδὲ
642 1242 661 1280 ὁ
689 1242 852 1301 Μάγνης
876 1241 996 1289 κύων,
1022 1241 1063 1279 τὸ
1087 1240 1328 1301 Ιππαίμονος
1352 1244 1493 1290 κτῆμα,
1520 1242 1540 1280 6
1561 1241 1714 1302 Λήθαρ-

189 1309 269 1341 γος,
303 1291 516 1350 ἀνώνυμος,
549 1288 591 1334 ὃς
620 1293 670 1340 τῷ
701 1290 868 1338 δεσπότῃ
901 1290 1179 1350 συντέθαπται,
1210 1289 1389 1349 καθάπερ
1422 1290 1558 1338 μηνύει
1587 1288 1716 1328 τούπί-

189 1352 358 1389 γραμμα·
385 1338 495 1385 άνδρὶ
521 1344 596 1376 κτλ.
629 1342 666 1375 et
690 1339 828 1375 Eudoc.
855 1343 910 1374 96.
938 1360 982 1364 -
1014 1338 1060 1375 V.
1088 1343 1118 1374 1.
1147 1320 1256 1385 ονομ’
1283 1333 1332 1398 ἦν
1361 1338 1474 1376 Anth.
1503 1340 1597 1376 Po.ll
1622 1340 1715 1377 Eud.

190 1392 229 1426 et
247 1402 306 1435 ap.
327 1387 433 1424 Dion.
453 1389 523 1423 ΒΜ
549 1388 601 1433 (in
619 1401 667 1423 ΠΙ.
694 1383 814 1433 ὄνομα
841 1380 896 1434 ᾧ),
922 1387 988 1421 sed
1011 1386 1146 1432 reliqui
1178 1353 1306 1423 codd.⁷²
1310 1383 1433 1433 ὄνομα
1458 1388 1592 1435 1⁶5.—
1613 1385 1716 1424 Ιππ-

190 1439 322 1483 αί,μων
353 1435 445 1473 Eud
474 1433 677 1481 Ιππάμων.
711 1456 753 1460 -
781 1436 901 1481 ἵππω,
933 1435 1012 1470 cod.
1039 1435 1117 1471 Pal.
1151 1435 1293 1479 ἵππων,
1326 1435 1425 1480 quod
1457 1424 1592 1471 deiude
1623 1447 1716 1473 corr.

190 1506 232 1510 —
260 1484 303 1519 V.
331 1488 363 1519 2.
390 1481 593 1528 Λήθαργος
619 1482 688 1518 Dio
714 1482 806 1518 Poll.
832 1482 939 1527 Eud„
965 1479 1041 1527 θήρ
997 1495 1160 1528 ηραγρος
1183 1463 1308 1527 Anth’.,
1335 1483 1400 1518 sed
1425 1493 1518 1520 corr.
1544 1496 1600 1529 ·γ.ρ
1625 1479 1717 1529 λήθ-

189 1545 302 1589 αργος
333 1531 447 1576 (haud
473 1531 584 1566 dubie
611 1542 655 1565 ex
686 1529 844 1565 Nicolao
878 1529 1075 1574 Damaso).
1120 1529 1165 1566 cf.
1192 1530 1336 1565 Finsler
1367 1542 1422 1576 gr.
1448 1530 1561 1567 Anth.
1589 1535 1645 1567 72.
1672 1551 1718 1557 —

191 1578 330 1627 Βάβης,
363 1578 442 1614 cod
468 1578 546 1613 Pal.
573 1575 652 1623 μάμ
655 1591 708 1623 ης.
741 1577 833 1613 Eud.
860 1575 1001 1622 Βάθης.
1034 1598 1080 1603 —-
1111 1577 1156 1612 V.
1182 1581 1204 1612 3
1231 1574 1273 1612 ἐκ
1305 1577 1344 1613 in
1376 1578 1454 1614 Pal.
1491 1590 1558 1624 sup
1560 1589 1602 1613 ra
1632 1578 1717 1616 add.
1775 1599 1777 1602 .

191 1648 236 1653 -—
261 1628 419 1672 Αἵμονος
445 1626 566 1669 Plan,
593 1626 748 1670 αι”μονος
773 1625 852 1661 Pal.
898 1624 1068 1660 Ceterum
1104 1625 1305 1660 Thessalus
1335 1624 1407 1660 fuit
1433 1637 1565 1670 equus,
1600 1626 1717 1662 Creti-

191 1687 255 1709 cus
288 1673 405 1717 canis,
436 1674 675 1719 Hippaemon
705 1673 935 1718 Magnesius,
974 1673 1087 1716 servi,
1126 1672 1191 1718 qui
1222 1672 1397 1709 inferiore
1431 1673 1592 1709 habetur
1622 1674 1718 1719 loeo,

191 1721 351 1767 patriam
371 1721 539 1756 consulto
564 1723 677 1766 poeta
695 1720 844 1756 videtur
867 1720 1076 1756 reticuisse.
1102 1720 1176 1755 fuit
1199 1720 1358 1756 fortasse
1387 1721 1523 1766 Phryx,
1548 1721 1622 1756 vid.
1643 1721 1716 1758 Tit.
1774 1753 1779 1756 .

191 1770 325 1814 Phryg.
352 1781 386 1804 n.
412 1768 428 1802 I
453 1779 500 1813 ap
541 1769 690 1803 Stevart
715 1769 747 1802 A
772 1767 1010 1813 Description
1041 1767 1084 1803 of
1111 1779 1214 1803 some
1246 1767 1396 1804 ancient
1419 1770 1654 1804 monuments
1677 1768 1719 1804 in

193 1817 310 1874 Lydia
335 1816 407 1851 and
427 1815 608 1872 Phrygia.
635 1814 782 1861 BABA,
807 1815 905 1850 idem
925 1827 1061 1850 nomen
1081 1813 1224 1860 Βάβυς,
1249 1816 1323 1852 vid.
1345 1816 1546 1851 Proverbia
1571 1814 1718 1852 Κάκιον

193 1861 214 1909 ἢ
238 1861 368 1921 Βάβυς
393 1859 511 1919 αὐλεῖ,
537 1863 680 1908 dequo
707 1864 751 1899 cf.
772 1864 907 1899 Athen.
927 1862 1015 1898 XIV
1034 1867 1104 1898 624
1123 1863 1152 1897 Β
1178 1864 1217 1898 et
1242 1863 1376 1898 Zenob.
1397 1863 1505 1900 Prov.
1525 1863 1577 1898 IV
1596 1868 1653 1908 81,
1680 1865 1720 1900 et

193 1910 340 1959 Βάβυος
370 1908 480 1956 χορὸς
509 1910 605 1956 App.
607 1876 736 1946 q·.va
764 1911 778 1945 I
805 1915 860 1945 46.
911 1910 1036 1945 Etiam
1068 1910 1292 1955 Pherecydis
1325 1910 1421 1956 Syrii
1452 1911 1561 1956 pater
1593 1911 1719 1956 Βάβυς

192 1959 407 2001 vocabatur,
433 1958 506 1993 vid.
535 1957 634 1994 Suid.
665 1955 896 2003 Φερεκύδης,
922 1958 1031 2004 Diog.
1058 1959 1180 1993 Laert
1208 1959 1323 1995 1116.
1365 1957 1421 1994 De
1447 1958 1719 2018 significatione

123 2029 127 2033 -
194 2006 319 2042 confer
351 2006 460 2042 Phot.
491 2005 587 2042 Bibl.
607 2018 657 2061 p.
684 2010 751 2040 341
774 2006 821 2040 B:
859 2003 982 2053 Βάβια
1015 2003 1056 2041 δε
1089 2003 1128 2041 οἷ
1157 2003 1294 2051 Σύροι,
1326 2005 1391 2041 καὶ
1422 2003 1580 2064 μάλιστα
1615 2004 1654 2041 οἷ
1676 2003 1718 2043 ἐν

195 2051 383 2110 Δαμάσκῳ
409 2050 454 2087 τὰ
482 2050 620 2098 νεογνά
647 2053 803 2088 καλοῦσι
827 2054 981 2099 παιδία,
1015 2050 1089 2098 ἤδη
1117 2051 1158 2088 δε
1187 2053 1252 2088 καὶ
1276 2050 1322 2088 τὰ
1349 2050 1526 2099 μειράκια
1552 2050 1628 2089 άπὸ
1654 2054 1720 2099 τῆς

193 2098 283 2146 παρ’
320 2100 449 2141 αὐτοῖς
478 2100 724 2155 νομιζομένης
754 2101 903 2148 Βαβίας
932 2101 1041 2138 θεοῦ.
1075 2121 1119 2126 ——
1150 2099 1246 2136 Hart
1248 2113 1323 2146 ung
1353 2112 1475 2136 meam
1501 2100 1719 2146 explicatio-

194 2160 277 2183 nem
291 2148 540 2194 reprehendit,
560 2149 716 2183 nimium
736 2149 916 2184 honorem
931 2149 1015 2184 cani
1034 2149 1100 2184 aut
1118 2159 1214 2193 equo
1229 2148 1344 2184 tribui
1364 2148 1578 2185 existimans
1595 2149 1720 2195 patria

194 2207 320 2231 eorum
346 2195 491 2239 addita,
517 2196 617 2241 quod
642 2196 735 2231 mihi
760 2196 911 2241 quidem
935 2207 1010 2232 non
1035 2197 1093 2232 est
1111 2195 1324 2232 offensioni:
1350 2200 1390 2232 at
1408 2196 1537 2241 quod
1526 2207 1607 2242 lpse
1633 2208 1719 2232 con-

193 2244 315 2279 tendit
339 2244 432 2279 haec
457 2243 581 2278 omnia
606 2243 654 2278 ad
678 2245 799 2279 virum
825 2243 1020 2279 referenda
1045 2254 1143 2288 esse,
1175 2243 1240 2289 qui
1272 2255 1316 2279 ex
1341 2243 1534 2290 Magnesia
1559 2244 1720 2279 Thessa.-

193 2291 267 2326 liea
286 2290 397 2325 fuerit
417 2291 609 2334 oriundus,
631 2302 714 2326 oum
733 2291 894 2326 maiores
919 2290 1059 2326 fuerint
1079 2291 1288 2335 Cretenses,
1314 2291 1401 2327 huic
1419 2291 1722 2337 interpretationi

194 2350 267 2373 non
289 2338 407 2374 solum
428 2338 517 2374 ordo
537 2339 734 2374 verborum
754 2339 890 2382 obstat,
911 2339 977 2374 sed.
996 2339 1111 2374 etiam
1125 2339 1196 2374 hoo
1214 2339 1435 2385 refragatur,
1456 2339 1557 2384 quod
1568 2338 1720 2385 Magne-

194 2389 250 2421 tes
275 2397 349 2421 non
374 2386 482 2421 credo
507 2385 573 2421 illa
599 2386 722 2421 aetate
747 2388 849 2421 reete
875 2385 1065 2421 Thessalis
1091 2386 1296 2430 accenseri;
1328 2398 1415 2422 nam
1447 2386 1563 2422 etiam
1587 2388 1720 2432 postea

195 2434 386 2478 Magnetes
419 2444 441 2467 a
472 2433 604 2468 ceteris
637 2434 826 2469 Thessalis
858 2433 1018 2476 seiunoti
1047 2433 1214 2478 fuerunt,
1246 2434 1291 2470 cf.
1318 2434 1491 2470 Aeschin.
1523 2434 1606 2470 adv.
1633 2433 1718 2470 cte-

196 2480 287 2525 siph.
316 2484 371 2515 83.
400 2481 463 2516 Sin
489 2481 613 2516 omnia
638 2481 694 2516 ad'
711 2493 825 2516 unum
851 2481 1148 2526 Hippaemonem
1172 2479 1365 2517 referenda
1392 2483 1479 2517 sunt
1504 2481 1620 2527 (quod
1636 2481 1720 2522 1201-

194 2527 258 2562 lux
282 2528 429 2563 videtur
455 2530 601 2563 secutus
627 2540 724 2572 esse,
757 2528 821 2573 qui
847 2540 976 2564 canem
1000 2529 1215 2574 Magnetem
1242 2529 1360 2575 dicit),
1390 2528 1466 2564 tria
1491 2529 1584 2564 haec
1609 2528 1720 2564 simul

194 2576 232 2610 in
258 2586 301 2611 eo
326 2575 470 2610 laudari
496 2576 782 2611 existimandum
815 2578 887 2622 est,
921 2576 1099 2622 quoniam
1128 2577 1324 2622 Magnetes
1357 2587 1401 2612 ex
1433 2576 1625 2612 Thessalia
1649 2576 1720 2612 ori-

198 2623 287 2657 undi
314 2622 403 2658 olim
428 2622 466 2656 in
493 2622 601 2659 Creta
626 2623 855 2658 domicilium
884 2623 1309 2668 collocave1unt‚haud
1333 2624 1389 2660 ita
1413 2623 1531 2660 multo
1556 2625 1641 2669 post
1664 2624 1722 2659 his

198 2669 346 2704 sedibus
372 2670 511 2705 relictis
536 2682 671 2706 novam
696 2672 826 2707 urbem
851 2672 1082 2716 Magnesiam
1113 2672 1163 2707 ad
1191 2671 1432 2708 Maeandrum
1458 2636 1722 2707 condipderunt-

198 2727 284 2751 nam
310 2717 402 2752 haec
435 2717 507 2753 fuit
536 2730 664 2764 reapse
695 2718 965 2764 Hippaemonis
991 2719 1113 2764 patria
1138 2719 1228 2764 (vid.
1253 2716 1325 2755 Dio
1351 2718 1470 2772 clm),
1501 2730 1575 2754 non
1601 2718 1722 2764 Creta,

199 2765 240 2798 ut
270 2763 416 2800 videtur
446 2765 583 2801 lemma
618 2766 697 2801 cod.
730 2766 809 2801 Pal.
835 2766 1016 2802 indicare:
1050 2766 1188 2802 etenim
1218 2765 1313 2802 nulli
1347 2766 1497 2802 omnino
1527 2747 1722 2820 Magnetes

202 2811 346 2846 Cretam
383 2812 543 2847 insulam
580 2812 752 2849 videntur
783 2805 1006 2859 obtinuisse,
1042 2816 1243 2860 postquam
1274 2814 1378 2850 sedes
1411 2824 1494 2849 suas
1525 2812 1563 2848 in
1593 2812 1719 2850 Asiam

200 2859 482 2895 transtulerunt:
510 2861 554 2897 ef.
581 2860 694 2896 etiam
720 2861 847 2897 Hoeck
874 2861 983 2897 Creta
1007 2862 1041 2896 ΙΙ
1067 2865 1147 2897 410.
1293 2863 1308 2893 5
