1890 3216
218 177 302 218 308
751 178 941 214 POETAE
969 178 1207 216 ELEGIACI.

288 288 357 327 καί
385 300 446 328 σοι
477 275 735 340 καχλάζδυσιν
766 287 874 340 ἐμοῖς
903 286 1010 342 παρὰ
1042 287 1188 342 νάμασι
1219 287 1353 344 σύριγξ

345 352 570 409 θελγομένῳ
604 350 730 401 στάξει
760 357 872 406 κῶμα
902 352 1000 395 κατὰ
1035 353 1256 409 βλεφάρων.

945 472 1015 514 26.
1035 489 1038 493 ’

279 563 332 606 ‘H
361 569 502 620 Παφίη
535 566 737 620 Κυθέρεια
769 564 821 607 δι’
858 568 1040 620 οἴδματος
1072 567 1111 616 ἐς
1143 569 1296 609 Κνίδον
1326 562 1470 621 ἦλθεν,

344 632 564 684 βουλομένη
597 633 769 673 κατιδεῖν
800 630 933 673 εἰκόνα
964 630 1035 686 τὴν
1066 634 1190 686 ἰδίην·

284 695 412 752 πάντῃ
445 694 481 737 δ’
517 694 726 750 άθρήσασα
757 697 994 754 περισκέπτῳ
1027 698 1085 738 ἐνὶ
1116 696 1228 754 χώρῳ

344 761 559 817 φθέγξατο·
591 766 669 804 ποῦ
700 760 857 817 γυμνὴν
889 760 967 804 εἶδέ
999 779 1043 816 με
1076 763 1333 816 Πραξιτέλης;

237 838 257 868 5
285 828 523 881 Πραξιτέλης
555 825 628 869 οὐκ
659 825 763 869 εἶδεν
794 825 818 869 ἃ
851 826 902 882 μὴ
935 828 1067 882 θέμις,
1099 826 1189 869 ἀλλ”
1219 825 1239 869 ὁ
1272 830 1431 882 σίδηρος

343 890 456 945 ἐ’ξεσ’,
480 891 602 946 ’Ἄρης
635 895 723 934 οἵαν
753 892 871 946 ἤθελε
902 892 975 947 τὴν
1006 896 1185 947 Παφίην.

210 1057 345 1100 metto,
380 1057 424 1091 de
452 1067 524 1101 quo
551 1056 629 1092 dixi
654 1057 702 1093 ad
726 1057 894 1093 Platonis
920 1069 978 1102 ep.
1005 1062 1067 1102 24,
1099 1058 1239 1093 lemma
1270 1058 1397 1093 autem
1430 1058 1663 1094 referendum
1694 1059 1743 1095 ad

211 1104 422 1150 proximum
448 1105 562 1150 epigr.
589 1105 693 1140 Plan.
724 1109 783 1148 12,
816 1107 929 1150 atque
959 1106 1046 1140 inde
1078 1106 1237 1151 proclivi
1263 1117 1384 1142 errore
1409 1105 1580 1142 Platonis
1604 1117 1740 1142 nomen

211 1152 380 1187 additum
405 1152 445 1187 in
470 1163 542 1187 uno
562 1151 658 1188 libro
686 1153 780 1196 (cod.
804 1155 908 1198 1773)
935 1154 973 1188 et
992 1155 1239 1199 propagatum
1267 1153 1315 1188 ad
1339 1154 1549 1199 proximum
1574 1154 1678 1189 Plan.
1696 1158 1739 1189 12

212 1199 289 1235 sive
315 1199 482 1234 Platonis
508 1203 563 1235 25.
615 1199 783 1236 Platonis
808 1200 925 1245 igitur
949 1212 1082 1236 nomen
1109 1201 1170 1236 hic
1196 1201 1419 1237 auctoritate
1450 1201 1561 1247 plane
1587 1201 1743 1237 destitu

209 1249 300 1282 tum.
322 1267 366 1272 -
387 1247 430 1283 V.
452 1251 484 1283 2.
505 1251 673 1290 πυκνοῖς,
700 1247 848 1283 Brunck
867 1252 1050 1292 πυκινοῖς,
1077 1248 1162 1284 fort.
1183 1251 1415 1294 μαλακοῖς.
1437 1269 1481 1274 -
1508 1249 1632 1284 κῶνον
1653 1249 1741 1284 Sca-

210 1295 315 1352 liger,
342 1307 375 1330 v.
403 1295 538 1340 κῶμον
567 1316 609 1320 -
639 1295 681 1330 V.
705 1299 736 1330 3.
764 1292 878 1340 ἐμοῖς,
905 1296 1053 1331 videtur
1079 1292 1161 1341 ἐμὰ
1189 1295 1435 1331 scribendum.
1457 1316 1499 1321 —
1526 1296 1571 1332 V.
1592 1299 1625 1331 4.
1651 1298 1740 1332 θελ-

210 1340 374 1390 γομένῳ,
400 1341 644 1388 θελγομένων
669 1342 738 1377 Α11.
758 1342 840 1378 Pa1.
867 1346 905 1379 et
924 1343 1082 1379 Brunck.
1110 1365 1154 1368 —
1181 1341 1306 1387 στάξει
1332 1343 1475 1389 scripsi,
1501 1344 1602 1389 quod
1626 1343 1742 1380 etiam

208 1379 404 1480 &inperigs
436 1389 549 1434 coni,
587 1391 700 1436 vulgo
732 1387 832 1436 ἄξει,
872 1391 938 1426 Α11.
973 1390 1055 1427 Par.
1089 1386 1192 1436 ἄζει,
1230 1391 1310 1429 cod.
1344 1391 1424 1427 Par.
1457 1392 1528 1434 ι’ζει
1559 1391 1620 1427 vel
1653 1390 1741 1435 ἕξει,

255 1448 296 1472 01·
334 1450 349 1472 ἓ
377 1450 421 1474 δι.

303 1500 359 1532 26.
398 1497 557 1533 Ib.160:
585 1494 798 1538 Πλάτωνος.
837 1497 992 1542 Legitur
1018 1497 1133 1533 etiam
1157 1498 1196 1533 111
1222 1498 1352 1552 primis
1378 1497 1529 1544 paginis
1555 1498 1634 1534 cod.
1660 1498 1739 1534 Pal.

212 1542 430 1589 (Πλάτωνος
450 1544 503 1585 εἰς
522 1542 563 1579 τὸ
586 1541 707 1590 αυτό),
735 1545 774 1580 in
794 1545 874 1580 cod.
895 1544 1005 1581 Vind.
1026 1549 1094 1581 311
1115 1547 1154 1581 et
1172 1556 1231 1591 ap.
1253 1545 1312 1581 111.
1335 1550 1413 1582 105.
1434 1566 1478 1571 -
1506 1546 1548 1581 V.
1570 1550 1602 1582 2
1630 1544 1707 1591 ἰδίη
1709 1559 1742 1590 ν,

209 1592 289 1628 cod.
316 1592 425 1628 Vind.
453 1591 566 1628 ἰδίαν.
594 1613 639 1618 -
665 1593 708 1628 V.
737 1596 768 1627 3.
795 1591 929 1639 πάντῃ,
956 1605 989 1629 v.
1016 1591 1152 1638 πάντη.
1179 1614 1219 1618 -
1249 1593 1292 1628 V.
1320 1597 1352 1629 5.
1379 1591 1495 1639 εἶδεν,
1521 1594 1601 1629 cod.
1628 1592 1738 1628 Vind.

207 1641 300 1675 ἴδεν.
328 1660 372 1665 ——
399 1640 483 1685 σίδη
461 1653 560 1699 ηρος,
587 1640 666 1676 cod.
687 1640 727 1675 P
755 1641 918 1685 σίδαρος.
945 1661 989 1666 -
1017 1640 1059 1675 V.
1082 1645 1114 1676 6.
1142 1638 1255 1685 ε”,ξεσ
1274 1638 1379 1686 ’Ἀρης
1404 1642 1489 1676 οῖἀν
1517 1641 1739 1699 Stephanus,

207 1700 239 1723 v.
269 1686 395 1730 ἕξεσεν
429 1689 514 1723 οιαν
537 1685 660 1732 ”,Αρης
698 1687 827 1724 Iacobs
860 1686 921 1723 οἷά
954 1684 990 1733 γ’
1011 1685 1131 1733 ’Ἀρης,
1173 1689 1323 1724 Passow
1349 1691 1388 1724 et
1412 1688 1583 1724 Meineke
1610 1687 1649 1724 οἷ
1691 1701 1740 1725 αν

201 1732 314 1780 ’Ἀρης
365 1735 546 1770 Ultimum
584 1735 770 1771 distichon
801 1735 930 1771 Iacobs
962 1736 1000 1770 in
1032 1735 1190 1771 Delectu
1221 1735 1360 1772 tacitus
1392 1735 1559 1782 seclusit,
1595 1735 1740 1772 addita-

206 1786 372 1818 mentum
398 1783 560 1818 alienum
586 1784 707 1827 ratus,
732 1785 776 1818 ut
800 1783 966 1826 videtm,
994 1785 1032 1819 et
1057 1795 1227 1819 assensus
1253 1788 1310 1819 est
1328 1783 1527 1819 Benudorf.
1571 1784 1622 1819 At
1645 1783 1739 1819 haec

206 1831 286 1876 ipse
319 1832 432 1875 poeta
462 1830 615 1875 adiecit,
650 1833 693 1865 ut
718 1830 818 1866 Deae
851 1810 1003 1866 miranti
1035 1832 1073 1865 et
1104 1831 1319 1876 indignanti
1351 1831 1607 1876 responderem
1642 1831 1741 1866 inest

206 1889 294 1913 sane
319 1878 496 1923 frigidum
523 1889 695 1923 acumen,
729 1879 842 1933 atqu-e
875 1879 923 1914 ob
947 1878 991 1931 id
1011 1878 1134 1932 ipsum
1160 1879 1254 1914 alius
1281 1880 1410 1924 poeta,
1449 1879 1553 1914 cuius
1578 1880 1637 1913 est
1662 1878 1739 1924 epi-

205 1926 861 2055 {sfssgn3}Zt}⁷130{².¹¹⁶¹i⁰¹31{3s33¹d13¹32'
880 1925 1739 2018 Ξῗεῗῑέξοῗῗῖΐαὲἦέῗῗὲἓξοῑὲἓὲὶ-Ξὶἒωῖἓὲἒῖ

207 2032 289 2055 mus
316 2032 373 2066 ep.
426 2025 462 2056 7:

419 2079 520 2116 Vera
544 2081 670 2116 Venus
696 2080 866 2116 Cnidiam
892 2092 975 2116 cum
1000 2080 1097 2116 vidit
1122 2079 1300 2127 Cyprida,
1328 2079 1439 2116 dixit:

490 2128 630 2164 Vidisti
654 2129 792 2164 nudam
817 2139 894 2174 me,
920 2129 1028 2174 puto,
1054 2129 1253 2164 Praxitele.

420 2175 505 2211 Non
529 2175 624 2219 vidi,
650 2187 718 2212 nec
743 2177 818 2211 fas:
846 2176 911 2211 sed
935 2176 1033 2212 ferro
1060 2187 1152 2222 opus
1178 2187 1287 2211 omne
1313 2176 1494 2221 polimus,

489 2222 641 2259 Ferrum
667 2222 821 2259 Gradivi
845 2223 976 2260 Martis
1001 2224 1040 2259 in
1066 2223 1232 2259 arbitrio.

420 2271 579 2314 Qualem
603 2271 718 2317 igitur
744 2271 894 2307 domino
920 2271 1083 2307 scierant
1111 2271 1292 2317 placuisse
1319 2270 1522 2317 Cytheren,

491 2319 622 2355 Talem
647 2319 818 2354 fecerunt
842 2319 963 2355 ferrea
989 2319 1094 2355 caela
1119 2319 1237 2355 deam.

205 2378 283 2414 Nec
308 2378 487 2413 dissimile
514 2380 571 2414 est
597 2379 828 2424 epigramma
858 2379 1064 2424 adespoton
1090 2378 1203 2414 Anth.
1229 2378 1333 2414 Plan.
1363 2381 1450 2414 159.

420 2438 486 2479 Τις
508 2438 619 2473 λίθον
645 2434 838 2483 ἔψύχωσε;
864 2439 918 2479 τίς
944 2434 985 2473 ἐν
1011 2437 1125 2483 χθονὶ
1149 2435 1297 2494 Κύπριν
1325 2434 1487 2481 ἔσεῖδενς

489 2486 618 2531 ἵμερον
645 2482 687 2521 ἐν
711 2484 828 2532 πέτρῃ
855 2487 909 2526 ’τίς
933 2483 1044 2521 τόσον
1073 2482 1289 2543 εἰργάσατος

419 2532 673 2591 Πραξιτέλους
698 2535 833 2579 χειρῶν
858 2529 924 2569 όδε
951 2546 1024 2568 που
1039 2525 1183 2592 πόνος,
1208 2528 1232 2578 ἢ
1258 2528 1342 2577 τάχ’
1363 2529 1550 2577 Ὄλυμπος

488 2579 657 2627 χηρεύει,
684 2582 840 2626 Παφίης
867 2578 905 2621 ἐς
930 2581 1072 2616 Κνίδον
1099 2577 1314 2626 ἐρχομένης.

203 2652 420 2698 Ingeniosus
447 2652 584 2697 aliquis
608 2652 698 2688 iecit
723 2652 823 2697 quod
848 2650 992 2687 Plinius
1018 2651 1110 2687 dicit
1135 2650 1291 2686 XXXVI
1318 2654 1380 2695 19,
1417 2648 1588 2685 Cnidiam
1614 2651 1733 2687 Vene-

201 2711 279 2734 iem
305 2711 328 2735 a
346 2699 532 2736 Praxitele
558 2701 626 2736 dea
650 2701 794 2744 favente
812 2700 895 2745 ipsa
919 2699 1060 2735 factam
1087 2709 1180 2742 esse,
1206 2698 1300 2733 hinc
1317 2697 1470 2743 plurimi
1494 2699 1629 2743 poetae
1655 2709 1733 2734 cer-

200 2748 312 2783 tatim
337 2747 377 2782 id
402 2748 659 2791 variaverunt,
685 2749 727 2783 ut
753 2747 890 2783 docent
914 2747 1186 2800 epigrammata
1211 2746 1325 2781 Anth.
1346 2745 1451 2780 Plan.
1474 2749 1540 2781 159
1555 2757 1630 2790 seq.
1669 2745 1733 2781 Ce-

200 2796 321 2830 terum
342 2797 380 2830 et
398 2796 521 2841 ipsum
542 2796 803 2841 argumentum
823 2796 861 2830 et
880 2805 999 2830 sermo
1015 2793 1104 2830 satis
1123 2794 1284 2840 arguunt
1303 2794 1381 2828 tam
1401 2793 1472 2828 hoc
1490 2793 1732 2839 epigramma,

201 2854 313 2887 quam
341 2854 498 2887 sequens
525 2843 672 2879 novicia
696 2853 794 2878 esse:
821 2853 942 2887 neque
964 2843 1092 2896 tamen
1112 2841 1277 2876 eiusdem
1299 2841 1386 2875 sunt
1402 2842 1557 2894 poetae:
1583 2842 1734 2886 poterat

201 2901 289 2925 sane
315 2890 451 2935 aliquis
477 2890 535 2926 bis
567 2891 628 2926 vel
660 2889 774 2925 etiam
806 2889 953 2935 saepius
986 2889 1025 2924 in
1057 2890 1129 2924 hoc
1160 2889 1380 2934 argumento
1413 2888 1571 2933 versari,
1604 2900 1732 2934 quem—

200 2937 402 2973 admodum
424 2938 609 2973 Luoianus
631 2939 668 2973 et
687 2938 835 2973 Euenus
854 2937 1036 2982 fecerunt,
1055 2937 1119 2972 sed
1137 2935 1199 2971 hic
1221 2935 1461 2971 manifestum
1482 2937 1547 2981 est,
1573 2935 1732 2972 alterum
