1890 3216
222 165 308 208 338
762 166 951 202 ΡΟΕΤΑΕ
978 166 1215 204 ELEGIACI.

780 276 1202 311 EIHPPAMMATA.

971 349 1010 392 4.

299 428 439 472 Τόνδε
471 426 568 471 ποτ’
605 427 687 486 οὐχ
720 427 854 482 ὁσίως
884 433 1090 487 παραβὰς
1120 430 1334 489 μακάρων
1365 431 1502 489 θέμιν
1535 431 1679 491 ἁγνήν
1738 463 1742 467 -

354 502 547 543 ἔκτεινεν
579 501 771 557 Περσῶν
802 500 1065 559 τοξοφόρων
1097 501 1326 559 βασιλεύς,

294 569 348 614 οὐ
383 573 589 628 φανερῶς
620 570 757 629 λόγχῃ
791 575 969 628 φονίοις
1001 573 1049 617 ἐν
1081 571 1222 629 ἀγῶσι
1253 574 1493 633 κρατήσας,

353 639 450 686 ἄλλ’
486 640 652 700 ἀνδρὸς
683 646 826 686 πίστει
857 643 1134 701 χρησάμενος
1166 647 1334 691 δολίου.

973 764 1000 807 5

302 850 404 907 (ΕΚ
437 850 556 895 ΤΟΥ
587 851 1072 897 ΑΡΙΣΤΟΤΕΛΙΚΟΥ
1099 853 1348 899 ΠΕΠΛΟΥ
1379 856 1482 900 ΕΙΣ
1511 857 1550 901 Τ
1556 857 1675 914 ΟΥΣ

672 927 877 978 ΗΡΩΑΣ
920 934 1248 989 ΕΠΙΤΑΦΙΑ.)
1261 934 1303 993 *)

340 1024 572 1065 Aristotelis
603 1027 761 1066 nomine
793 1026 999 1065 ferebatur
1031 1040 1144 1077 opus,
1178 1028 1241 1067 cui
1271 1041 1415 1067 nomen
1447 1026 1617 1079 Πέπλος,
1649 1029 1754 1081 quod

223 1089 448 1129 fabularem
481 1090 725 1130 Graecorum
756 1092 991 1131 memoriam
1016 1093 1367 1144 complectebatur,
1399 1094 1533 1144 itaque
1560 1074 1765 1147 commen-⁸·

228 1155 298 1195 dat
322 1156 390 1206 iis,
417 1157 486 1206 qui
505 1157 670 1196 deorum
690 1170 844 1197 amores
865 1170 1102 1208 cognoscere
1123 1158 1260 1208 velint,
1281 1158 1461 1197 Socrates
1482 1159 1586 1198 Hist.
1607 1160 1754 1199 Eccles.

224 1222 284 1260 III
327 1223 400 1260 23:
439 1217 593 1274 ἀρκέσει
631 1219 674 1261 δὲ
710 1226 791 1270 τοῖς
829 1224 949 1261 ταῦτα
986 1225 1135 1275 γνῶναι
1172 1221 1379 1263 ἐθέλουσιν
1418 1218 1438 1263 ὃ
1471 1219 1757 1276 Ἀριστοτέλους

222 1285 370 1335 πέπλος
400 1285 466 1326 καὶ
497 1283 519 1327 ὃ
550 1288 769 1328 Διονυσίου
801 1286 993 1339 στέφανος
1030 1287 1096 1328 καὶ
1122 1284 1305 1342 Ῥηγίνου
1337 1284 1358 1328 ὃ
1389 1285 1660 1341 πολυμνήμων
1690 1288 1757 1329 καὶ

223 1355 301 1392 τῶν
332 1354 506 1404 ποιητῶν
536 1349 579 1392 τὸ
611 1356 776 1405 πλῆθος.
827 1355 928 1394 conf.
969 1355 1219 1404 Nicephorus
1252 1354 1441 1403 Callistus
1472 1354 1574 1395 Hist.
1608 1355 1756 1395 Eccles.

223 1419 257 1456 X
286 1420 352 1458 36.
403 1419 457 1457 Et
487 1422 734 1458 memoratur
760 1420 833 1459 hoo
859 1432 958 1469 opus
983 1420 1024 1458 in
1049 1419 1176 1459 indice
1201 1419 1396 1459 librorum
1417 1419 1756 1471 Aristoteliorum‚

226 1497 342 1534 quem
375 1484 586 1534 Menagius
620 1485 756 1533 edidit,
795 1485 874 1524 bis:
913 1483 1001 1537 περὶ
1039 1486 1230 1536 μουσικῆς
1267 1480 1322 1535 α’,
1360 1482 1572 1535 Πέπλον,
1609 1481 1757 1538 ἆπορη-

223 1545 356 1601 μάτων
369 1544 593 1602 Ὁμηρικῶν
613 1546 654 1596 ζ.
687 1553 727 1589 et
751 1551 912 1589 deinde:
945 1550 1169 1602 συμμίκτων
1195 1546 1423 1602 ζητημάτων
1449 1545 1523 1602 οβ’,
1555 1545 1608 1597 ὥς
1633 1561 1757 1601 φησιν

321 1676 378 1712 Fr.
400 1679 433 1710 4.
474 1676 580 1721 Diog.
601 1676 723 1712 Laert.
745 1675 778 1710 V
799 1680 837 1712 5:
864 1673 884 1711 ὁ
913 1673 950 1711 δ’
979 1670 1047 1712 οὖν
1070 1673 1312 1722 Ἀριστοτέλης
1337 1672 1552 1721 ὑπεξῆλθεν
1578 1674 1632 1716 εἰς
1656 1677 1755 1711 Χαλ-

224 1725 324 1767 κίδα,
353 1721 639 1769 Εὐρυμέδοντος
665 1720 783 1759 αὐτὸν
808 1725 875 1759 τοῦ
901 1721 1130 1769 ἷεροφάντου
1164 1724 1273 1768 δίκην
1305 1720 1482 1771 ἀσεβείας
1507 1722 1755 1769 γραψαμένου

227 1767 248 1827 ᾗ
277 1771 511 1817 Δημοφίλου,
532 1767 581 1812 ὥς
607 1783 699 1816 φησι
725 1773 943 1819 Φαβωρῖνος
963 1769 1004 1807 ἐν
1023 1771 1247 1818 παντοδαπῇ
1276 1769 1430 1820 ἱστορίᾳ,
1459 1768 1663 1816 ἐπειδήπερ
1689 1767 1755 1806 τὸν

223 1815 558 1907 ῑιεοὲᾔιῑᾶησῑὲς
574 1816 1224 1907 ‘325‘325232⁸⁶50⁷{2²5313‡5E532‘3‘5’
1243 1815 1338 1901 ἐὲὲὰ
1359 1815 1755 1909 ”“ὶρὶῑίιρειι“ξεὶ

224 1914 346 1950 stotel.
373 1926 407 1959 p.
436 1879 545 1950 2‘ped.
573 1880 704 1949 Roblge
737 1914 905 1950 exhibet:
939 1915 1003 1950 καὶ
1034 1910 1080 1949 τὰ
1112 1912 1352 1960 γεγραμμένα
1384 1911 1486 1962 αὐτῷ
1519 1911 1756 1959 δικαιώματα

223 1962 296 1996 τῶν
317 1958 544 2006 Ἑλληνίδων
569 1959 734 2006 πόλεων,
769 1959 807 2004 ἐξ
834 1957 885 1996 ὧν
914 1962 1095 2002 Φίλιππος
1120 1959 1188 2002 τὰς
1213 1962 1447 2006 φιλονεικίας
1472 1961 1546 1996 τῶν
1567 1957 1755 2006 Ἑλλήνων

225 2007 408 2052 διέλυσεν,
436 2005 487 2049 ὥς
512 2009 850 2054 μεγαλορρημονῶν
876 2022 965 2044 ποτε
993 2009 1057 2045 καὶ
1083 2008 1218 2047 εἰπεῖν.
1250 2005 1388 2054 ὥρισα
1421 2005 1501 2054 τὴν
1535 2007 1753 2050 Πέλοπος.

225 2058 336 2100 (Rose
359 2060 426 2091 542
453 2057 523 2102 γῆν
550 2056 723 2097 Πέλοπος
748 2058 832 2092 fort.
861 2068 905 2092 ex
931 2057 1056 2092 codice
1082 2056 1300 2101 Marciano.)
1326 2068 1369 2092 ex
1396 2056 1666 2103 epigrammate
1692 2068 1754 2102 pe-

223 2104 335 2139 titum
360 2104 519 2149 videtur,
547 2105 612 2140 sed
639 2104 874 2150 ambiguum,
900 2106 1025 2140 utrum
1052 2104 1100 2140 ad
1126 2104 1367 2140 Aristotelem
1393 2115 1440 2139 an
1466 2104 1514 2139 ad
1540 2103 1754 2149 Philippum

223 2153 272 2187 sit
308 2151 562 2195 referendun13
601 2163 670 2197 ego
696 2153 767 2188 hoc
797 2152 1029 2197 probabilius
1066 2153 1168 2197 puto.
1206 2152 1451 2198 Epigramma
1487 2151 1636 2187 videtur
1671 2152 1755 2187 sub-

225 2199 404 2245 scriptum
431 2199 544 2234 fuisse
571 2201 716 2235 statuae
743 2199 929 2245 Philippi,
955 2200 1014 2235 eui
1038 2201 1237 2246 postquam
1262 2198 1509 2245 Peloponnesi
1534 2199 1672 2235 statum
1699 2210 1756 2234 or-

225 2247 369 2282 dinavit
395 2246 451 2282 Ol.
478 2246 539 2282 CX
566 2251 586 2282 3
612 2247 650 2282 in
675 2247 863 2292 plerisque
889 2247 1105 2283 civitatibus
1130 2246 1378 2293 Peloponnesi
1402 2245 1569 2293 insignes
1595 2246 1754 2282 honores

224 2294 346 2330 habiti
377 2296 478 2339 sunt,
510 2295 584 2330 vid.
619 2295 795 2334 Schaefer
826 2294 1017 2331 Demosth.
1045 2294 1098 2329 III
1129 2299 1185 2331 44.
1236 2294 1471 2338 Aristoteles,
1503 2293 1754 2340 interrogatus

223 2345 266 2377 ut
284 2342 433 2378 videtur
452 2354 475 2377 a
489 2341 663 2388 Philippo
683 2353 756 2387 quo
776 2344 888 2387 pacto
903 2340 1127 2378 Graecarum
1148 2341 1359 2378 civitatium
1379 2341 1586 2377 discordiae
1613 2341 1754 2387 optime

224 2389 416 2425 conciliari
442 2393 612 2435 possent,
647 2390 750 2426 misit
773 2390 873 2426 hunc
897 2389 1034 2426 librum
1061 2391 1108 2425 acl
1133 2401 1277 2435 regem,
1303 2390 1368 2435 qui
1393 2389 1451 2424 his
1478 2388 1641 2424 consiliis
1665 2400 1753 2424 usus

226 2449 420 2473 commune
453 2437 651 2473 concilium
681 2437 899 2473 Corinthum
932 2437 1168 2482 convocavit,
1195 2438 1295 2482 quod
1320 2436 1407 2472 lites
1438 2437 1665 2472 inveteratas
1697 2447 1753 2471 ar-

224 2485 336 2520 bitrio
363 2496 427 2520 suo
455 2486 695 2531 componeret
719 2485 809 2530 (vid.
838 2485 966 2531 Polyb.
993 2484 1043 2520 IX
1069 2489 1125 2521 33.
1154 2484 1330 2520 Schaefer
1354 2485 1459 2520 Dem.
1486 2483 1538 2518 III
1563 2486 1634 2529 42).
1681 2483 1752 2519 Sed

225 2532 379 2577 antiquo
406 2544 528 2568 rerum
555 2534 656 2568 statu
681 2534 857 2568 revocato
885 2533 1225 2578 Spartanorumque
1245 2532 1417 2578 potentia.
1435 2531 1634 2567 imminuta.
1652 2531 1753 2567 haud

225 2591 414 2625 quaquam
434 2580 593 2616 discidia
612 2583 859 2616 cessaverunt.
887 2579 1109 2616 Aristoteles
1133 2582 1176 2615 ut
1201 2591 1239 2616 se
1266 2591 1288 2615 a
1313 2578 1531 2615 criminibus
1557 2580 1596 2614 et
1620 2589 1753 2624 oppro-

225 2627 313 2662 briis
340 2628 576 2672 defenderet‚
601 2628 749 2663 videtur
774 2627 911 2662 librum
936 2628 1037 2664 foras
1064 2628 1220 2672 dedisse,
1245 2627 1330 2662 fort.
1353 2626 1408 2663 Ol.
1430 2625 1528 2661 CXII
1554 2630 1574 2661 3
1603 2625 1753 2671 Sparta-

224 2686 354 2710 norum
380 2674 585 2711 rebellione
611 2687 789 2721 oppressa
819 2677 857 2711 et
881 2675 1092 2711 Alexandro
1123 2675 1286 2711 Molosso
1318 2675 1438 2719 (cuius
1469 2673 1611 2709 mentio
1641 2673 1685 2708 fit
1715 2673 1753 2708 in

223 2722 391 2768 reliquiis
423 2723 510 2758 libri
542 2722 767 2768 Aristotelii)
799 2722 931 2758 occiso.
983 2722 1081 2759 Nam
1119 2733 1213 2769 quae
1250 2722 1358 2758 Heitz
1389 2721 1448 2766 (de
1481 2721 1563 2756 libr.
1598 2722 1751 2756 Aristot.

225 2781 257 2814 p.
286 2774 369 2815 253)
396 2770 440 2805 de
466 2771 537 2806 hoc
562 2770 659 2806 libro
691 2770 914 2816 disputavit,
946 2782 1019 2806 non
1052 2773 1138 2806 sunt
1167 2769 1368 2816 probanda.
1423 2769 1518 2804 Rose
1550 2779 1623 2803 non
1654 2769 1752 2804 recte

223 2817 360 2852 librum
387 2817 628 2853 subditicium
655 2820 791 2854 censet.

319 2935 353 2979 *)
381 2936 535 2971 Numeri
561 2936 738 2972 cancellis
766 2936 884 2972 additi
910 2940 996 2973 sunt
1021 2938 1194 2974 editionis
1222 2936 1476 2973 Canterianae
