<?xml version="1.0" encoding="UTF-8"?>
<!DOCTYPE html PUBLIC "-//W3C//DTD XHTML 1.0 Transitional//EN"
    "http://www.w3.org/TR/xhtml1/DTD/xhtml1-transitional.dtd">
<html xmlns="http://www.w3.org/1999/xhtml" xml:lang="en" lang="en">
 <head>
  <title>
</title>
<meta http-equiv="Content-Type" content="text/html;charset=utf-8" />
  <meta name='ocr-system' content='tesseract 3.04.00' />
  <meta name='ocr-capabilities' content='ocr_page ocr_carea ocr_par ocr_line ocrx_word'/>
</head>
<body>
  <div class='ocr_page' id='page_1' title='image "./poetaelyricigrae02berguoft_0082.png"; bbox 0 0 1890 3216; ppageno 0'>
   <div class='ocr_carea' id='block_1_1' title="bbox 186 165 1174 209">
    <p class='ocr_par' dir='ltr' id='par_1_1' title="bbox 186 165 1174 209">
     <span class='ocr_line' id='line_1_1' title="bbox 186 165 1174 209; baseline 0 -7"><span class='ocrx_word' id='word_1_1' title='bbox 186 167 241 209; x_wconf 79' lang='lat'><em>72</em></span> <span class='ocrx_word' id='word_1_2' title='bbox 718 165 910 202; x_wconf 84' lang='lat' dir='ltr'><strong>POETAE</strong></span> <span class='ocrx_word' id='word_1_3' title='bbox 937 166 1174 203; x_wconf 83' lang='lat' dir='ltr'><strong>ELEGIACI.</strong></span> 
     </span>
    </p>
   </div>
   <div class='ocr_carea' id='block_1_2' title="bbox 257 287 1710 498">
    <p class='ocr_par' dir='ltr' id='par_1_2' title="bbox 257 287 1710 498">
     <span class='ocr_line' id='line_1_2' title="bbox 919 287 984 329; baseline 0.015 -1"><span class='ocrx_word' id='word_1_4' title='bbox 919 287 984 329; x_wconf 86' lang='grc'><em>16.</em></span> 
     </span>
     <span class='ocr_line' id='line_1_3' title="bbox 531 366 1319 426; baseline 0 -14"><span class='ocrx_word' id='word_1_5' title='bbox 531 368 734 426; x_wconf 84' lang='grc' dir='ltr'><em>Χρήστης</em></span> <span class='ocrx_word' id='word_1_6' title='bbox 765 371 906 413; x_wconf 86' lang='grc' dir='ltr'><em>κακοῦ</em></span> <span class='ocrx_word' id='word_1_7' title='bbox 938 371 1119 425; x_wconf 76' lang='grc' dir='ltr'><em>ἔμμεναι</em></span> <span class='ocrx_word' id='word_1_8' title='bbox 1152 366 1319 424; x_wconf 78' lang='grc' dir='ltr'><em>ἀνδρός</em></span> 
     </span>
     <span class='ocr_line' id='line_1_4' title="bbox 257 437 1710 498; baseline -0.001 -12"><span class='ocrx_word' id='word_1_9' title='bbox 257 441 463 498; x_wconf 78' lang='grc' dir='ltr'><em>φεύγειν,</em></span> <span class='ocrx_word' id='word_1_10' title='bbox 496 441 554 497; x_wconf 85' lang='grc' dir='ltr'><em>μή</em></span> <span class='ocrx_word' id='word_1_11' title='bbox 589 441 640 484; x_wconf 84' lang='grc' dir='ltr'><em>σε’</em></span> <span class='ocrx_word' id='word_1_12' title='bbox 669 437 711 496; x_wconf 78' lang='grc' dir='ltr'><em>γ’</em></span> <span class='ocrx_word' id='word_1_13' title='bbox 729 438 904 498; x_wconf 66' lang='grc' dir='ltr'><em>νάνιήσῃ</em></span> <span class='ocrx_word' id='word_1_14' title='bbox 934 437 1125 494; x_wconf 81' lang='grc' dir='ltr'><em>[διδοὺς]</em></span> <span class='ocrx_word' id='word_1_15' title='bbox 1153 437 1270 496; x_wconf 78' lang='grc' dir='ltr'><em>παρὰ</em></span> <span class='ocrx_word' id='word_1_16' title='bbox 1298 437 1456 493; x_wconf 88' lang='grc' dir='ltr'><em>καιρὸν</em></span> <span class='ocrx_word' id='word_1_17' title='bbox 1482 437 1710 484; x_wconf 77' lang='grc' dir='ltr'><em>ἀπαιτέων.</em></span> 
     </span>
    </p>
   </div>
   <div class='ocr_carea' id='block_1_3' title="bbox 148 573 1715 714">
    <p class='ocr_par' dir='ltr' id='par_1_3' title="bbox 148 573 1715 714">
     <span class='ocr_line' id='line_1_5' title="bbox 922 573 1715 614; baseline 0.001 -1"><span class='ocrx_word' id='word_1_18' title='bbox 922 573 985 614; x_wconf 84' lang='grc'><em>17.</em></span> <span class='ocrx_word' id='word_1_19' title='bbox 1647 582 1715 614; x_wconf 80' lang='lat'><em>449</em></span> 
     </span>
     <span class='ocr_line' id='line_1_6' title="bbox 148 651 1461 714; baseline -0.001 -15"><span class='ocrx_word' id='word_1_20' title='bbox 148 671 211 714; x_wconf 18' lang='grc' dir='ltr'><em>Α,</em></span> <span class='ocrx_word' id='word_1_21' title='bbox 254 654 328 699; x_wconf 88' lang='grc' dir='ltr'><em>Ἐν</em></span> <span class='ocrx_word' id='word_1_22' title='bbox 362 654 410 699; x_wconf 75' lang='grc' dir='ltr'><em>δὲ</em></span> <span class='ocrx_word' id='word_1_23' title='bbox 443 653 706 711; x_wconf 80' lang='grc' dir='ltr'><em>δικαιοσύνῃ</em></span> <span class='ocrx_word' id='word_1_24' title='bbox 741 653 1000 711; x_wconf 80' lang='grc' dir='ltr'><em>συλλήβδην</em></span> <span class='ocrx_word' id='word_1_25' title='bbox 1032 651 1136 697; x_wconf 59' lang='lat' dir='ltr'><em>aad</em></span> <span class='ocrx_word' id='word_1_26' title='bbox 1173 651 1305 710; x_wconf 77' lang='grc' dir='ltr'><em>ἀρετή</em></span> <span class='ocrx_word' id='word_1_27' title='bbox 1336 651 1461 698; x_wconf 63' lang='grc' dir='ltr'><em>’στιν</em></span> 
     </span>
    </p>
   </div>
   <div class='ocr_carea' id='block_1_4' title="bbox 186 786 1727 1650">
    <p class='ocr_par' dir='ltr' id='par_1_4' title="bbox 186 786 1727 1650">
     <span class='ocr_line' id='line_1_7' title="bbox 283 786 1718 854; baseline -0.001 -22"><span class='ocrx_word' id='word_1_28' title='bbox 283 798 341 854; x_wconf 88' lang='lat' dir='ltr'><em>Fr.</em></span> <span class='ocrx_word' id='word_1_29' title='bbox 371 802 424 832; x_wconf 89' lang='grc'><em>16,</em></span> <span class='ocrx_word' id='word_1_30' title='bbox 477 795 737 832; x_wconf 67' lang='grc' dir='ltr'><strong>801101.Α1·1813.</strong></span> <span class='ocrx_word' id='word_1_31' title='bbox 770 796 866 831; x_wconf 82' lang='lat' dir='ltr'>Nub.</span> <span class='ocrx_word' id='word_1_32' title='bbox 900 799 989 831; x_wconf 82' lang='grc' dir='ltr'><em>24οε</em></span> <span class='ocrx_word' id='word_1_33' title='bbox 1023 797 1242 841; x_wconf 79' lang='grc' dir='ltr'><strong><em>Φωκυλίδης</em></strong></span> <span class='ocrx_word' id='word_1_34' title='bbox 1273 793 1314 831; x_wconf 80' lang='grc' dir='ltr'><em>ἐν</em></span> <span class='ocrx_word' id='word_1_35' title='bbox 1344 808 1416 852; x_wconf 89' lang='grc' dir='ltr'><em>μεν</em></span> <span class='ocrx_word' id='word_1_36' title='bbox 1446 786 1542 835; x_wconf 86' lang='grc' dir='ltr'><em>τοῖς</em></span> <span class='ocrx_word' id='word_1_37' title='bbox 1573 791 1718 831; x_wconf 84' lang='grc' dir='ltr'><em>αύτοῦ</em></span> 
     </span>
     <span class='ocr_line' id='line_1_8' title="bbox 186 841 1718 902; baseline -0.002 -21"><span class='ocrx_word' id='word_1_38' title='bbox 186 843 416 902; x_wconf 85' lang='grc' dir='ltr'><em>ποιήμασι</em></span> <span class='ocrx_word' id='word_1_39' title='bbox 436 842 531 879; x_wconf 81' lang='grc' dir='ltr'><em>κατὰ</em></span> <span class='ocrx_word' id='word_1_40' title='bbox 559 842 627 889; x_wconf 84' lang='grc' dir='ltr'><em>τὴν</em></span> <span class='ocrx_word' id='word_1_41' title='bbox 654 841 864 888; x_wconf 85' lang='grc' dir='ltr'><em>συνήθειαν</em></span> <span class='ocrx_word' id='word_1_42' title='bbox 885 841 973 884; x_wconf 81' lang='grc' dir='ltr'><em>τοὺς</em></span> <span class='ocrx_word' id='word_1_43' title='bbox 977 842 1267 902; x_wconf 80' lang='grc' dir='ltr'><em>χρεωφειλέτας</em></span> <span class='ocrx_word' id='word_1_44' title='bbox 1285 841 1444 900; x_wconf 86' lang='grc' dir='ltr'><em>χρήστας</em></span> <span class='ocrx_word' id='word_1_45' title='bbox 1463 846 1581 900; x_wconf 78' lang='grc' dir='ltr'><em>καλεῖ,</em></span> <span class='ocrx_word' id='word_1_46' title='bbox 1601 841 1718 900; x_wconf 87' lang='grc' dir='ltr'><em>λέγων</em></span> 
     </span>
     <span class='ocr_line' id='line_1_9' title="bbox 189 887 1720 953; baseline -0.001 -25"><span class='ocrx_word' id='word_1_47' title='bbox 189 890 323 934; x_wconf 89' lang='grc' dir='ltr'><em>ούτως</em></span> <span class='ocrx_word' id='word_1_48' title='bbox 325 890 508 953; x_wconf 83' lang='grc' dir='ltr'><em>χρήστης</em></span> <span class='ocrx_word' id='word_1_49' title='bbox 534 905 565 927; x_wconf 90' lang='grc' dir='ltr'><em>κ.</em></span> <span class='ocrx_word' id='word_1_50' title='bbox 596 890 623 927; x_wconf 80' lang='grc' dir='ltr'><em>ἔ.</em></span> <span class='ocrx_word' id='word_1_51' title='bbox 650 889 685 927; x_wconf 78' lang='grc' dir='ltr'><em>ἄ.</em></span> <span class='ocrx_word' id='word_1_52' title='bbox 714 892 845 948; x_wconf 80' lang='grc' dir='ltr'><em>φεῦγε,</em></span> <span class='ocrx_word' id='word_1_53' title='bbox 873 889 922 952; x_wconf 86' lang='grc' dir='ltr'><em>μή</em></span> <span class='ocrx_word' id='word_1_54' title='bbox 943 888 1042 936; x_wconf 79' lang='grc' dir='ltr'><em>σε’γ’</em></span> <span class='ocrx_word' id='word_1_55' title='bbox 1065 887 1186 947; x_wconf 78' lang='grc' dir='ltr'><em>(μήσ’</em></span> <span class='ocrx_word' id='word_1_56' title='bbox 1213 887 1563 936; x_wconf 65' lang='grc' dir='ltr'><strong>Βο1ζΚο1)ἆνιήσειε</strong></span> <span class='ocrx_word' id='word_1_57' title='bbox 1590 887 1720 931; x_wconf 79' lang='grc' dir='ltr'><em>διδοὺς</em></span> 
     </span>
     <span class='ocr_line' id='line_1_10' title="bbox 187 935 1718 998; baseline -0.001 -22"><span class='ocrx_word' id='word_1_58' title='bbox 187 954 223 976; x_wconf 91' lang='grc' dir='ltr'><em>π.</em></span> <span class='ocrx_word' id='word_1_59' title='bbox 251 954 284 976; x_wconf 85' lang='grc' dir='ltr'><em>κ.</em></span> <span class='ocrx_word' id='word_1_60' title='bbox 311 937 347 976; x_wconf 74' lang='grc' dir='ltr'><em>οἳ.</em></span> <span class='ocrx_word' id='word_1_61' title='bbox 377 938 418 977; x_wconf 80' lang='grc' dir='ltr'><em>ἐν</em></span> <span class='ocrx_word' id='word_1_62' title='bbox 445 937 608 998; x_wconf 79' lang='grc' dir='ltr'><em>ἐκείνῳ</em></span> <span class='ocrx_word' id='word_1_63' title='bbox 641 938 770 996; x_wconf 85' lang='grc' dir='ltr'><em>μέντοι</em></span> <span class='ocrx_word' id='word_1_64' title='bbox 801 935 886 974; x_wconf 73' lang='grc' dir='ltr'><em>ἀντὶ</em></span> <span class='ocrx_word' id='word_1_65' title='bbox 911 939 978 974; x_wconf 87' lang='grc' dir='ltr'><em>τοῦ</em></span> <span class='ocrx_word' id='word_1_66' title='bbox 1005 935 1202 984; x_wconf 80' lang='grc' dir='ltr'><em>δανειστὴς</em></span> <span class='ocrx_word' id='word_1_67' title='bbox 1232 937 1480 986; x_wconf 80' lang='grc' dir='ltr'><em>λαμβάνεται·</em></span> <span class='ocrx_word' id='word_1_68' title='bbox 1513 937 1718 984; x_wconf 81' lang='grc' dir='ltr'><em>Μηδέποτε</em></span> 
     </span>
     <span class='ocr_line' id='line_1_11' title="bbox 187 983 1722 1043; baseline -0.002 -19"><span class='ocrx_word' id='word_1_69' title='bbox 187 986 344 1034; x_wconf 84' lang='grc' dir='ltr'><em>χρήστης</em></span> <span class='ocrx_word' id='word_1_70' title='bbox 375 984 509 1033; x_wconf 83' lang='grc' dir='ltr'><em>πικρὸς</em></span> <span class='ocrx_word' id='word_1_71' title='bbox 539 986 630 1033; x_wconf 84' lang='grc' dir='ltr'><em>γένῃ</em></span> <span class='ocrx_word' id='word_1_72' title='bbox 663 983 775 1029; x_wconf 74' lang='grc' dir='ltr'><em>ἀνδρὶ</em></span> <span class='ocrx_word' id='word_1_73' title='bbox 808 985 941 1032; x_wconf 85' lang='grc' dir='ltr'><em>πένητι</em></span> <span class='ocrx_word' id='word_1_74' title='bbox 974 986 1245 1032; x_wconf 88' lang='lat' dir='ltr'>(Pseudophoc</span> <span class='ocrx_word' id='word_1_75' title='bbox 1273 998 1308 1023; x_wconf 86' lang='lat' dir='ltr'><em>v.</em></span> <span class='ocrx_word' id='word_1_76' title='bbox 1312 988 1407 1043; x_wconf 81' lang='lat'>83).</span> <span class='ocrx_word' id='word_1_77' title='bbox 1459 986 1575 1021; x_wconf 89' lang='lat' dir='ltr'>Novit</span> <span class='ocrx_word' id='word_1_78' title='bbox 1605 985 1722 1032; x_wconf 84' lang='lat' dir='ltr'>igitur</span> 
     </span>
     <span class='ocr_line' id='line_1_12' title="bbox 190 1029 1720 1081; baseline -0.001 -11"><span class='ocrx_word' id='word_1_79' title='bbox 190 1035 303 1072; x_wconf 87' lang='lat' dir='ltr'>schol.</span> <span class='ocrx_word' id='word_1_80' title='bbox 332 1037 369 1070; x_wconf 88' lang='lat' dir='ltr'>et</span> <span class='ocrx_word' id='word_1_81' title='bbox 395 1046 575 1081; x_wconf 83' lang='lat' dir='ltr'>germana</span> <span class='ocrx_word' id='word_1_82' title='bbox 594 1035 633 1070; x_wconf 85' lang='lat' dir='ltr'>et</span> <span class='ocrx_word' id='word_1_83' title='bbox 653 1033 854 1070; x_wconf 81' lang='lat' dir='ltr'>subditicia.</span> <span class='ocrx_word' id='word_1_84' title='bbox 874 1035 1050 1069; x_wconf 85' lang='lat' dir='ltr'>earmina.</span> <span class='ocrx_word' id='word_1_85' title='bbox 1091 1033 1224 1069; x_wconf 86' lang='lat' dir='ltr'>Suidas</span> <span class='ocrx_word' id='word_1_86' title='bbox 1245 1046 1278 1069; x_wconf 88' lang='lat' dir='ltr'><em>v.</em></span> <span class='ocrx_word' id='word_1_87' title='bbox 1299 1030 1510 1069; x_wconf 78' lang='grc' dir='ltr'><em>ἆπαιτὲων·</em></span> <span class='ocrx_word' id='word_1_88' title='bbox 1536 1029 1720 1069; x_wconf 71' lang='grc' dir='ltr'><em>ἁπαιτῶν.</em></span> 
     </span>
     <span class='ocr_line' id='line_1_13' title="bbox 192 1078 1721 1140; baseline -0.001 -22"><span class='ocrx_word' id='word_1_89' title='bbox 192 1084 408 1128; x_wconf 86' lang='grc' dir='ltr'><em>Φωκυλίδης</em></span> <span class='ocrx_word' id='word_1_90' title='bbox 441 1082 521 1127; x_wconf 86' lang='lat' dir='ltr'>(sed</span> <span class='ocrx_word' id='word_1_91' title='bbox 551 1082 584 1116; x_wconf 91' lang='lat' dir='ltr'>A</span> <span class='ocrx_word' id='word_1_92' title='bbox 622 1078 697 1117; x_wconf 60' lang='lat'><em>0252&amp;</em></span> <span class='ocrx_word' id='word_1_93' title='bbox 737 1082 810 1116; x_wconf 82' lang='grc' dir='ltr'><em>τῶν</em></span> <span class='ocrx_word' id='word_1_94' title='bbox 850 1082 1084 1138; x_wconf 81' lang='grc' dir='ltr'><em>Φωκυλίδου)</em></span> <span class='ocrx_word' id='word_1_95' title='bbox 1123 1079 1280 1140; x_wconf 83' lang='grc' dir='ltr'><em>χρήστης</em></span> <span class='ocrx_word' id='word_1_96' title='bbox 1320 1080 1363 1125; x_wconf 89' lang='grc' dir='ltr'><em>(Ε</em></span> <span class='ocrx_word' id='word_1_97' title='bbox 1395 1078 1567 1126; x_wconf 80' lang='grc' dir='ltr'><em>χρήστας)</em></span> <span class='ocrx_word' id='word_1_98' title='bbox 1599 1081 1721 1116; x_wconf 84' lang='grc' dir='ltr'><em>κακοῦ</em></span> 
     </span>
     <span class='ocr_line' id='line_1_14' title="bbox 191 1097 1719 1188; baseline -0.002 -22"><span class='ocrx_word' id='word_1_99' title='bbox 191 1130 298 1188; x_wconf 86' lang='grc' dir='ltr'>(ΑΒΕ</span> <span class='ocrx_word' id='word_1_100' title='bbox 325 1097 482 1173; x_wconf 74' lang='grc' dir='ltr'><em>καηκούς)</em></span> <span class='ocrx_word' id='word_1_101' title='bbox 511 1128 538 1165; x_wconf 77' lang='grc' dir='ltr'><em>ἔ.</em></span> <span class='ocrx_word' id='word_1_102' title='bbox 566 1143 601 1165; x_wconf 84' lang='grc' dir='ltr'><em>α.</em></span> <span class='ocrx_word' id='word_1_103' title='bbox 629 1130 747 1174; x_wconf 80' lang='grc' dir='ltr'><em>φεῦγε</em></span> <span class='ocrx_word' id='word_1_104' title='bbox 775 1128 852 1173; x_wconf 85' lang='grc' dir='ltr'><em>(ΑΕ</em></span> <span class='ocrx_word' id='word_1_105' title='bbox 880 1126 1054 1186; x_wconf 78' lang='grc' dir='ltr'><em>φεύγειν)</em></span> <span class='ocrx_word' id='word_1_106' title='bbox 1082 1127 1131 1174; x_wconf 81' lang='grc' dir='ltr'><em>μή</em></span> <span class='ocrx_word' id='word_1_107' title='bbox 1158 1140 1196 1164; x_wconf 90' lang='grc' dir='ltr'><em>σε</em></span> <span class='ocrx_word' id='word_1_108' title='bbox 1223 1126 1262 1173; x_wconf 84' lang='grc' dir='ltr'><em>γ’</em></span> <span class='ocrx_word' id='word_1_109' title='bbox 1290 1128 1337 1173; x_wconf 86' lang='grc' dir='ltr'><em>(Α</em></span> <span class='ocrx_word' id='word_1_110' title='bbox 1356 1127 1405 1174; x_wconf 84' lang='grc' dir='ltr'><em>μή</em></span> <span class='ocrx_word' id='word_1_111' title='bbox 1431 1141 1485 1184; x_wconf 84' lang='grc' dir='ltr'><em>γε,</em></span> <span class='ocrx_word' id='word_1_112' title='bbox 1515 1128 1575 1163; x_wconf 87' lang='grc' dir='ltr'><em>ΒΕ</em></span> <span class='ocrx_word' id='word_1_113' title='bbox 1582 1126 1651 1185; x_wconf 88' lang='grc' dir='ltr'><em>μή</em></span> <span class='ocrx_word' id='word_1_114' title='bbox 1677 1141 1719 1184; x_wconf 84' lang='grc' dir='ltr'><em>γε</em></span> 
     </span>
     <span class='ocr_line' id='line_1_15' title="bbox 189 1173 1721 1235; baseline -0.002 -22"><span class='ocrx_word' id='word_1_115' title='bbox 189 1180 244 1224; x_wconf 87' lang='grc' dir='ltr'><em>σε)</em></span> <span class='ocrx_word' id='word_1_116' title='bbox 270 1176 438 1235; x_wconf 76' lang='grc' dir='ltr'><em>ἆνιήσειε</em></span> <span class='ocrx_word' id='word_1_117' title='bbox 465 1180 538 1213; x_wconf 90' lang='grc' dir='ltr'><em>κτλ.</em></span> <span class='ocrx_word' id='word_1_118' title='bbox 567 1179 605 1212; x_wconf 77' lang='lat' dir='ltr'>et</span> <span class='ocrx_word' id='word_1_119' title='bbox 629 1189 756 1212; x_wconf 81' lang='lat' dir='ltr'>rursus</span> <span class='ocrx_word' id='word_1_120' title='bbox 782 1189 815 1211; x_wconf 87' lang='lat' dir='ltr'><em>v.</em></span> <span class='ocrx_word' id='word_1_121' title='bbox 845 1174 1016 1221; x_wconf 87' lang='grc' dir='ltr'><em>χρήστης·</em></span> <span class='ocrx_word' id='word_1_122' title='bbox 1045 1190 1099 1221; x_wconf 88' lang='grc' dir='ltr'><em>χρ.</em></span> <span class='ocrx_word' id='word_1_123' title='bbox 1126 1177 1247 1211; x_wconf 85' lang='grc' dir='ltr'><em>κακοῦ</em></span> <span class='ocrx_word' id='word_1_124' title='bbox 1263 1176 1321 1232; x_wconf 86' lang='lat' dir='ltr'><em>(A</em></span> <span class='ocrx_word' id='word_1_125' title='bbox 1341 1173 1496 1229; x_wconf 78' lang='grc' dir='ltr'><em>κακοὺς)</em></span> <span class='ocrx_word' id='word_1_126' title='bbox 1520 1174 1547 1211; x_wconf 81' lang='grc' dir='ltr'><em>ἕ.</em></span> <span class='ocrx_word' id='word_1_127' title='bbox 1569 1189 1604 1211; x_wconf 91' lang='grc' dir='ltr'><em>α.</em></span> <span class='ocrx_word' id='word_1_128' title='bbox 1627 1173 1721 1221; x_wconf 87' lang='grc' dir='ltr'><em>φεύ-</em></span> 
     </span>
     <span class='ocr_line' id='line_1_16' title="bbox 188 1220 1723 1284; baseline -0.001 -23"><span class='ocrx_word' id='word_1_129' title='bbox 188 1239 269 1283; x_wconf 86' lang='grc' dir='ltr'><em>γειν</em></span> <span class='ocrx_word' id='word_1_130' title='bbox 296 1223 345 1284; x_wconf 83' lang='grc' dir='ltr'><em>μή</em></span> <span class='ocrx_word' id='word_1_131' title='bbox 374 1222 408 1261; x_wconf 83' lang='grc' dir='ltr'><em>σ’</em></span> <span class='ocrx_word' id='word_1_132' title='bbox 412 1226 483 1282; x_wconf 94' lang='lat' dir='ltr'><em>(A</em></span> <span class='ocrx_word' id='word_1_133' title='bbox 495 1222 558 1282; x_wconf 91' lang='grc' dir='ltr'><em>μή</em></span> <span class='ocrx_word' id='word_1_134' title='bbox 585 1225 642 1270; x_wconf 91' lang='grc' dir='ltr'><em>γε)</em></span> <span class='ocrx_word' id='word_1_135' title='bbox 669 1220 836 1269; x_wconf 82' lang='grc' dir='ltr'><em>ανιήσειε</em></span> <span class='ocrx_word' id='word_1_136' title='bbox 865 1224 1063 1259; x_wconf 84' lang='grc' dir='ltr'><strong>κτλ.1111(10</strong></span> <span class='ocrx_word' id='word_1_137' title='bbox 1089 1236 1123 1260; x_wconf 92' lang='lat' dir='ltr'>v</span> <span class='ocrx_word' id='word_1_138' title='bbox 1150 1227 1171 1258; x_wconf 82' lang='lat'><strong>2</strong></span> <span class='ocrx_word' id='word_1_139' title='bbox 1199 1221 1356 1268; x_wconf 84' lang='grc' dir='ltr'><em>φεύγειν</em></span> <span class='ocrx_word' id='word_1_140' title='bbox 1388 1222 1554 1266; x_wconf 75' lang='lat' dir='ltr'>restitui,</span> <span class='ocrx_word' id='word_1_141' title='bbox 1589 1223 1723 1260; x_wconf 84' lang='lat' dir='ltr'>deinde</span> 
     </span>
     <span class='ocr_line' id='line_1_17' title="bbox 188 1269 1724 1378; baseline -0.002 -21"><span class='ocrx_word' id='word_1_142' title='bbox 188 1269 504 1378; x_wconf 46' lang='lat' dir='ltr'><em>&amp;gligssssor‘ss‘sss&#39;ff</em></span> <span class='ocrx_word' id='word_1_143' title='bbox 515 1284 566 1355; x_wconf 57' lang='lat'><em>‘2⁷⁷</em></span> <span class='ocrx_word' id='word_1_144' title='bbox 582 1284 756 1355; x_wconf 53' lang='lat'><em>183313320</em></span> <span class='ocrx_word' id='word_1_145' title='bbox 764 1269 1303 1364; x_wconf 41' lang='grc' dir='ltr'><em>ἷῗῗῑέηρξῗξῖἕᾏῗοῃέἒῖἓῖς</em></span> <span class='ocrx_word' id='word_1_146' title='bbox 1311 1271 1724 1375; x_wconf 59' lang='grc' dir='ltr'><em>ιέἔῗῖἔέεωέἳζῖῗ</em></span> 
     </span>
     <span class='ocr_line' id='line_1_18' title="bbox 190 1363 1726 1425; baseline -0.002 -21"><span class='ocrx_word' id='word_1_147' title='bbox 190 1371 343 1404; x_wconf 79' lang='grc' dir='ltr'><em>λίδεω·</em></span> <span class='ocrx_word' id='word_1_148' title='bbox 383 1366 592 1425; x_wconf 86' lang='grc' dir='ltr'><em>χρήστης</em></span> <span class='ocrx_word' id='word_1_149' title='bbox 609 1370 683 1402; x_wconf 88' lang='grc' dir='ltr'><em>κτλ.</em></span> <span class='ocrx_word' id='word_1_150' title='bbox 734 1366 872 1402; x_wconf 77' lang='lat' dir='ltr'>Contra.</span> <span class='ocrx_word' id='word_1_151' title='bbox 905 1366 994 1401; x_wconf 85' lang='lat' dir='ltr'>Reiz</span> <span class='ocrx_word' id='word_1_152' title='bbox 1025 1367 1064 1401; x_wconf 82' lang='lat' dir='ltr'>et</span> <span class='ocrx_word' id='word_1_153' title='bbox 1095 1367 1285 1402; x_wconf 79' lang='lat' dir='ltr'><strong>Hermann</strong></span> <span class='ocrx_word' id='word_1_154' title='bbox 1311 1395 1319 1402; x_wconf 89' lang='lat'><strong>.</strong></span> <span class='ocrx_word' id='word_1_155' title='bbox 1347 1367 1538 1412; x_wconf 79' lang='grc' dir='ltr'><em>..φεῦγε</em></span> <span class='ocrx_word' id='word_1_156' title='bbox 1566 1363 1726 1412; x_wconf 85' lang='grc' dir='ltr'><em>χρήστης</em></span> 
     </span>
     <span class='ocr_line' id='line_1_19' title="bbox 189 1410 1723 1472; baseline -0.003 -20"><span class='ocrx_word' id='word_1_157' title='bbox 189 1431 222 1452; x_wconf 90' lang='grc' dir='ltr'><em>κ.</em></span> <span class='ocrx_word' id='word_1_158' title='bbox 250 1414 278 1452; x_wconf 80' lang='grc' dir='ltr'><em>ἒ.</em></span> <span class='ocrx_word' id='word_1_159' title='bbox 307 1413 342 1451; x_wconf 73' lang='grc' dir='ltr'><em>οἳ.</em></span> <span class='ocrx_word' id='word_1_160' title='bbox 370 1415 419 1461; x_wconf 87' lang='grc' dir='ltr'><em>μή</em></span> <span class='ocrx_word' id='word_1_161' title='bbox 445 1417 485 1451; x_wconf 88' lang='grc' dir='ltr'><em>τί</em></span> <span class='ocrx_word' id='word_1_162' title='bbox 507 1412 541 1450; x_wconf 83' lang='grc' dir='ltr'><em>σ’</em></span> <span class='ocrx_word' id='word_1_163' title='bbox 570 1411 738 1459; x_wconf 76' lang='grc' dir='ltr'><em>ἄνιήσειε</em></span> <span class='ocrx_word' id='word_1_164' title='bbox 767 1411 898 1454; x_wconf 78' lang='grc' dir='ltr'><em>διδοὺς</em></span> <span class='ocrx_word' id='word_1_165' title='bbox 923 1426 962 1450; x_wconf 92' lang='grc' dir='ltr'><em>π.</em></span> <span class='ocrx_word' id='word_1_166' title='bbox 987 1427 1021 1448; x_wconf 90' lang='grc' dir='ltr'><em>κ.</em></span> <span class='ocrx_word' id='word_1_167' title='bbox 1042 1410 1092 1458; x_wconf 54' lang='grc' dir='ltr'><em>οἱ,</em></span> <span class='ocrx_word' id='word_1_168' title='bbox 1119 1413 1266 1449; x_wconf 75' lang='lat' dir='ltr'><strong>Ernesti</strong></span> <span class='ocrx_word' id='word_1_169' title='bbox 1291 1414 1417 1472; x_wconf 83' lang='grc' dir='ltr'><em>φεῦγε</em></span> <span class='ocrx_word' id='word_1_170' title='bbox 1437 1414 1555 1450; x_wconf 83' lang='lat' dir='ltr'>deleri</span> <span class='ocrx_word' id='word_1_171' title='bbox 1577 1414 1723 1449; x_wconf 87' lang='lat' dir='ltr'>maluit.</span> 
     </span>
     <span class='ocr_line' id='line_1_20' title="bbox 190 1442 1725 1518; baseline -0.001 -20"><span class='ocrx_word' id='word_1_172' title='bbox 190 1486 236 1490; x_wconf 83' lang='lat'><em>-—</em></span> <span class='ocrx_word' id='word_1_173' title='bbox 261 1463 441 1498; x_wconf 78' lang='lat' dir='ltr'>Libanius</span> <span class='ocrx_word' id='word_1_174' title='bbox 474 1462 589 1508; x_wconf 86' lang='lat' dir='ltr'>Epist</span> <span class='ocrx_word' id='word_1_175' title='bbox 619 1466 709 1498; x_wconf 82' lang='lat'>1073</span> <span class='ocrx_word' id='word_1_176' title='bbox 744 1473 827 1496; x_wconf 89' lang='lat' dir='ltr'>cum</span> <span class='ocrx_word' id='word_1_177' title='bbox 859 1461 970 1496; x_wconf 80' lang='lat' dir='ltr'>dicit:</span> <span class='ocrx_word' id='word_1_178' title='bbox 1010 1442 1092 1496; x_wconf 87' lang='grc' dir='ltr'><em>Τὸν</em></span> <span class='ocrx_word' id='word_1_179' title='bbox 1124 1457 1345 1497; x_wconf 79' lang='grc' dir='ltr'><em>Εὗστάθιον</em></span> <span class='ocrx_word' id='word_1_180' title='bbox 1381 1459 1423 1496; x_wconf 80' lang='grc' dir='ltr'><em>δὲ</em></span> <span class='ocrx_word' id='word_1_181' title='bbox 1459 1461 1589 1518; x_wconf 87' lang='grc' dir='ltr'><em>μηδεὶς</em></span> <span class='ocrx_word' id='word_1_182' title='bbox 1623 1459 1725 1497; x_wconf 77' lang='grc' dir='ltr'><em>ἒπει-</em></span> 
     </span>
     <span class='ocr_line' id='line_1_21' title="bbox 190 1505 1727 1568; baseline -0.002 -22"><span class='ocrx_word' id='word_1_183' title='bbox 190 1510 297 1568; x_wconf 85' lang='grc' dir='ltr'><em>γε’τω,</em></span> <span class='ocrx_word' id='word_1_184' title='bbox 324 1509 418 1556; x_wconf 87' lang='grc' dir='ltr'><em>μηδε</em></span> <span class='ocrx_word' id='word_1_185' title='bbox 446 1508 704 1567; x_wconf 83' lang='grc' dir='ltr'><em>διαφθειρέτω</em></span> <span class='ocrx_word' id='word_1_186' title='bbox 731 1513 809 1550; x_wconf 87' lang='grc' dir='ltr'><em>τοῖς</em></span> <span class='ocrx_word' id='word_1_187' title='bbox 834 1507 1025 1566; x_wconf 82' lang='grc' dir='ltr'><em>δευτέροις</em></span> <span class='ocrx_word' id='word_1_188' title='bbox 1050 1505 1119 1554; x_wconf 85' lang='grc' dir='ltr'><em>τὴν</em></span> <span class='ocrx_word' id='word_1_189' title='bbox 1145 1505 1264 1554; x_wconf 77' lang='grc' dir='ltr'><em>χάριν,</em></span> <span class='ocrx_word' id='word_1_190' title='bbox 1285 1506 1380 1554; x_wconf 90' lang='grc' dir='ltr'><em>μηδε</em></span> <span class='ocrx_word' id='word_1_191' title='bbox 1407 1506 1603 1549; x_wconf 80' lang='grc' dir='ltr'><em>τοιούτους</em></span> <span class='ocrx_word' id='word_1_192' title='bbox 1627 1505 1727 1563; x_wconf 81' lang='grc' dir='ltr'><em>ἡμᾶς</em></span> 
     </span>
     <span class='ocr_line' id='line_1_22' title="bbox 190 1553 1727 1604; baseline -0.001 -10"><span class='ocrx_word' id='word_1_193' title='bbox 190 1556 437 1604; x_wconf 85' lang='grc' dir='ltr'><em>αποφαινέτω</em></span> <span class='ocrx_word' id='word_1_194' title='bbox 464 1555 676 1603; x_wconf 83' lang='grc' dir='ltr'><em>χρήστας,</em></span> <span class='ocrx_word' id='word_1_195' title='bbox 704 1558 806 1597; x_wconf 88' lang='grc' dir='ltr'><em>οιους</em></span> <span class='ocrx_word' id='word_1_196' title='bbox 833 1553 1026 1602; x_wconf 84' lang='grc' dir='ltr'><em>φεύγειν</em></span> <span class='ocrx_word' id='word_1_197' title='bbox 1060 1561 1245 1602; x_wconf 79' lang='grc' dir='ltr'><em>παραινεῖ</em></span> <span class='ocrx_word' id='word_1_198' title='bbox 1265 1557 1483 1602; x_wconf 82' lang='grc' dir='ltr'><em>Φωκυλίδης</em></span> <span class='ocrx_word' id='word_1_199' title='bbox 1507 1558 1648 1592; x_wconf 77' lang='lat' dir='ltr'>temere</span> <span class='ocrx_word' id='word_1_200' title='bbox 1673 1555 1727 1592; x_wconf 82' lang='lat' dir='ltr'><em>vi-</em></span> 
     </span>
     <span class='ocr_line' id='line_1_23' title="bbox 193 1603 1134 1650; baseline -0.004 -8"><span class='ocrx_word' id='word_1_201' title='bbox 193 1608 300 1642; x_wconf 87' lang='lat' dir='ltr'>detur</span> <span class='ocrx_word' id='word_1_202' title='bbox 326 1607 523 1650; x_wconf 84' lang='lat' dir='ltr'>utramque</span> <span class='ocrx_word' id='word_1_203' title='bbox 550 1605 776 1641; x_wconf 80' lang='lat' dir='ltr'>sententiam</span> <span class='ocrx_word' id='word_1_204' title='bbox 802 1603 914 1639; x_wconf 90' lang='lat' dir='ltr'>simul</span> <span class='ocrx_word' id='word_1_205' title='bbox 938 1603 1134 1650; x_wconf 79' lang='lat' dir='ltr'>respicere.</span> 
     </span>
    </p>
   </div>
   <div class='ocr_carea' id='block_1_5' title="bbox 192 1661 1739 2329">
    <p class='ocr_par' dir='ltr' id='par_1_5' title="bbox 192 1661 1739 2329">
     <span class='ocr_line' id='line_1_24' title="bbox 284 1661 1725 1709; baseline -0.001 -9"><span class='ocrx_word' id='word_1_206' title='bbox 284 1665 343 1702; x_wconf 88' lang='lat' dir='ltr'><em>Fr.</em></span> <span class='ocrx_word' id='word_1_207' title='bbox 374 1670 429 1701; x_wconf 82' lang='lat'><em>17.</em></span> <span class='ocrx_word' id='word_1_208' title='bbox 480 1665 634 1700; x_wconf 80' lang='lat' dir='ltr'>Aristot.</span> <span class='ocrx_word' id='word_1_209' title='bbox 661 1664 746 1700; x_wconf 78' lang='lat' dir='ltr'>Eth.</span> <span class='ocrx_word' id='word_1_210' title='bbox 773 1664 854 1699; x_wconf 85' lang='lat' dir='ltr'>Nic.</span> <span class='ocrx_word' id='word_1_211' title='bbox 880 1663 915 1698; x_wconf 94' lang='lat' dir='ltr'><strong>V</strong></span> <span class='ocrx_word' id='word_1_212' title='bbox 942 1669 977 1699; x_wconf 87' lang='lat'><em>1:</em></span> <span class='ocrx_word' id='word_1_213' title='bbox 1012 1662 1082 1698; x_wconf 90' lang='grc' dir='ltr'><em>Διὸ</em></span> <span class='ocrx_word' id='word_1_214' title='bbox 1116 1663 1181 1698; x_wconf 86' lang='grc' dir='ltr'><em>καὶ</em></span> <span class='ocrx_word' id='word_1_215' title='bbox 1215 1661 1557 1709; x_wconf 80' lang='grc' dir='ltr'><em>παροιμιαζόμενοί</em></span> <span class='ocrx_word' id='word_1_216' title='bbox 1578 1674 1725 1708; x_wconf 88' lang='grc' dir='ltr'><em>φαμεν·</em></span> 
     </span>
     <span class='ocr_line' id='line_1_25' title="bbox 194 1708 1724 1768; baseline -0.002 -19"><span class='ocrx_word' id='word_1_217' title='bbox 194 1711 241 1750; x_wconf 84' lang='grc' dir='ltr'><em>ἐν</em></span> <span class='ocrx_word' id='word_1_218' title='bbox 268 1713 316 1749; x_wconf 82' lang='grc' dir='ltr'><em>δὲ</em></span> <span class='ocrx_word' id='word_1_219' title='bbox 345 1715 418 1748; x_wconf 85' lang='grc' dir='ltr'><em>κτλ.</em></span> <span class='ocrx_word' id='word_1_220' title='bbox 444 1713 510 1747; x_wconf 91' lang='lat' dir='ltr'><em>ubi</em></span> <span class='ocrx_word' id='word_1_221' title='bbox 529 1723 596 1758; x_wconf 86' lang='lat' dir='ltr'><em>pro</em></span> <span class='ocrx_word' id='word_1_222' title='bbox 618 1708 691 1747; x_wconf 83' lang='grc' dir='ltr'><em>’στι</em></span> <span class='ocrx_word' id='word_1_223' title='bbox 717 1711 822 1747; x_wconf 84' lang='lat' dir='ltr'><strong>codd.</strong></span> <span class='ocrx_word' id='word_1_224' title='bbox 844 1708 932 1755; x_wconf 79' lang='grc' dir='ltr'><em>ἐστι’,</em></span> <span class='ocrx_word' id='word_1_225' title='bbox 957 1712 1107 1756; x_wconf 83' lang='lat' dir='ltr'>praeter</span> <span class='ocrx_word' id='word_1_226' title='bbox 1126 1709 1724 1768; x_wconf 63' lang='grc' dir='ltr'><strong>ΚοΙ11100,(1111ἐ’νι,0111.801101.</strong></span> 
     </span>
     <span class='ocr_line' id='line_1_26' title="bbox 193 1722 1739 1817; baseline -0.002 -21"><span class='ocrx_word' id='word_1_227' title='bbox 193 1763 310 1797; x_wconf 86' lang='lat' dir='ltr'>Oxon.</span> <span class='ocrx_word' id='word_1_228' title='bbox 332 1760 447 1796; x_wconf 83' lang='lat' dir='ltr'>Arist.</span> <span class='ocrx_word' id='word_1_229' title='bbox 473 1760 511 1795; x_wconf 94' lang='lat' dir='ltr'><em>in</em></span> <span class='ocrx_word' id='word_1_230' title='bbox 536 1761 685 1795; x_wconf 89' lang='lat' dir='ltr'>Herme.</span> <span class='ocrx_word' id='word_1_231' title='bbox 736 1758 808 1795; x_wconf 88' lang='lat' dir='ltr'><em>Hic</em></span> <span class='ocrx_word' id='word_1_232' title='bbox 834 1757 1031 1794; x_wconf 76' lang='lat' dir='ltr'>adnotavit</span> <span class='ocrx_word' id='word_1_233' title='bbox 1054 1758 1217 1794; x_wconf 83' lang='grc' dir='ltr'><strong>Μ1011301</strong></span> <span class='ocrx_word' id='word_1_234' title='bbox 1243 1722 1395 1803; x_wconf 53' lang='lat' dir='ltr'>Epheu:</span> <span class='ocrx_word' id='word_1_235' title='bbox 1422 1755 1445 1803; x_wconf 83' lang='grc' dir='ltr'>ἡ</span> <span class='ocrx_word' id='word_1_236' title='bbox 1473 1739 1515 1794; x_wconf 84' lang='grc' dir='ltr'><em>δε</em></span> <span class='ocrx_word' id='word_1_237' title='bbox 1542 1759 1739 1817; x_wconf 84' lang='grc' dir='ltr'><em>παροιμία·</em></span> 
     </span>
     <span class='ocr_line' id='line_1_27' title="bbox 195 1802 1726 1868; baseline -0.003 -24"><span class='ocrx_word' id='word_1_238' title='bbox 195 1805 403 1868; x_wconf 85' lang='grc' dir='ltr'><em>Θεόγνιδός</em></span> <span class='ocrx_word' id='word_1_239' title='bbox 429 1805 540 1864; x_wconf 83' lang='grc' dir='ltr'><em>ἐστιν,</em></span> <span class='ocrx_word' id='word_1_240' title='bbox 568 1803 616 1848; x_wconf 84' lang='grc' dir='ltr'><em>ῶς</em></span> <span class='ocrx_word' id='word_1_241' title='bbox 644 1803 889 1865; x_wconf 85' lang='grc' dir='ltr'><em>Θεόφραστός</em></span> <span class='ocrx_word' id='word_1_242' title='bbox 914 1818 1028 1852; x_wconf 90' lang='grc' dir='ltr'><em>φησιν</em></span> <span class='ocrx_word' id='word_1_243' title='bbox 1057 1803 1096 1841; x_wconf 81' lang='grc' dir='ltr'><em>ἐν</em></span> <span class='ocrx_word' id='word_1_244' title='bbox 1122 1806 1173 1854; x_wconf 79' lang='grc' dir='ltr'><em>τῷ</em></span> <span class='ocrx_word' id='word_1_245' title='bbox 1194 1804 1340 1864; x_wconf 80' lang='grc' dir='ltr'><em>πρώτῳ</em></span> <span class='ocrx_word' id='word_1_246' title='bbox 1352 1805 1438 1850; x_wconf 83' lang='grc' dir='ltr'><em>περὶ</em></span> <span class='ocrx_word' id='word_1_247' title='bbox 1457 1802 1567 1851; x_wconf 85' lang='grc' dir='ltr'><em>ἠθῶν</em></span> <span class='ocrx_word' id='word_1_248' title='bbox 1586 1804 1726 1865; x_wconf 85' lang='grc' dir='ltr'><em>λέγων·</em></span> 
     </span>
     <span class='ocr_line' id='line_1_28' title="bbox 195 1842 1727 1916; baseline -0.002 -25"><span class='ocrx_word' id='word_1_249' title='bbox 195 1854 235 1892; x_wconf 83' lang='grc' dir='ltr'><em>ἐν</em></span> <span class='ocrx_word' id='word_1_250' title='bbox 262 1855 304 1892; x_wconf 92' lang='grc' dir='ltr'><em>δε</em></span> <span class='ocrx_word' id='word_1_251' title='bbox 332 1857 381 1903; x_wconf 81' lang='grc' dir='ltr'><em>τῷ</em></span> <span class='ocrx_word' id='word_1_252' title='bbox 408 1852 540 1916; x_wconf 81' lang='grc' dir='ltr'><em>πρώτω</em></span> <span class='ocrx_word' id='word_1_253' title='bbox 567 1855 640 1890; x_wconf 90' lang='grc' dir='ltr'><em>τῶν</em></span> <span class='ocrx_word' id='word_1_254' title='bbox 661 1852 822 1900; x_wconf 79' lang='grc' dir='ltr'><em>ἠθικῶν,</em></span> <span class='ocrx_word' id='word_1_255' title='bbox 843 1851 892 1895; x_wconf 80' lang='grc' dir='ltr'><em>ὡς</em></span> <span class='ocrx_word' id='word_1_256' title='bbox 912 1854 1130 1912; x_wconf 84' lang='grc' dir='ltr'><em>Φωκυλίδης</em></span> <span class='ocrx_word' id='word_1_257' title='bbox 1151 1842 1274 1889; x_wconf 74' lang='grc' dir='ltr'><em>αὐτοῦ</em></span> <span class='ocrx_word' id='word_1_258' title='bbox 1295 1851 1499 1899; x_wconf 87' lang='grc' dir='ltr'><em>μέμνηται·</em></span> <span class='ocrx_word' id='word_1_259' title='bbox 1525 1852 1591 1888; x_wconf 91' lang='grc' dir='ltr'><em>καὶ</em></span> <span class='ocrx_word' id='word_1_260' title='bbox 1611 1850 1727 1889; x_wconf 86' lang='grc' dir='ltr'><em>ούδεν</em></span> 
     </span>
     <span class='ocr_line' id='line_1_29' title="bbox 192 1893 1726 1957; baseline -0.002 -18"><span class='ocrx_word' id='word_1_261' title='bbox 192 1893 419 1950; x_wconf 88' lang='grc' dir='ltr'><em>θαυμαστὸν</em></span> <span class='ocrx_word' id='word_1_262' title='bbox 445 1903 510 1938; x_wconf 85' lang='grc' dir='ltr'><em>καὶ</em></span> <span class='ocrx_word' id='word_1_263' title='bbox 537 1903 758 1947; x_wconf 85' lang='grc' dir='ltr'><em>Φωκυλίδην</em></span> <span class='ocrx_word' id='word_1_264' title='bbox 784 1901 849 1937; x_wconf 87' lang='grc' dir='ltr'><em>καὶ</em></span> <span class='ocrx_word' id='word_1_265' title='bbox 877 1900 1036 1946; x_wconf 82' lang='grc' dir='ltr'><em>Θέογνιν</em></span> <span class='ocrx_word' id='word_1_266' title='bbox 1068 1898 1171 1948; x_wconf 76' lang='grc' dir='ltr'><em>αὐτῷ</em></span> <span class='ocrx_word' id='word_1_267' title='bbox 1203 1897 1428 1957; x_wconf 85' lang='grc' dir='ltr'><em>χρήσασθαι.</em></span> <span class='ocrx_word' id='word_1_268' title='bbox 1477 1900 1584 1936; x_wconf 82' lang='lat' dir='ltr'><strong>Adde</strong></span> <span class='ocrx_word' id='word_1_269' title='bbox 1610 1901 1726 1937; x_wconf 85' lang='lat' dir='ltr'>schol.</span> 
     </span>
     <span class='ocr_line' id='line_1_30' title="bbox 193 1945 1729 2004; baseline -0.002 -18"><span class='ocrx_word' id='word_1_270' title='bbox 193 1952 272 1986; x_wconf 91' lang='lat' dir='ltr'>cod.</span> <span class='ocrx_word' id='word_1_271' title='bbox 295 1951 409 1986; x_wconf 86' lang='lat' dir='ltr'>Oxon.</span> <span class='ocrx_word' id='word_1_272' title='bbox 437 1951 580 1986; x_wconf 81' lang='lat' dir='ltr'>editum</span> <span class='ocrx_word' id='word_1_273' title='bbox 606 1962 628 1985; x_wconf 82' lang='lat' dir='ltr'>a</span> <span class='ocrx_word' id='word_1_274' title='bbox 652 1950 765 1985; x_wconf 87' lang='lat' dir='ltr'>Rosio</span> <span class='ocrx_word' id='word_1_275' title='bbox 790 1949 829 1984; x_wconf 88' lang='lat' dir='ltr'><em>in</em></span> <span class='ocrx_word' id='word_1_276' title='bbox 860 1949 996 1985; x_wconf 87' lang='lat' dir='ltr'>Herme</span> <span class='ocrx_word' id='word_1_277' title='bbox 1016 1949 1048 1984; x_wconf 93' lang='lat' dir='ltr'><strong>V</strong></span> <span class='ocrx_word' id='word_1_278' title='bbox 1077 1952 1163 1984; x_wconf 85' lang='lat'><strong>356:</strong></span> <span class='ocrx_word' id='word_1_279' title='bbox 1190 1949 1302 1983; x_wconf 81' lang='grc' dir='ltr'><em>τοῦτο</em></span> <span class='ocrx_word' id='word_1_280' title='bbox 1329 1945 1554 2004; x_wconf 84' lang='grc' dir='ltr'><em>Θεόγνιδος·</em></span> <span class='ocrx_word' id='word_1_281' title='bbox 1581 1949 1729 1992; x_wconf 82' lang='grc' dir='ltr'><em>εἴρηται</em></span> 
     </span>
     <span class='ocr_line' id='line_1_31' title="bbox 194 1992 1726 2056; baseline -0.003 -22"><span class='ocrx_word' id='word_1_282' title='bbox 194 1997 235 2034; x_wconf 86' lang='grc' dir='ltr'><em>δε</em></span> <span class='ocrx_word' id='word_1_283' title='bbox 257 1995 391 2039; x_wconf 70' lang='grc' dir='ltr'><em>οὕτως·</em></span> <span class='ocrx_word' id='word_1_284' title='bbox 421 1995 582 2054; x_wconf 87' lang='grc' dir='ltr'><em>βούλεο</em></span> <span class='ocrx_word' id='word_1_285' title='bbox 609 1995 646 2032; x_wconf 86' lang='grc' dir='ltr'><em>δ’</em></span> <span class='ocrx_word' id='word_1_286' title='bbox 676 1994 937 2051; x_wconf 82' lang='grc' dir='ltr'><em>εὐσεβέως.</em></span> <span class='ocrx_word' id='word_1_287' title='bbox 988 2025 996 2032; x_wconf 92' lang='grc'><em>.</em></span> <span class='ocrx_word' id='word_1_288' title='bbox 1025 1993 1071 2032; x_wconf 82' lang='grc' dir='ltr'><em>ἐν</em></span> <span class='ocrx_word' id='word_1_289' title='bbox 1092 1995 1138 2031; x_wconf 87' lang='grc' dir='ltr'><em>δε</em></span> <span class='ocrx_word' id='word_1_290' title='bbox 1166 1992 1454 2054; x_wconf 80' lang='grc' dir='ltr'><em>δικαιοσύνῃ</em></span> <span class='ocrx_word' id='word_1_291' title='bbox 1469 1993 1726 2056; x_wconf 69' lang='grc' dir='ltr'><em>συλλήβδην</em></span> 
     </span>
     <span class='ocr_line' id='line_1_32' title="bbox 192 2040 1727 2099; baseline -0.002 -18"><span class='ocrx_word' id='word_1_292' title='bbox 192 2047 313 2081; x_wconf 78' lang='grc' dir='ltr'><em>πᾶσα</em></span> <span class='ocrx_word' id='word_1_293' title='bbox 333 2043 471 2090; x_wconf 84' lang='grc' dir='ltr'><em>αρετή</em></span> <span class='ocrx_word' id='word_1_294' title='bbox 494 2041 997 2101; x_wconf 67' lang='grc' dir='ltr'><strong>(Τ1100311.145-7).χώραν</strong></span> <span class='ocrx_word' id='word_1_295' title='bbox 1017 2041 1145 2089; x_wconf 82' lang='grc' dir='ltr'><em>μέντοι</em></span> <span class='ocrx_word' id='word_1_296' title='bbox 1163 2044 1366 2099; x_wconf 85' lang='grc' dir='ltr'><em>παροιμίας</em></span> <span class='ocrx_word' id='word_1_297' title='bbox 1386 2040 1530 2088; x_wconf 78' lang='grc' dir='ltr'><em>ἐπέχει</em></span> <span class='ocrx_word' id='word_1_298' title='bbox 1551 2042 1616 2078; x_wconf 85' lang='grc' dir='ltr'><em>καὶ</em></span> <span class='ocrx_word' id='word_1_299' title='bbox 1635 2041 1727 2088; x_wconf 80' lang='grc' dir='ltr'><em>μέμ-</em></span> 
     </span>
     <span class='ocr_line' id='line_1_33' title="bbox 193 2087 1726 2150; baseline -0.002 -22"><span class='ocrx_word' id='word_1_300' title='bbox 193 2107 303 2139; x_wconf 86' lang='grc' dir='ltr'><em>νηται</em></span> <span class='ocrx_word' id='word_1_301' title='bbox 335 2092 452 2138; x_wconf 82' lang='grc' dir='ltr'><em>αὐτῆς</em></span> <span class='ocrx_word' id='word_1_302' title='bbox 489 2091 536 2133; x_wconf 87' lang='grc' dir='ltr'><em>ὡς</em></span> <span class='ocrx_word' id='word_1_303' title='bbox 567 2094 770 2150; x_wconf 87' lang='grc' dir='ltr'><em>παροιμίας</em></span> <span class='ocrx_word' id='word_1_304' title='bbox 801 2090 1047 2148; x_wconf 85' lang='grc' dir='ltr'><em>Θεόφραστος</em></span> <span class='ocrx_word' id='word_1_305' title='bbox 1079 2088 1119 2126; x_wconf 82' lang='grc' dir='ltr'><em>ἐν</em></span> <span class='ocrx_word' id='word_1_306' title='bbox 1143 2091 1202 2147; x_wconf 81' lang='grc' dir='ltr'><em>τῷ</em></span> <span class='ocrx_word' id='word_1_307' title='bbox 1236 2088 1368 2137; x_wconf 79' lang='grc' dir='ltr'><em>πρώτῳ</em></span> <span class='ocrx_word' id='word_1_308' title='bbox 1400 2090 1488 2147; x_wconf 82' lang='grc' dir='ltr'><em>περὶ</em></span> <span class='ocrx_word' id='word_1_309' title='bbox 1517 2087 1626 2136; x_wconf 87' lang='grc' dir='ltr'><em>ἠθῶν</em></span> <span class='ocrx_word' id='word_1_310' title='bbox 1658 2093 1726 2136; x_wconf 82' lang='lat' dir='ltr'>(pr.</span> 
     </span>
     <span class='ocr_line' id='line_1_34' title="bbox 194 2134 1726 2199; baseline -0.003 -23"><span class='ocrx_word' id='word_1_311' title='bbox 194 2152 291 2179; x_wconf 83' lang='lat' dir='ltr'>man.</span> <span class='ocrx_word' id='word_1_312' title='bbox 317 2141 454 2186; x_wconf 85' lang='grc' dir='ltr'><em>θεῶν)·</em></span> <span class='ocrx_word' id='word_1_313' title='bbox 482 2138 523 2176; x_wconf 81' lang='grc' dir='ltr'><em>ἐν</em></span> <span class='ocrx_word' id='word_1_314' title='bbox 544 2139 585 2176; x_wconf 87' lang='grc' dir='ltr'><em>δε</em></span> <span class='ocrx_word' id='word_1_315' title='bbox 612 2141 662 2188; x_wconf 84' lang='grc' dir='ltr'><em>τῷ</em></span> <span class='ocrx_word' id='word_1_316' title='bbox 683 2137 815 2187; x_wconf 82' lang='grc' dir='ltr'><em>πρώτῳ</em></span> <span class='ocrx_word' id='word_1_317' title='bbox 841 2140 915 2175; x_wconf 89' lang='grc' dir='ltr'><em>τῶν</em></span> <span class='ocrx_word' id='word_1_318' title='bbox 919 2136 1102 2198; x_wconf 81' lang='grc' dir='ltr'><em>ἠθικῶν,</em></span> <span class='ocrx_word' id='word_1_319' title='bbox 1129 2135 1178 2179; x_wconf 82' lang='grc' dir='ltr'><em>ῶς</em></span> <span class='ocrx_word' id='word_1_320' title='bbox 1198 2140 1415 2199; x_wconf 88' lang='grc' dir='ltr'><em>Φωκυλίδης</em></span> <span class='ocrx_word' id='word_1_321' title='bbox 1441 2134 1559 2174; x_wconf 78' lang='grc' dir='ltr'><em>αὐτοῦ</em></span> <span class='ocrx_word' id='word_1_322' title='bbox 1586 2137 1726 2194; x_wconf 78' lang='grc' dir='ltr'><em>μέμνη-</em></span> 
     </span>
     <span class='ocr_line' id='line_1_35' title="bbox 193 2181 1728 2234; baseline -0.002 -10"><span class='ocrx_word' id='word_1_323' title='bbox 193 2201 271 2224; x_wconf 89' lang='grc' dir='ltr'><em>ται·</em></span> <span class='ocrx_word' id='word_1_324' title='bbox 298 2189 363 2224; x_wconf 87' lang='grc' dir='ltr'><em>καὶ</em></span> <span class='ocrx_word' id='word_1_325' title='bbox 388 2190 476 2229; x_wconf 83' lang='grc' dir='ltr'><em>ἴσως</em></span> <span class='ocrx_word' id='word_1_326' title='bbox 501 2188 565 2224; x_wconf 85' lang='grc' dir='ltr'><em>καὶ</em></span> <span class='ocrx_word' id='word_1_327' title='bbox 592 2189 809 2233; x_wconf 86' lang='grc' dir='ltr'><em>Φωκυλίδης</em></span> <span class='ocrx_word' id='word_1_328' title='bbox 834 2184 935 2234; x_wconf 81' lang='grc' dir='ltr'><em>αὐτῷ</em></span> <span class='ocrx_word' id='word_1_329' title='bbox 969 2184 1169 2232; x_wconf 80' lang='grc' dir='ltr'><em>ἐχρήσατο,</em></span> <span class='ocrx_word' id='word_1_330' title='bbox 1199 2181 1223 2231; x_wconf 78' lang='grc' dir='ltr'>ἢ</span> <span class='ocrx_word' id='word_1_331' title='bbox 1257 2186 1321 2221; x_wconf 88' lang='grc' dir='ltr'><em>καὶ</em></span> <span class='ocrx_word' id='word_1_332' title='bbox 1353 2183 1492 2230; x_wconf 83' lang='grc' dir='ltr'><em>ὁμοίως</em></span> <span class='ocrx_word' id='word_1_333' title='bbox 1516 2182 1728 2232; x_wconf 71' lang='grc' dir='ltr'><em>ἀμφότεροι</em></span> 
     </span>
     <span class='ocr_line' id='line_1_36' title="bbox 195 2231 1726 2282; baseline -0.001 -11"><span class='ocrx_word' id='word_1_334' title='bbox 195 2237 289 2282; x_wconf 88' lang='lat' dir='ltr'>(cod.</span> <span class='ocrx_word' id='word_1_335' title='bbox 326 2233 540 2282; x_wconf 77' lang='grc' dir='ltr'><em>ἀμφότερα)</em></span> <span class='ocrx_word' id='word_1_336' title='bbox 575 2236 737 2281; x_wconf 82' lang='grc' dir='ltr'><em>χρῶνται</em></span> <span class='ocrx_word' id='word_1_337' title='bbox 773 2235 991 2280; x_wconf 85' lang='grc' dir='ltr'><em>Φωκυλίδης</em></span> <span class='ocrx_word' id='word_1_338' title='bbox 1021 2233 1086 2269; x_wconf 84' lang='grc' dir='ltr'><em>καὶ</em></span> <span class='ocrx_word' id='word_1_339' title='bbox 1123 2232 1280 2278; x_wconf 85' lang='grc' dir='ltr'><em>Θέογνις</em></span> <span class='ocrx_word' id='word_1_340' title='bbox 1310 2231 1429 2279; x_wconf 81' lang='grc' dir='ltr'><em>τούτῳ</em></span> <span class='ocrx_word' id='word_1_341' title='bbox 1460 2233 1555 2276; x_wconf 88' lang='lat' dir='ltr'>(cod.</span> <span class='ocrx_word' id='word_1_342' title='bbox 1589 2233 1726 2278; x_wconf 81' lang='grc' dir='ltr'><em>τοῦτο).</em></span> 
     </span>
     <span class='ocr_line' id='line_1_37' title="bbox 195 2280 1728 2329; baseline -0.003 -10"><span class='ocrx_word' id='word_1_343' title='bbox 195 2284 415 2329; x_wconf 82' lang='lat' dir='ltr'><strong>quibuscum</strong></span> <span class='ocrx_word' id='word_1_344' title='bbox 442 2284 517 2318; x_wconf 85' lang='lat' dir='ltr'>fere</span> <span class='ocrx_word' id='word_1_345' title='bbox 545 2283 718 2328; x_wconf 83' lang='lat' dir='ltr'>congruit</span> <span class='ocrx_word' id='word_1_346' title='bbox 748 2282 862 2318; x_wconf 88' lang='lat' dir='ltr'>schol.</span> <span class='ocrx_word' id='word_1_347' title='bbox 890 2283 970 2318; x_wconf 87' lang='grc'><strong>00(1.</strong></span> <span class='ocrx_word' id='word_1_348' title='bbox 997 2281 1112 2318; x_wconf 80' lang='lat' dir='ltr'>Paris.</span> <span class='ocrx_word' id='word_1_349' title='bbox 1139 2280 1188 2316; x_wconf 92' lang='lat' dir='ltr'><em>ib</em></span> <span class='ocrx_word' id='word_1_350' title='bbox 1216 2280 1358 2317; x_wconf 86' lang='lat' dir='ltr'>editum</span> <span class='ocrx_word' id='word_1_351' title='bbox 1385 2282 1417 2316; x_wconf 93' lang='lat' dir='ltr'><strong>V</strong></span> <span class='ocrx_word' id='word_1_352' title='bbox 1444 2285 1498 2316; x_wconf 83' lang='lat'><em>79.</em></span> <span class='ocrx_word' id='word_1_353' title='bbox 1549 2280 1639 2315; x_wconf 88' lang='lat' dir='ltr'>Inde</span> <span class='ocrx_word' id='word_1_354' title='bbox 1666 2280 1728 2315; x_wconf 87' lang='lat' dir='ltr'>de-</span> 
     </span>
    </p>
   </div>
   <div class='ocr_carea' id='block_1_6' title="bbox 134 2324 1727 2388">
    <p class='ocr_par' dir='ltr' id='par_1_6' title="bbox 134 2324 1727 2388">
     <span class='ocr_line' id='line_1_38' title="bbox 134 2324 1727 2388; baseline -0.003 -21"><span class='ocrx_word' id='word_1_355' title='bbox 134 2338 141 2345; x_wconf 75' lang='lat'><strong><em>‘</em></strong></span> <span class='ocrx_word' id='word_1_356' title='bbox 197 2331 347 2388; x_wconf 87' lang='lat' dir='ltr'>scripsit</span> <span class='ocrx_word' id='word_1_357' title='bbox 371 2331 531 2366; x_wconf 82' lang='lat' dir='ltr'>Michael</span> <span class='ocrx_word' id='word_1_358' title='bbox 557 2331 759 2376; x_wconf 81' lang='lat' dir='ltr'>Ephesius,</span> <span class='ocrx_word' id='word_1_359' title='bbox 791 2329 886 2365; x_wconf 88' lang='lat' dir='ltr'>nihil</span> <span class='ocrx_word' id='word_1_360' title='bbox 911 2329 1071 2365; x_wconf 82' lang='lat' dir='ltr'>offensus</span> <span class='ocrx_word' id='word_1_361' title='bbox 1097 2328 1230 2364; x_wconf 91' lang='lat' dir='ltr'>mendo</span> <span class='ocrx_word' id='word_1_362' title='bbox 1261 2328 1458 2364; x_wconf 83' lang='lat' dir='ltr'>manifesto</span> <span class='ocrx_word' id='word_1_363' title='bbox 1485 2324 1534 2369; x_wconf 83' lang='grc' dir='ltr'><em>ὡς</em></span> <span class='ocrx_word' id='word_1_364' title='bbox 1561 2329 1727 2363; x_wconf 85' lang='grc' dir='ltr'><em>Φωκυλί-</em></span> 
     </span>
    </p>
   </div>
   <div class='ocr_carea' id='block_1_7' title="bbox 197 2374 1728 2622">
    <p class='ocr_par' dir='ltr' id='par_1_7' title="bbox 197 2374 1728 2509">
     <span class='ocr_line' id='line_1_39' title="bbox 198 2374 1727 2432; baseline -0.002 -18"><span class='ocrx_word' id='word_1_365' title='bbox 198 2381 265 2424; x_wconf 91' lang='grc' dir='ltr'><em>δης</em></span> <span class='ocrx_word' id='word_1_366' title='bbox 291 2375 408 2414; x_wconf 79' lang='grc' dir='ltr'><em>αὐτοῦ</em></span> <span class='ocrx_word' id='word_1_367' title='bbox 436 2377 632 2432; x_wconf 84' lang='grc' dir='ltr'><em>μέμνηται,</em></span> <span class='ocrx_word' id='word_1_368' title='bbox 658 2379 723 2413; x_wconf 91' lang='lat' dir='ltr'><em>ubi</em></span> <span class='ocrx_word' id='word_1_369' title='bbox 749 2378 894 2423; x_wconf 84' lang='lat' dir='ltr'>corrigo</span> <span class='ocrx_word' id='word_1_370' title='bbox 921 2374 970 2417; x_wconf 80' lang='grc' dir='ltr'><em>ὡς</em></span> <span class='ocrx_word' id='word_1_371' title='bbox 995 2377 1309 2411; x_wconf 90' lang='grc' dir='ltr'><em>Φωκυλιδείου</em></span> <span class='ocrx_word' id='word_1_372' title='bbox 1335 2376 1411 2411; x_wconf 81' lang='grc' dir='ltr'><em>τοῦ</em></span> <span class='ocrx_word' id='word_1_373' title='bbox 1440 2376 1593 2421; x_wconf 85' lang='grc' dir='ltr'><em>στίχου</em></span> <span class='ocrx_word' id='word_1_374' title='bbox 1619 2388 1727 2421; x_wconf 85' lang='grc' dir='ltr'><em>μεμν.</em></span> 
     </span>
     <span class='ocr_line' id='line_1_40' title="bbox 197 2422 1728 2470; baseline -0.003 -8"><span class='ocrx_word' id='word_1_375' title='bbox 197 2426 356 2462; x_wconf 90' lang='lat' dir='ltr'>Videtur</span> <span class='ocrx_word' id='word_1_376' title='bbox 380 2426 441 2461; x_wconf 90' lang='lat' dir='ltr'><em>hic</em></span> <span class='ocrx_word' id='word_1_377' title='bbox 466 2430 594 2461; x_wconf 78' lang='lat' dir='ltr'>versus</span> <span class='ocrx_word' id='word_1_378' title='bbox 621 2424 711 2460; x_wconf 90' lang='lat' dir='ltr'>olim</span> <span class='ocrx_word' id='word_1_379' title='bbox 736 2425 775 2460; x_wconf 89' lang='lat' dir='ltr'><em>in</em></span> <span class='ocrx_word' id='word_1_380' title='bbox 800 2424 1014 2470; x_wconf 81' lang='lat' dir='ltr'>Phooylidis</span> <span class='ocrx_word' id='word_1_381' title='bbox 1039 2424 1181 2470; x_wconf 81' lang='lat' dir='ltr'>pariter</span> <span class='ocrx_word' id='word_1_382' title='bbox 1205 2424 1316 2469; x_wconf 84' lang='lat' dir='ltr'>atque</span> <span class='ocrx_word' id='word_1_383' title='bbox 1343 2422 1572 2466; x_wconf 84' lang='lat' dir='ltr'>Theognidis</span> <span class='ocrx_word' id='word_1_384' title='bbox 1598 2422 1728 2458; x_wconf 81' lang='lat' dir='ltr'>carmi-</span> 
     </span>
     <span class='ocr_line' id='line_1_41' title="bbox 197 2473 564 2509; baseline 0 -1"><span class='ocrx_word' id='word_1_385' title='bbox 197 2473 304 2509; x_wconf 89' lang='lat' dir='ltr'>nibus</span> <span class='ocrx_word' id='word_1_386' title='bbox 328 2473 447 2509; x_wconf 83' lang='lat' dir='ltr'>lectus</span> <span class='ocrx_word' id='word_1_387' title='bbox 474 2485 564 2509; x_wconf 87' lang='lat' dir='ltr'>esse.</span> 
     </span>
    </p>

    <p class='ocr_par' dir='ltr' id='par_1_8' title="bbox 198 2517 1728 2614">
     <span class='ocr_line' id='line_1_42' title="bbox 294 2517 1727 2565; baseline -0.001 -9"><span class='ocrx_word' id='word_1_388' title='bbox 294 2520 511 2556; x_wconf 76' lang='lat' dir='ltr'>Sententiae</span> <span class='ocrx_word' id='word_1_389' title='bbox 543 2521 711 2556; x_wconf 83' lang='lat' dir='ltr'>versibus</span> <span class='ocrx_word' id='word_1_390' title='bbox 735 2520 895 2555; x_wconf 85' lang='lat' dir='ltr'>heroicis</span> <span class='ocrx_word' id='word_1_391' title='bbox 927 2518 1134 2565; x_wconf 71' lang='lat' dir='ltr'>explicatae</span> <span class='ocrx_word' id='word_1_392' title='bbox 1165 2519 1308 2564; x_wconf 79' lang='lat' dir='ltr'>passim</span> <span class='ocrx_word' id='word_1_393' title='bbox 1336 2517 1529 2564; x_wconf 80' lang='lat' dir='ltr'>leguntur,</span> <span class='ocrx_word' id='word_1_394' title='bbox 1563 2529 1607 2552; x_wconf 85' lang='grc'><em>30</em></span> <span class='ocrx_word' id='word_1_395' title='bbox 1637 2530 1727 2554; x_wconf 86' lang='grc'><strong>11011-</strong></span> 
     </span>
     <span class='ocr_line' id='line_1_43' title="bbox 198 2565 1728 2622; baseline -0.003 -18"><span class='ocrx_word' id='word_1_396' title='bbox 198 2569 323 2604; x_wconf 81' lang='lat' dir='ltr'>nullae</span> <span class='ocrx_word' id='word_1_397' title='bbox 341 2568 554 2614; x_wconf 82' lang='lat' dir='ltr'>Phocylide</span> <span class='ocrx_word' id='word_1_398' title='bbox 579 2568 679 2622; x_wconf 75' lang='grc' dir='ltr'><strong>113υᾶ</strong></span> <span class='ocrx_word' id='word_1_399' title='bbox 704 2568 882 2613; x_wconf 79' lang='lat' dir='ltr'>indignae</span> <span class='ocrx_word' id='word_1_400' title='bbox 915 2567 1106 2611; x_wconf 80' lang='lat' dir='ltr'>videntur,</span> <span class='ocrx_word' id='word_1_401' title='bbox 1138 2566 1203 2602; x_wconf 86' lang='lat' dir='ltr'><em>sed</em></span> <span class='ocrx_word' id='word_1_402' title='bbox 1233 2567 1391 2612; x_wconf 87' lang='lat' dir='ltr'>possunt</span> <span class='ocrx_word' id='word_1_403' title='bbox 1421 2565 1535 2601; x_wconf 85' lang='lat' dir='ltr'>etiam</span> <span class='ocrx_word' id='word_1_404' title='bbox 1568 2575 1613 2600; x_wconf 82' lang='lat' dir='ltr'>ex</span> <span class='ocrx_word' id='word_1_405' title='bbox 1643 2565 1728 2600; x_wconf 84' lang='lat' dir='ltr'>aliis</span> 
     </span>
    </p>
   </div>
   <div class='ocr_carea' id='block_1_8' title="bbox 198 2612 1729 2757">
    <p class='ocr_par' dir='ltr' id='par_1_9' title="bbox 198 2612 1729 2757">
     <span class='ocr_line' id='line_1_44' title="bbox 200 2612 1729 2661; baseline -0.003 -10"><span class='ocrx_word' id='word_1_406' title='bbox 200 2615 406 2652; x_wconf 77' lang='lat' dir='ltr'>didacticis</span> <span class='ocrx_word' id='word_1_407' title='bbox 426 2617 488 2652; x_wconf 89' lang='lat' dir='ltr'>vel</span> <span class='ocrx_word' id='word_1_408' title='bbox 520 2615 635 2661; x_wconf 84' lang='lat' dir='ltr'>epicis</span> <span class='ocrx_word' id='word_1_409' title='bbox 666 2614 893 2651; x_wconf 82' lang='lat' dir='ltr'>carminibus</span> <span class='ocrx_word' id='word_1_410' title='bbox 926 2615 1112 2651; x_wconf 72' lang='lat' dir='ltr'>delibatae</span> <span class='ocrx_word' id='word_1_411' title='bbox 1143 2625 1240 2658; x_wconf 80' lang='lat' dir='ltr'>esse,</span> <span class='ocrx_word' id='word_1_412' title='bbox 1278 2613 1384 2649; x_wconf 86' lang='lat' dir='ltr'>velut</span> <span class='ocrx_word' id='word_1_413' title='bbox 1420 2612 1519 2658; x_wconf 78' lang='lat' dir='ltr'><em>apud</em></span> <span class='ocrx_word' id='word_1_414' title='bbox 1551 2613 1729 2648; x_wconf 84' lang='lat' dir='ltr'>Ioannem</span> 
     </span>
     <span class='ocr_line' id='line_1_45' title="bbox 199 2656 1728 2708; baseline -0.003 -9"><span class='ocrx_word' id='word_1_415' title='bbox 199 2663 367 2699; x_wconf 79' lang='lat' dir='ltr'>Damaso.</span> <span class='ocrx_word' id='word_1_416' title='bbox 396 2664 452 2699; x_wconf 86' lang='lat' dir='ltr'>ed.</span> <span class='ocrx_word' id='word_1_417' title='bbox 480 2663 665 2699; x_wconf 84' lang='lat' dir='ltr'>Gaisford.</span> <span class='ocrx_word' id='word_1_418' title='bbox 694 2663 796 2699; x_wconf 82' lang='lat' dir='ltr'>Stob.</span> <span class='ocrx_word' id='word_1_419' title='bbox 823 2663 900 2698; x_wconf 85' lang='lat' dir='ltr'>Ecl.</span> <span class='ocrx_word' id='word_1_420' title='bbox 927 2663 1036 2708; x_wconf 85' lang='lat' dir='ltr'>Phys.</span> <span class='ocrx_word' id='word_1_421' title='bbox 1063 2662 1193 2698; x_wconf 80' lang='lat'><strong>11763</strong></span> <span class='ocrx_word' id='word_1_422' title='bbox 1220 2660 1336 2706; x_wconf 82' lang='lat' dir='ltr'>(Stob.</span> <span class='ocrx_word' id='word_1_423' title='bbox 1357 2659 1484 2695; x_wconf 82' lang='lat' dir='ltr'>Floril.</span> <span class='ocrx_word' id='word_1_424' title='bbox 1505 2660 1554 2695; x_wconf 92' lang='lat' dir='ltr'><em>IV</em></span> <span class='ocrx_word' id='word_1_425' title='bbox 1575 2664 1645 2695; x_wconf 80' lang='lat'><em>230</em></span> <span class='ocrx_word' id='word_1_426' title='bbox 1671 2656 1728 2695; x_wconf 85' lang='lat' dir='ltr'>ed</span> 
     </span>
     <span class='ocr_line' id='line_1_46' title="bbox 198 2711 570 2757; baseline 0 -11"><span class='ocrx_word' id='word_1_427' title='bbox 198 2711 384 2757; x_wconf 85' lang='lat' dir='ltr'>Meineke)</span> <span class='ocrx_word' id='word_1_428' title='bbox 411 2711 570 2747; x_wconf 82' lang='grc' dir='ltr'><em>ωκειῶν·</em></span> 
     </span>
    </p>
   </div>
   <div class='ocr_carea' id='block_1_9' title="bbox 335 2764 1417 2867">
    <p class='ocr_par' dir='ltr' id='par_1_10' title="bbox 343 2764 1417 2867">
     <span class='ocr_line' id='line_1_47' title="bbox 343 2764 1322 2828; baseline -0.004 -22"><span class='ocrx_word' id='word_1_429' title='bbox 343 2769 462 2811; x_wconf 84' lang='grc' dir='ltr'><em>Αἰδως</em></span> <span class='ocrx_word' id='word_1_430' title='bbox 487 2784 545 2806; x_wconf 91' lang='grc' dir='ltr'><em>τοι</em></span> <span class='ocrx_word' id='word_1_431' title='bbox 571 2771 779 2813; x_wconf 81' lang='grc' dir='ltr'><em>ξυνετοῖσιν</em></span> <span class='ocrx_word' id='word_1_432' title='bbox 808 2767 869 2805; x_wconf 80' lang='grc' dir='ltr'><em>ἐπὶ</em></span> <span class='ocrx_word' id='word_1_433' title='bbox 897 2766 1117 2828; x_wconf 80' lang='grc' dir='ltr'><em>βλεφάροισι</em></span> <span class='ocrx_word' id='word_1_434' title='bbox 1141 2764 1322 2813; x_wconf 85' lang='grc' dir='ltr'><em>καθηται,</em></span> 
     </span>
     <span class='ocr_line' id='line_1_48' title="bbox 335 2814 1417 2867; baseline -0.003 -13.938"><span class='ocrx_word' id='word_1_435' title='bbox 335 2814 470 2867; x_wconf 82' lang='grc' dir='ltr'><em>’Τβρις</em></span> <span class='ocrx_word' id='word_1_436' title='bbox 495 2815 531 2853; x_wconf 89' lang='grc' dir='ltr'><em>δ’</em></span> <span class='ocrx_word' id='word_1_437' title='bbox 561 2815 791 2861; x_wconf 83' lang='grc' dir='ltr'><em>αξυνέτοισι·</em></span> <span class='ocrx_word' id='word_1_438' title='bbox 820 2815 939 2862; x_wconf 86' lang='grc' dir='ltr'><em>σοφὸς</em></span> <span class='ocrx_word' id='word_1_439' title='bbox 965 2817 1006 2852; x_wconf 83' lang='grc' dir='ltr'><em>δέ</em></span> <span class='ocrx_word' id='word_1_440' title='bbox 1032 2829 1075 2852; x_wconf 88' lang='grc' dir='ltr'><em>κε</em></span> <span class='ocrx_word' id='word_1_441' title='bbox 1101 2828 1210 2851; x_wconf 86' lang='grc' dir='ltr'><em>τουτο</em></span> <span class='ocrx_word' id='word_1_442' title='bbox 1238 2816 1358 2860; x_wconf 86' lang='grc' dir='ltr'><em>δαείη.</em></span> <span class='ocrx_word' id='word_1_443' title='bbox 1397 2824 1417 2851; x_wconf 55' lang='lat'><em>5</em></span> 
     </span>
    </p>
   </div>
   <div class='ocr_carea' id='block_1_10' title="bbox 201 2873 1725 2962">
    <p class='ocr_par' dir='ltr' id='par_1_11' title="bbox 201 2873 1725 2962">
     <span class='ocr_line' id='line_1_49' title="bbox 201 2873 1725 2962; baseline -0.001 -51"><span class='ocrx_word' id='word_1_444' title='bbox 201 2874 520 2962; x_wconf 47' lang='lat' dir='ltr'>Rhidconieiioggu</span> <span class='ocrx_word' id='word_1_445' title='bbox 546 2878 632 2913; x_wconf 81' lang='grc' dir='ltr'><em>τῶν</em></span> <span class='ocrx_word' id='word_1_446' title='bbox 659 2877 1000 2923; x_wconf 83' lang='grc' dir='ltr'><em>Φ)ωκυλιδεί.ων</em></span> <span class='ocrx_word' id='word_1_447' title='bbox 1030 2896 1071 2901; x_wconf 83' lang='lat'><em>—-</em></span> <span class='ocrx_word' id='word_1_448' title='bbox 1101 2875 1181 2911; x_wconf 88' lang='lat' dir='ltr'>Huc</span> <span class='ocrx_word' id='word_1_449' title='bbox 1206 2874 1302 2910; x_wconf 86' lang='lat' dir='ltr'>adde</span> <span class='ocrx_word' id='word_1_450' title='bbox 1327 2874 1427 2919; x_wconf 76' lang='lat' dir='ltr'>apud</span> <span class='ocrx_word' id='word_1_451' title='bbox 1452 2874 1574 2910; x_wconf 85' lang='lat' dir='ltr'>Schol.</span> <span class='ocrx_word' id='word_1_452' title='bbox 1601 2873 1725 2919; x_wconf 85' lang='lat' dir='ltr'>Eurip.</span> 
     </span>
     <span class='ocr_line' id='line_1_50' title="bbox 235 2935 489 2962; baseline 0.008 -4"><span class='ocrx_word' id='word_1_453' title='bbox 235 2936 259 2958; x_wconf 91' lang='lat' dir='ltr'>n</span> <span class='ocrx_word' id='word_1_454' title='bbox 287 2935 376 2962; x_wconf 89' lang='lat' dir='ltr'>rom.</span> <span class='ocrx_word' id='word_1_455' title='bbox 481 2940 489 2960; x_wconf 73' lang='grc' dir='ltr'>ε</span> 
     </span>
    </p>
   </div>
  </div>
 </body>
</html>
