1890 3216
190 137 278 180 398
779 136 1134 182 IAMBOGRAPHI.

849 246 918 287 58.
951 245 1057 298 [33]
1143 260 1146 262 ·
1653 258 1723 290 698

263 326 330 372 06
362 327 501 384 φιλέω
533 327 672 383 μέγαν
705 324 954 384 στρατηγὸν
986 324 1095 370 οὐδὲ
1126 327 1521 384 διαπεπλιγμένον,

261 398 368 443 οὐδὲ
398 397 689 456 βοστρύχοισι
720 400 893 455 γαῦρον
926 396 1011 442 οὐδ
1018 395 1419 460 ’,ὑπεξυρημένοῃ

260 468 374 514 ἀλλά
407 488 482 527 μοι
515 469 700 527 σμικρός
730 487 796 521 τις
827 474 894 526 εἴη
926 469 1000 513 καὶ
1032 469 1133 527 περὶ
1163 468 1334 526 κνήμας
1366 472 1482 514 ι’δεῖν

261 540 431 599 ῥοικός,
463 540 696 598 ἀσφαλέως
727 538 926 598 βεβηκώς
955 544 1111 596 ποσσί,
1142 543 1327 599 καρδίης
1357 541 1501 594 πλέος.

849 637 920 681 59.
954 638 1060 691 [39]

253 717 388 764 Ἑπτὰ
420 718 506 778 γὰρ
538 722 711 778 νεκρῶν
743 718 993 775 πεσόντων,
1026 717 1107 772 οὓς
1138 718 1397 778 ἐμάρψαμεν
1428 724 1585 778 ποσίν,

259 795 394 883 χίλιοι
425 794 593 848 φονῆες
624 791 768 848 ἐσμέν.

625 893 645 909 φ

187 919 355 968 πλάστην
381 919 615 979 φιλόκοσμον
642 919 741 957 εἶναι
765 920 854 966 περὶ
878 918 1000 967 κόμην
1026 921 1091 956 καὶ
1116 917 1387 967 καλλωπιστήν.
1430 922 1538 959 Adde
1562 923 1723 971 Hesych.

189 983 222 1006 v.
250 967 495 1016 Κεροπλάστη
499 983 517 1010 ς
541 971 580 1005 et
602 969 697 1005 Pon.
723 968 759 1004 Π
784 973 842 1005 31.

284 1017 342 1055 Fr.
369 1022 425 1054 58
477 1017 548 1053 Dio
581 1016 710 1061 Chrys
736 1017 778 1052 T.
803 1016 839 1051 II
863 1019 932 1052 456
965 1016 1073 1052 affert
1102 1029 1138 1054 v.
1165 1021 1196 1052 1.
1224 1021 1245 1053 2
1278 1019 1317 1052 et
1348 1029 1393 1053 ex
1410 1020 1532 1074 parte
1562 1031 1598 1055 v.
1625 1023 1658 1057 3.
1683 1024 1724 1056 4.

183 1063 226 1102 Ο
250 1062 287 1101 δ’
312 1062 562 1125 Ἀρχίλοχος
585 1064 674 1121 περὶ
699 1065 908 1123 στρατηγοῦ
933 1063 1054 1121 λέγων
1080 1060 1178 1100 οὕτω
1206 1067 1337 1111 φησίν·
1367 1062 1453 1101 Οὐ.
1505 1063 1628 1104 ,αλλᾶ
1648 1081 1723 1114 μοι,

189 1115 323 1159 φησίν,
350 1115 407 1159 εἴη
435 1110 567 1159 ῥάιβὸς
592 1109 650 1147 ἄσ.
678 1113 710 1159 β.
736 1111 801 1147 καὶ
828 1109 1077 1157 ἐπινοήμασιν
1103 1110 1231 1153 δασύς.
1263 1134 1310 1138 -
1339 1112 1383 1149 V.
1411 1118 1432 1149 3
1459 1115 1498 1150 et
1521 1118 1545 1150 4
1571 1115 1726 1152 exhibet
1763 1138 1766 1139 ν

190 1161 319 1198 Galen.
346 1160 386 1196 111
409 1161 587 1221 Hippocr
615 1160 660 1196 de
687 1160 803 1195 Artic.
829 1159 892 1196 III.
918 1160 960 1196 Τ.
986 1158 1108 1195 XVIII
1136 1164 1167 1204 1,
1188 1164 1275 1197 537:
1300 1157 1343 1195 τὸ
1369 1159 1439 1206 μὲν
1463 1159 1537 1220 γὰρ
1564 1159 1628 1198 δια
1653 1163 1722 1198 τοῦ

188 1223 210 1244 κ
244 1206 449 1266 λεγόμενον
482 1206 697 1253 ροικοειδέα
730 1206 794 1242 καὶ
825 1204 929 1251 παρὰ
963 1208 1154 1255 Θεοκρίτῳ
1182 1236 1189 1243 .
1216 1237 1224 1244 .
1254 1236 1261 1243 .
1294 1207 1359 1243 καὶ
1389 1220 1466 1254 παρ
1513 1206 1724 1266 Ἀρχιλόχῳ·

189 1254 300 1292 ἀλλὰ
326 1259 402 1292 κτλ.
436 1257 475 1292 et
498 1267 624 1291 rursus
650 1254 700 1290 ib.
728 1259 798 1290 604
829 1255 1006 1315 leguntur
1030 1268 1065 1290 v.
1094 1259 1122 1291 1
1152 1259 1184 1290 3.
1210 1259 1250 1290 4.
1285 1267 1378 1291 ωστε
1407 1256 1472 1291 καὶ
1496 1253 1624 1293 αὐτῶν
1648 1260 1724 1294 τῶν

188 1301 286 1339 κατὰ
315 1301 431 1349 φύσιν
458 1301 623 1349 ἐχόντων
648 1303 723 1338 τῶν
746 1298 925 1350 ραιβῶν
910 1299 934 1348 ἠ
954 1300 1093 1348 ῥὀικῶν
1113 1299 1416 1363 ὀνομαζομένων,
1441 1300 1726 1362 ασφαλέστερον

189 1351 231 1388 δὲ
263 1352 330 1387 καὶ
360 1349 757 1396 δυσανατρεπτότερον
795 1351 977 1386 ἵστασθαι
1012 1350 1088 1385 τῶν
1127 1364 1215 1396 ακρι
1241 1351 1292 1391 ὥς
1329 1348 1493 1408 ἑχόντων
1529 1349 1576 1388 τὰ
1612 1353 1724 1400 σκέλη

189 1396 308 1458 ὀρθά·
316 1399 524 1456 δηλοῦται
560 1398 602 1434 δὲ
634 1399 746 1434 τοῦτο
778 1395 850 1441 καξ
883 1392 935 1433 ὧν
957 1394 1160 1443 Ἀρχίλοχος
1192 1411 1316 1443 ειπεν,
1355 1395 1407 1434 οὖ
1440 1398 1582 1444 φιλέω
1607 1428 1615 1436 .
1643 1428 1652 1436 .
1679 1430 1687 1438 .

189 1444 284 1483 ἀλλ’
312 1460 360 1488 ος
385 1460 477 1493 μοι,
504 1447 638 1492 φησιᾝν
671 1443 844 1492 μακρὸς
869 1447 939 1491 εἴη
966 1448 1041 1481 κτλ.
1093 1445 1725 1492 Seh01.Hippocrat.ed.Dm-0m-

187 1495 281 1541 berg
316 1495 472 1531 Notices
507 1494 573 1530 des
604 1494 681 1529 MS.
715 1493 913 1529 Medicam(
944 1505 980 1538 p.
1007 1497 1075 1528 211
1114 1493 1191 1554 (vel
1221 1493 1386 1530 Erotian.
1421 1494 1479 1532 ed.
1508 1494 1622 1532 Klein
1647 1497 1725 1555 13)-

184 1507 436 1600 ΞΡοικόμηροι
472 1542 665 1600 Βακχεῖος
694 1541 810 1586 φησὶν
843 1538 1083 1598 έξώγλουτοι·
1120 1539 1242 1588 §oenoe
1263 1539 1344 1602 γὰρ
1376 1539 1417 1577 οἶ
1437 1540 1643 1600 καμπύλαι,
1674 1557 1726 1586 ως

185 1587 389 1648 Ἀρχίλοχος
412 1591 546 1647 φησίν
573 1587 666 1625 ἄλλά
692 1602 757 1635 μοι
782 1586 935 1648 σμικρὸς
960 1589 1019 1634 εἴη
1044 1603 1079 1624 κ.
1103 1602 1141 1624 π.
1163 1602 1219 1624 κν.
1242 1587 1344 1625 εἶδεν
1370 1587 1499 1635 ῤὀικός
1523 1587 1725 1647 ασφαλέως

189 1640 358 1695 βεβηκως
377 1639 499 1674 ποσίν.
534 1634 778 1694 Ηρακλείδης
797 1635 839 1672 δὲ
861 1634 881 1672 ὁ
905 1640 1139 1682 Ταραντῖνος
1164 1634 1294 1682 ῤὀικόν
1319 1649 1436 1682 φησιν
1463 1635 1562 1673 εἶναι
1586 1635 1629 1674 τὸ
1651 1637 1724 1674 ἔσω

188 1687 305 1722 νεῦον
336 1686 403 1721 καὶ
435 1697 506 1721 σκα
508 1682 616 1734 μβόν.
650 1706 695 1711 -
732 1685 776 1720 V.
806 1689 837 1719 1.
873 1683 1194 1730 διαπεπλιγμένον
1225 1685 1512 1731 Hemsterhuys‚
1546 1685 1618 1722 Dio
1643 1687 1725 1722 δια-

189 1733 453 1791 πεπληγμένον
492 1733 572 1779 (sed
610 1732 715 1769 codd.
755 1731 1724 1791 διαπεπλεγμένον),(181011.διαπεπηγμένον.-

188 1781 233 1817 V.
260 1785 293 1816 2.
320 1780 619 1838 ὑπεξυρημένον,
645 1780 678 1815 U
704 1776 1040 1837 ὗπεξηιρρημένον,
1066 1781 1101 1813 Α
1126 1777 1430 1825 ὖπεξηρημένον,
1455 1780 1488 1815 D
1514 1777 1725 1836 νπερξηρη-

190 1828 318 1875 μένον.
352 1850 397 1855 -
435 1827 480 1864 V.
507 1833 540 1865 3.
578 1825 672 1863 ἄλλα
699 1840 763 1873 μοι
788 1825 920 1884 μικρός
946 1824 1122 1884 (σμικρός
1139 1839 1183 1863 ex
1209 1827 1332 1863 Schol.
1358 1827 1538 1885 Hippoer.
1561 1828 1726 1886 restitui)

190 1890 246 1918 τις
270 1878 330 1934 εἴη
355 1876 499 1912 Iacobs.
537 1875 668 1911 Galen.
693 1875 816 1921 priore
841 1875 866 1910 1.
891 1871 986 1910 αλλὰ
1011 1871 1144 1919 μικρός
1167 1888 1222 1915 τις
1247 1875 1318 1931 εἴη,
1345 1874 1464 1911 altero
1490 1871 1573 1911 αλλ’
1595 1871 1638 1918 ὅς
1642 1889 1726 1935 μοι

192 1922 336 1985 μακρὸς
360 1925 431 1981 εἴη.
470 1923 553 1960 Sch.
575 1923 731 1959 Theocr.
752 1923 802 1958 IV
822 1926 886 1958 49·
913 1920 1059 1968 ροικόν·
1085 1921 1127 1958 τὸ
1149 1920 1363 1982 καμπύλον·
1385 1919 1604 1979 Ἀρχίλοχος·
1629 1919 1724 1960 ἄλλά

189 1985 253 2018 μοι
289 1970 416 2031 ροικός
454 1985 510 2012 τις
540 1972 599 2016 εἴη
631 1983 728 2006 κατα
761 1967 908 2016 κνήμην
913 1937 1049 2006 ρίδεῖν.
1088 1990 1132 1996 --
1171 1970 1216 2006 V.
1242 1974 1276 2005 4.
1314 1967 1440 2026 ροικὸς
1476 1970 1606 2007 Galen.
1638 1971 1725 2007 Soh.

191 2021 360 2065 Theocr„
387 2016 519 2075 ῥἀιβός
542 2018 627 2063 Dio,
652 2019 767 2063 atque
792 2018 848 2053 ita
872 2017 1006 2053 Pollux
1031 2018 1065 2053 II
1092 2021 1177 2053 193·
1215 2014 1373 2074 ραιβοὺς
1396 2016 1439 2053 δὲ
1465 2019 1644 2054 καλοῦσιν
1669 2017 1728 2060 οἷς

190 2066 368 2125 καμπύλα
395 2066 450 2108 εἰς
473 2063 516 2102 τὸ
545 2048 656 2102 ἕνδδν
682 2064 729 2101 τὰ
755 2064 888 2126 σκέλη,
917 2063 1093 2125 βλαισοὺς
1125 2063 1167 2100 δὲ
1201 2064 1257 2106 οἷς
1280 2062 1323 2100 τὸ
1349 2061 1426 2100 ἀπὸ
1452 2066 1527 2101 τῶν
1552 2063 1724 2111 γονάτων

191 2115 246 2156 εἰς
270 2113 312 2151 τὸ
340 2114 411 2158 ἔξω
438 2111 717 2159 απέστραπται·
754 2113 819 2148 καὶ
850 2126 892 2148 το
919 2111 989 2160 μὲν
1011 2109 1231 2158 Ἀρχίλοχος,
1262 2111 1304 2147 τὸ
1330 2111 1373 2148 δε
1400 2113 1588 2158 Ξενοφῶν
1611 2112 1725 2160 λέγει.

189 2163 361 2209 Respicit
389 2163 484 2198 haec
516 2162 684 2198 Herodes
716 2161 830 2197 Attic.
856 2171 905 2206 ap
908 2159 1119 2197 ‚Philostn
1145 2161 1228 2196 vitt.
1256 2160 1372 2219 Soph.
1396 2173 1433 2207 p.
1459 2164 1529 2197 552
1556 2164 1640 2220 (238
1666 2161 1726 2198 ed

191 2210 366 2268 Kayser):
399 2210 464 2246 καὶ
496 2208 644 2266 κνήμην
676 2206 809 2255 μικρὸν
841 2208 896 2249 εἰς
926 2222 972 2244 τα
1007 2207 1078 2251 ἔξω
1109 2206 1369 2266 κυρτουμένην
1394 2207 1460 2244 καὶ
1483 2207 1726 2256 παρέχουσαν

191 2259 244 2315 τῇ
266 2256 374 2307 βάσει
399 2255 442 2293 τὸ
470 2251 514 2293 εὖ
543 2256 757 2305 βεβηκέναι.
783 2277 828 2282 ——
861 2254 1062 2301 ἀσφαλέως
1087 2255 1188 2300 Gal„
1221 2253 1402 2301 ἀσφαλῶς
1425 2255 1509 2292 Dio.
1536 2277 1582 2283 —
1638 2258 1726 2306 εβη-

191 2304 284 2351 κῶς,
310 2305 439 2342 Galen.
459 2304 627 2351 priorel.
651 2306 864 2353 βεβηκυίας.
891 2324 936 2330 -—
961 2305 1082 2347 ποσσί,
1109 2305 1266 2349 καρδίης
1290 2303 1403 2344 πλέος
1424 2291 1568 2358 scripsi,
1652 2305 1725 2341 len.

194 2354 282 2390 ποσὶ
307 2355 466 2399 καρδίης
490 2354 643 2399 (poster.
668 2353 693 2387 1.
720 2353 893 2412 καρδίας)
921 2350 1051 2392 πλέως.
1102 2351 1231 2408 Longe
1256 2351 1370 2387 aliam
1394 2350 1595 2387 lectionem
1597 2362 1724 2410 prae-

190 2401 256 2438 bet
286 2401 377 2446 Dio,
414 2400 481 2436 ubi
517 2400 632 2446 vulgo
663 2399 729 2435 καὶ
752 2397 1010 2460 ἐπινοήμασιν
1040 2396 1174 2443 δασύς,
1208 2398 1307 2434 unde
1339 2398 1429 2435 olim
1460 2395 1725 2446 κᾶπινῶμασιν

192 2448 310 2491 δασύς
334 2449 484 2495 scripsi,
516 2448 592 2484 sed.
619 2448 726 2483 codd.
753 2447 818 2482 καὶ
844 2444 907 2483 ἐπὶ
931 2445 1119 2492 κνήμαισι
1138 2444 1365 2492 (κνήμεσιν),
1399 2447 1500 2492 quod
1523 2457 1599 2483 non
1622 2449 1724 2483 recte

190 2498 327 2543 probat
357 2495 572 2542 Emporias,
610 2496 675 2540 qui
704 2494 1058 2540 interpolationibus
1092 2495 1224 2529 auctos
1256 2505 1336 2529 esse
1366 2495 1494 2530 censet
1517 2507 1552 2531 v.
1578 2498 1600 2530 3
1626 2495 1665 2531 et
1688 2499 1723 2540 4,

192 2557 258 2591 pro
284 2545 419 2590 quibus
443 2556 559 2579 unum
583 2545 683 2579 1111110
707 2554 731 2578 a
754 2542 868 2588 poeta
893 2542 1102 2588 profectum
1127 2552 1208 2577 esse
1233 2542 1361 2586 putat·

405 2599 500 2638 αλλα
526 2616 589 2650 μοι
614 2599 743 2649 ᾇοικός
767 2615 823 2643 τις
847 2603 906 2648 εἴη
932 2598 1027 2637 κάπὶ
1052 2598 1253 2647 κνήμαισιν
1279 2599 1407 2642 δασύς.

192 2663 242 2699 At
260 2663 331 2699 Dio
350 2661 568 2699 memoriter
591 2662 687 2698 haec
711 2661 919 2719 adscripsit.
963 2660 1055 2696 Geel
1079 2659 1174 2695 00111.
1200 2660 1328 2705 ποσσί,
1353 2659 1418 2694 καὶ
1442 2656 1568 2717 τριχὸς
1590 2658 1723 2706 πλέως,

191 2711 333 2756 Kayser
357 2709 422 2746 καὶ
447 2707 677 2767 τριχώματος
701 2707 839 2754 πλέως,
871 2707 1131 2744 Schneidewin
1160 2706 1225 2742 καὶ
1250 2707 1438 2754 τριχουλίῃ
1472 2705 1605 2752 δασύς,
1641 2707 1723 2754 ipse

191 2758 270 2804 aliq
270 2759 396 2794 nando
423 2754 518 2793 κάπὶ
542 2759 773 2803 γναθμοῖσιν
800 2737 917 2798 δασύς
941 2755 1094 2792 conieci.

287 2806 345 2842 Fr.
366 2809 422 2841 59.
461 2805 561 2840 Plut.
580 2804 646 2842 vit.
667 2804 774 2841 Galb.
795 2815 826 2840 c.
846 2808 909 2839 27:
927 2799 1068 2860 Ὥσπερ
1093 2800 1138 2838 δέ
1160 2813 1276 2859 φησιν
1298 2797 1562 2847 Ἀρχίλοχος·
1584 2799 1721 2838 Επτά

190 2857 283 2897 κτλ.
323 2867 421 2889 ουτω
453 2849 536 2888 τότε
572 2851 702 2888 πολλοὶ
732 2852 800 2888 τοῦ
831 2849 953 2896 φόνου
985 2848 1036 2897 μὴ
1071 2846 1405 2895 συνεφαψάμενοι,
1436 2854 1565 2895 χεῖρας
1589 2848 1631 2886 δε
1657 2849 1723 2886 καὶ

192 2902 284 2947 ξίφη
309 2897 641 2947 καθαιμασσοντες
666 2897 946 2936 ἐπεδείκνυντο.
