1890 3216
749 190 1093 230 ARISTOTELES.
1601 190 1690 237 339

151 301 352 358 Εὔκαιρος
395 299 416 346 ὁ
462 301 659 359 ἀκουστὴς
701 302 844 357 αὐτοῦ,
888 305 1100 357 Πέπλον,
1139 305 1346 360 περιέχει
1388 304 1437 347 δὲ
1474 306 1692 361 ἱστορίαν

150 367 424 424 σύμμικτον.
464 372 688 413 Scholiasta
714 374 830 414 Hom.
857 374 903 413 Il.
931 376 972 412 A
993 375 1077 413 688
1105 367 1173 428 (cf.
1203 374 1336 424 Etym.
1363 374 1415 414 M.
1435 387 1471 424 p.
1492 375 1592 424 426,
1614 369 1691 428 31)
1706 379 1773 413 647

150 438 282 478 utitur
313 438 386 478 hoc
417 438 522 478 libro
557 439 794 490 simpliciter
826 440 981 479 dicens:
1021 435 1074 487 ὥς
1106 450 1231 491 φησιν
1263 435 1526 492 Ἀριστοτέλης
1565 438 1608 479 ἐν
1639 442 1692 497 τῷ

122 511 126 516 ’
148 500 282 559 πέπλῳ
293 498 346 557 *).
391 503 438 543 In
465 504 539 543 hoc
565 517 685 555 opere
711 505 1004 556 epigrammata
1028 505 1285 545 breviuscula
1310 506 1352 544 in
1378 507 1545 546 heroum
1571 507 1692 546 hono-

149 581 232 609 rem
260 570 482 620 composita
507 570 675 619 inerant,
703 583 805 621 quae
830 570 1082 621 Porphyrius
1108 573 1303 622 quantum
1330 572 1491 623 quidem
1517 572 1569 612 ad
1594 572 1693 612 belli

149 634 314 675 Troiani
343 637 528 685 tempora
558 636 801 676 illustranda
832 637 1099 687 pertinebant,
1131 638 1172 676 in
1204 650 1321 677 suum
1346 640 1554 689 receperat
1579 651 1692 689 opus,

149 700 228 741 vid.
263 701 446 740 Eustath.
479 701 525 742 Il.
561 703 658 753 285,
692 703 764 741 24:
790 697 956 753 Ἱστορεῖ
980 699 1216 755 Πορφύριος
1246 702 1314 743 καὶ
1345 700 1403 744 ὅτι
1430 700 1693 756 Ἀριστοτέλης

151 762 386 820 σύγγραμμα
410 763 827 821 πραγματευσάμενος,
853 763 949 819 ’ὅπερ
969 763 1120 820 ἐκλήθη
1145 767 1312 821 πέπλος,
1337 770 1586 823 γενεαλογίας
1603 764 1691 823 ἡγε-

149 828 286 884 μόνων
316 830 471 881 ἐξέθετο
502 831 569 873 καὶ
600 835 703 873 νεῶν
741 828 915 873 ἑκάστων
951 828 1127 886 ἀριθμὸν
1158 833 1224 874 καὶ
1264 833 1594 890 ἐπιγράμματα
1625 835 1694 883 εἷς

150 894 341 947 αὐτούς,
373 894 398 938 ἃ
429 898 497 939 καὶ
527 894 799 953 ἆναγράφεται
830 893 851 938 ὁ
883 895 1120 951 Πορφύριος
1152 899 1195 940 ἐν
1220 905 1301 950 τοῖς
1333 902 1388 950 εἰς
1412 898 1481 942 τὸν
1500 898 1692 954 Ὅμηρον,

149 958 255 1004 ἆπλᾶ
286 961 381 1004 ὄντα
412 963 479 1004 καὶ
508 960 630 1005 οὐδέν
653 980 689 1004 τι
713 959 820 1017 παχὺ
845 962 912 1003 καὶ
937 967 1156 1018 φλεγμαῖον
1175 964 1325 1019 ἔχοντα.
1375 967 1436 1006 Ex
1466 967 1692 1017 Porphyrio

149 1029 286 1069 hausit
305 1042 566 1082 quaecunque
586 1031 704 1071 affert
723 1029 979 1082 Eustathius3
1006 1031 1177 1071 fortasse
1203 1033 1328 1072 etiam
1347 1033 1529 1073 Tzetzes:
1556 1046 1693 1084 quam-

154 1107 274 1145 quam
304 1108 385 1136 non
416 1096 652 1137 incredibile
676 1096 759 1135 iam
784 1098 904 1135 antea
929 1096 1225 1148 epigrammata
1250 1111 1309 1147 ea,
1341 1111 1444 1149 quae
1470 1099 1521 1138 ad
1547 1099 1692 1138 Home-

150 1160 254 1200 ricos
286 1162 428 1202 heroes
454 1163 730 1213 pertinebant,
764 1175 811 1201 ex
837 1161 962 1213 Peplo
995 1165 1183 1214 excerpta
1208 1167 1249 1203 et
1275 1165 1444 1213 seorsim
1469 1167 1695 1216 propagata

151 1226 295 1276 fuisse,
332 1227 391 1267 ita
430 1231 476 1268 ut
521 1229 727 1279 scriptoris
770 1240 917 1267 nomen
953 1229 1037 1268 fere
1074 1242 1241 1280 prorsus
1280 1231 1605 1283 oblitteraretur,
1646 1231 1696 1270 cf.

152 1292 355 1334 Ausonius
381 1308 418 1344 p.
449 1295 545 1335 189.
591 1294 680 1346 „Ad
710 1307 797 1334 rem
822 1294 1026 1346 pertinere
1052 1295 1290 1347 existimavi,
1322 1298 1369 1336 ut
1395 1329 1402 1337 .
1426 1329 1433 1336 .
1455 1328 1464 1336 .
1491 1296 1697 1347 epitaphia

150 1358 446 1410 subnecterem,
479 1361 634 1400 scilicet
657 1360 798 1400 titulos
831 1361 1075 1411 sepulcrales
1106 1361 1294 1411 heroum,
1326 1362 1396 1413 qui
1419 1362 1527 1402 bello
1554 1362 1695 1402 Troico

150 1413 438 1466 interfuerunt:
477 1439 580 1477 quae
619 1427 786 1477 antiqua
823 1440 911 1466 cum
950 1427 1057 1477 apud
1091 1427 1346 1478 philologum
1377 1428 1578 1478 quendam
1608 1441 1695 1478 rep-

150 1491 363 1541 perissem‚
400 1492 526 1532 latino
565 1505 747 1532 sermone
785 1489 1007 1543 converti“‚
1049 1505 1128 1543 quo
1166 1492 1328 1543 quidem
1369 1493 1412 1532 in
1441 1493 1606 1545 negotio
1638 1493 1698 1532 ita

150 1559 336 1597 versatus
375 1559 438 1597 est
478 1557 700 1609 Ausonius,
736 1559 784 1596 ut
821 1558 987 1598 liberius
1028 1571 1173 1609 graeca
1217 1558 1513 1610 epigrammata
1557 1560 1698 1610 ampli-

152 1622 303 1663 ficaret.
354 1623 438 1663 Has
470 1623 578 1674 ipsas
610 1623 825 1675 Porphyrii
857 1624 1019 1675 eclogas
1061 1626 1108 1664 ut
1138 1624 1300 1664 videtur
1332 1624 1496 1664 exhibet
1527 1624 1696 1675 sylloge,

152 1700 272 1739 quam
305 1701 353 1727 ex
385 1688 479 1729 Cod.
499 1689 677 1730 Florent.
710 1689 836 1728 edidit
866 1690 920 1728 H.
940 1689 1161 1738 Stephanus
1190 1690 1232 1728 in
1265 1690 1429 1730 Anthol.
1448 1704 1486 1741 p.
1507 1692 1592 1730 497
1616 1702 1697 1739 seq.

151 1750 356 1807 (Genevae
398 1748 532 1809 1566)
571 1756 646 1795 hoc
683 1755 822 1795 titulo:
866 1756 958 1795 Ποῦ
996 1752 1155 1804 ἕκαστος
1191 1757 1270 1795 τῶν
1310 1751 1514 1808 Ἑλλήνων
1553 1750 1699 1807 ἡρώων

153 1816 344 1860 τέθαπται
373 1818 440 1860 καὶ
470 1821 509 1860 τί
536 1819 814 1875 ἐπιγέγραπται
839 1822 891 1876 τῷ
916 1816 1147 1876 τᾶφῳ;**),
1177 1821 1256 1860 nisi
1288 1822 1396 1872 quod
1427 1834 1508 1861 non
1538 1822 1700 1873 integra

151 1885 194 1924 in
217 1886 301 1926 cod.
328 1888 390 1926 est
422 1888 593 1926 servata.
643 1886 746 1926 Hinc
779 1879 943 1938 repetiit
969 1886 1075 1927 Gwil.
1103 1887 1296 1927 Canterus
1320 1887 1383 1926 bis
1411 1884 1553 1941 (Basil.
1584 1888 1696 1926 1566

83 1992 85 1994 ,
152 1954 194 1991 et
229 1951 424 2003 Antverp.
466 1948 617 2006 1571),
655 1954 723 2004 qui
760 1952 967 1992 Eustathii
1003 1965 1101 1992 usus
1140 1954 1371 1993 testimonio
1409 1953 1563 2004 primus
1601 1953 1699 1992 haec

154 2017 205 2056 ad
236 2017 469 2058 Aristotelis
508 2018 679 2069 Peplum
711 2018 872 2069 retulit,
914 2019 1035 2068 atque
1062 2014 1350 2072 Ἀριστοτέλους
1387 2019 1442 2066 εἰς
1478 2014 1571 2066 τοὺς
1601 2014 1695 2070 παρ’

147 2072 309 2139 Ομήρῳ
345 2098 481 2136 ηρωας
519 2080 706 2135 ἐπιτάφιοι
746 2084 971 2135 inscripsit3
1013 2097 1132 2135 quem
1169 2087 1313 2135 postea
1343 2083 1572 2135 Stephanus
1605 2097 1700 2134 quo-

155 2163 244 2201 que,
286 2162 375 2189 cum
413 2150 511 2189 haec
549 2151 698 2190 iterum
734 2151 871 2190 libello
910 2150 958 2188 de
995 2151 1160 2190 Homeri
1201 2155 1236 2191 et
1276 2152 1442 2190 Hesiodi
1481 2150 1700 2190 Certamine

153 2215 410 2267 adiungeret,
455 2218 616 2256 secutus
666 2219 739 2256 est.
795 2216 922 2255 Auxit
966 2216 1121 2266 aliquot
1165 2216 1468 2267 epigrammatis
1514 2229 1563 2254 ex
1603 2214 1698 2256 Cod.

154 2282 319 2321 Tzetzae
353 2281 571 2321 Harleiano
604 2282 732 2321 erutis
766 2282 836 2321 Th..
868 2282 1061 2332 Βμνρεεε,
1094 2282 1164 2333 qui
1198 2284 1309 2323 1797
1345 2282 1472 2322 edidit
1501 2281 1575 2319 has
1607 2281 1697 2320 Ari-

154 2346 315 2387 stotelei
345 2347 454 2397 pepli
485 2347 676 2398 reliquias
710 2342 832 2402 (conf.
864 2347 974 2386 Diar.
1008 2347 1134 2388 Class.
1166 2348 1286 2388 Britt.
1318 2349 1409 2388 Vol.
1443 2348 1539 2387 XIV
1570 2361 1608 2386 n.
1642 2350 1695 2388 27

153 2427 191 2463 p.
227 2413 309 2452 172
331 2407 471 2466 seqq).
521 2412 617 2451 Alia
646 2413 839 2452 nonnulla
871 2425 919 2451 ex
946 2413 1111 2453 Tzetzae
1143 2414 1298 2454 duobus
1330 2414 1530 2454 codicibus
1559 2415 1698 2454 Matri-

115 2495 118 2499 ·
153 2478 334 2518 tensibus
367 2478 493 2521 edidit
523 2477 672 2518 Iriarte
700 2479 744 2518 in
769 2478 897 2518 Catal.
923 2479 1028 2519 Bibl.
1049 2479 1167 2519 Matr.
1192 2494 1230 2530 p.
1253 2481 1308 2520 86
1331 2493 1412 2530 seq.
1440 2483 1481 2519 et
1509 2481 1593 2520 256
1616 2492 1696 2530 seq.

249 2617 284 2664 *)
307 2613 450 2653 Ἐπειοὶ
477 2615 516 2652 οἱ
543 2612 679 2653 Ἠλεῖοι
704 2613 781 2652 απὸ
806 2614 959 2653 Ἐπειοῦ
987 2616 1168 2676 βασιλέως
1194 2613 1330 2658 οὕτως·
1365 2618 1610 2659 Ποσειδῶνος
1635 2617 1700 2653 καὶ

147 2661 381 2723 Εὐρυπύλης
396 2666 477 2723 τῆς
505 2661 761 2724 Ἐνδυμιωνος
791 2669 882 2706 παις
910 2662 1053 2707 Ἠλειος
1086 2663 1107 2701 ὁ
1141 2666 1268 2706 κτίσας
1293 2663 1445 2710 Ἤλιδα,
1475 2662 1619 2701 Ἠλείου
1655 2663 1698 2701 δὲ

147 2709 284 2756 ’Ἄλεξις
308 2712 374 2748 καὶ
396 2709 557 2757 Ἐπειός,
583 2709 656 2757 ἀφ’
686 2707 731 2748 οὗ
751 2710 906 2757 Ἐπειοί,
934 2709 983 2754 ὥς
1009 2725 1125 2759 φησιν
1142 2708 1387 2766 Ἀριστοτέλης
1414 2694 1455 2749 ἐν
1482 2713 1532 2762 τῷ
1558 2711 1698 2762 πέπλῳ.

155 2760 330 2797 Fortasse
356 2761 450 2797 haec
469 2771 617 2806 quoque
644 2761 691 2796 ad
718 2760 905 2806 perditum
933 2760 1087 2806 aliquod
1115 2759 1352 2806 epitaphium
1379 2750 1574 2796 referenda
1602 2763 1698 2796 sunt.

245 2831 304 2878 .**)
332 2830 456 2868 Codex
488 2833 544 2868 est
572 2832 772 2875 Laur.56‚
802 2836 819 2866 1
847 2831 985 2876 (bomb.
1013 2842 1111 2868 saec.
1142 2833 1218 2877 13),
1251 2843 1363 2877 quem
1395 2831 1559 2877 inspexit
1590 2831 1699 2878 Rosa,

157 2880 220 2916 sed
248 2880 370 2916 denuo
396 2879 563 2915 conferre
590 2879 853 2926 praetermisit.
906 2880 1118 2916 Aristotelis
1150 2890 1287 2915 nomen
1319 2889 1395 2914 non
1428 2882 1486 2915 est
1515 2880 1700 2924 additum,

158 2927 223 2963 sed
249 2939 333 2963 cum
359 2929 632 2972 subsequantur
659 2927 838 2963 nonnulla
865 2928 1043 2973 excerpta
1075 2927 1121 2963 de
1154 2926 1234 2963 vita
1265 2926 1495 2974 Aristotelis,
1529 2928 1611 2964 leve
1644 2928 1700 2963 in-

157 2974 296 3010 dicium
325 2976 504 3020 superest.

1340 3034 1413 3071 22*
