1890 3216
770 213 1115 253 XENOPHANES.
1629 218 1649 259 1
1664 219 1675 259 l
1690 218 1709 259 l

304 326 499 382 μείλιχος
531 324 579 369 ἐν
611 323 841 383 κεράμοις,
874 321 1042 375 ἄνθεος
1074 321 1336 382 ὀσὸόμενος·

245 395 295 439 ἐν
325 394 376 439 δὲ
406 395 558 453 μέσοις
589 393 736 453 ἁγνὴν
769 393 913 453 ὀδμὴν
945 395 1194 452 λιβανωτὸς
1224 398 1367 454 ἵησιν,

303 465 480 526 ψυχρὸν
513 465 554 510 δ’
591 469 712 511 ἔστιν
743 465 868 523 ὕδωρ
895 466 1142 524 καὶγλυκὺ
1174 468 1247 512 καὶ
1279 467 1504 526 καθαρόν·

222 537 506 598 Ιπάρκεινται
539 536 581 582 δ’
617 536 744 597 ἄρτοι
779 538 940 592 ξανθοὶ
974 539 1140 597 γεραρή
1173 558 1219 584 τε
1249 539 1464 599 τράπεζα

174 623 219 656 10
302 612 443 669 τυροῦ
474 610 548 654 καὶ
580 610 756 667 μέλιτος
786 614 945 664 πίονας
977 610 1226 670 ἀχθομένη·

230 674 395 741 ’βωμὸς
427 680 472 727 δ’
508 680 701 726 ἄνθεσιν
733 679 790 726 ἄν
822 680 872 727 τὸ
905 683 1044 740 μέσον
1075 682 1219 743 πάντῃ
1253 684 1546 741 πεπύκασται,
1645 699 1714 732 477

304 751 450 812 μολπὴ
484 751 525 797 δ’
563 752 702 811 ἀμφὶς
734 756 821 811 ἔχει
854 752 1037 811 δώματα
1068 755 1142 803 καὶ
1174 761 1324 814 θαλίη.

244 825 328 886 χρὴ
362 824 411 870 δὲ
443 827 623 882 πρῶτον
654 823 736 883 μὲν
768 822 884 869 θεὸν
915 822 1076 882 ὑμνεῖν
1109 825 1336 886 εὔφρονας
1367 827 1537 888 ἄνδρας

307 897 525 956 εὐφήμοις
556 896 722 956 μύθοις
753 896 827 940 καὶ
858 902 1102 956 καθαροῖσι
1134 898 1296 956 λόγοις.

176 984 219 1018 15
246 973 512 1022 σπείσαντας
542 967 593 1013 δὲ
622 968 697 1013 καὶ
730 967 1000 1026 εὐξαμένους
1030 967 1084 1013 τὰ
1117 972 1268 1015 δίκαια
1301 966 1528 1017 δύνασθαι

305 1040 521 1102 πρήσσειν
558 1068 608 1073 -
642 1042 782 1085 ταῦτα
813 1038 900 1099 γὰρ
934 1034 998 1086 ὧν
1031 1042 1122 1086 ἐστι
1154 1043 1519 1103 προχειρότερον,

247 1113 328 1173 οὐχ
360 1112 509 1172 ὕβρις,
542 1140 599 1145 -
631 1116 780 1158 πίνειν
813 1110 984 1158 ὁπόσον
1016 1130 1094 1158 κεν
1126 1114 1453 1174 ἔχωνοίφίκοιο

307 1184 451 1232 οἴκαδ’
488 1184 598 1230 ἄνευ
628 1183 882 1244 προπόλου,
914 1184 973 1242 μὴ
1007 1184 1128 1230 πάνυ
1154 1188 1387 1245 γηραλέος·

247 1258 430 1317 ἀνδρῶν
463 1256 505 1302 δ’
542 1260 692 1304 αἰνεῖνΔ
718 1259 904 1313 τοῦτον,
938 1254 987 1309 ὃς
1020 1257 1161 1303 ἐσθλὰ
1194 1258 1310 1304 πιών
1344 1258 1607 1318 ἀναφαίνει,

176 1344 222 1377 20
308 1329 369 1384 ὥς
401 1331 448 1375 oc
476 1327 729 1388 μνημόσυν’
765 1323 818 1388 ᾗ,
850 1329 924 1373 καὶ
956 1327 1058 1386 τὸν,
1092 1327 1143 1382 ὃς
1174 1328 1287 1389 ἀμφ’
1322 1330 1502 1391 ἀρετῆς,

177 1462 439 1500 Schneidewin
466 1463 596 1497 contra
623 1458 724 1502 οἶνος
757 1457 794 1496 δ’
825 1458 924 1498 ἐστὶν
950 1458 1110 1518 ἑτοῖμος,
1136 1456 1179 1503 ὃς
1205 1459 1342 1499 οὔποτε
1371 1463 1465 1509 φησὶ
1491 1461 1714 1510 προδώσειν,

176 1516 217 1548 at
242 1510 494 1548 necessarium
519 1520 670 1555 prorsus
697 1510 754 1545 est
785 1506 896 1550 ἄλλος
922 1506 973 1554 δ’,
1005 1520 1093 1544 nam
1126 1511 1275 1556 praeter
1306 1510 1434 1547 vinum
1468 1513 1716 1558 temperatum

177 1560 252 1596 iam
277 1559 316 1594 in
342 1560 486 1595 cratere
511 1558 662 1604 praesto
690 1559 770 1593 erat
796 1557 899 1593 aliud
924 1556 964 1592 in
990 1557 1199 1615 amphoris,
1232 1558 1361 1604 itaque
1393 1557 1470 1595 ε’στὶ
1503 1560 1715 1596 delendum.

177 1628 221 1635 «-
250 1607 293 1642 V.
321 1611 352 1642 6.
380 1603 605 1663 όσδόμενος,
632 1604 662 1639 Β
689 1603 915 1652 ὀὸμόμενος,
946 1605 1134 1641 Hermann
1160 1602 1253 1652 ὀζόμ
1255 1619 1349 1647 ενος.
1378 1628 1423 1634 -
1450 1607 1493 1643 V.
1522 1612 1553 1644 7.
1581 1605 1716 1653 ὀδμὴν,

177 1655 280 1691 Euat.
306 1651 439 1712 ὀσμὴν.
469 1673 511 1680 -
539 1654 639 1698 ιησιν
666 1653 781 1699 Eust„
807 1666 842 1689 v.
868 1654 956 1699 ιησι.
983 1673 1030 1679 —
1056 1653 1097 1689 V.
1126 1658 1157 1690 8.
1187 1653 1287 1689 ἔστιν
1312 1655 1514 1700 Hermann,
1540 1668 1574 1692 v.
1603 1653 1716 1691 ἐστὶν.
1740 1650 1746 1656 '

177 1724 222 1730 -
226 1703 294 1739 ·.V
317 1706 373 1738 11.
399 1715 448 1738 αν
474 1698 516 1736 τὸ
543 1699 659 1758 μέσον
684 1701 862 1746 Karsten,
894 1701 1011 1747 vulgo
1036 1697 1130 1737 αὖτὸ
1146 1700 1289 1759 μέσον,
1323 1701 1380 1738 Fr.
1407 1703 1576 1739 Francke
1603 1700 1717 1739 αὐτό-

176 1762 306 1810 μεσος,
331 1749 508 1786 Mullach.
536 1746 767 1809 αὐτόμεσον,
792 1749 982 1785 Hermann
1009 1745 1250 1795 αὐτομάτοις.
1275 1771 1329 1776 —·
1346 1748 1494 1808 πάντῃ,
1523 1751 1720 1797 legebatur

175 1797 336 1845 πάντη.
338 1819 382 1824 -
411 1797 454 1834 V.
482 1801 536 1832 13.
569 1810 639 1843 χρη
616 1795 733 1843 ηδὲ,
766 1797 1003 1833 scribendum
1035 1797 1184 1833 videtur
1214 1796 1282 1843 χρὴ
1319 1795 1377 1844 δὴ.
1406 1819 1449 1824 -
1454 1795 1609 1855 ὑμνεῖν
1636 1798 1717 1835 Ste-

176 1848 334 1901 phanus,
359 1843 478 1903 ὑμνεν
504 1845 581 1889 VL,
608 1843 698 1891 ὑμῖν
723 1845 763 1882 P.
791 1865 835 1871 —
861 1844 905 1880 V.
929 1849 983 1881 14.
1010 1841 1148 1900 λόγοις,
1173 1845 1396 1882 Eichstaedt
1420 1843 1534 1891 νόοις,
1562 1847 1715 1883 Schnei-

178 1894 301 1931 dewin
333 1891 475 1951 νόμοις.
503 1914 548 1919 -
573 1872 617 1930 V.
648 1896 702 1929 15.
730 1894 957 1934 σπείσαντας
988 1891 1030 1928 δὲ
1063 1893 1195 1939 scripsi
1227 1896 1266 1929 et
1297 1893 1431 1930 deinde
1462 1892 1644 1940 πρήσσειν
1671 1916 1715 1921 -

177 1943 297 1978 ταῦτα
315 1955 355 2000 γ.
383 1935 436 1977 ὦν
463 1938 491 1977 ἐ.
518 1939 828 1987 προχειρότερον,
854 1937 924 1987 οὐχ
951 1937 1058 2000 ὕβρις
1085 1961 1128 1966 —-
1154 1942 1279 1977 πίνειν
1306 1939 1447 1978 ὁπόσον
1479 1945 1572 1987 κτλ,
1599 1944 1642 1978 ut
1667 1941 1712 1977 τὰ

178 1991 250 2028 Mu.
278 1987 361 2026 ἃύν.
388 1988 568 2044 πρήσσειν
596 1989 646 2024 sit
671 2001 715 2025 ex
740 1988 872 2034 partic.
900 1985 1134 2035 εὐξαμένους
1165 2001 1403 2047 suspensum,
1435 1991 1560 2025 πίνειν
1588 1992 1711 2025 autem

178 2037 385 2074 infinitivus
420 2037 471 2073 sit
507 2049 591 2072 cum
629 2037 854 2073 accusativis
885 2038 1112 2078 σπείσαντας
1143 2038 1182 2072 et
1213 2018 1445 2083 εὐξαμένους
1475 2038 1715 2083 copulandus,

178 2086 246 2121 illa
270 2085 432 2143 denique
457 2085 580 2121 ταῦτα
606 2114 612 2121 .
636 2113 643 2120 .
666 2113 673 2120 .
701 2081 808 2140 υβρις
831 2085 978 2120 mediae
1004 2085 1165 2120 orationi
1198 2084 1413 2130 interiecta,
1447 2086 1578 2142 vulgo:
1612 2087 1713 2120 σπεί-

179 2131 318 2174 σαντάς
343 2146 382 2170 τε
411 2162 419 2170 .
441 2162 448 2170 .
470 2160 478 2168 .
505 2131 702 2178 πρήσσειν·
729 2132 849 2168 ταῦτα
875 2146 908 2178 γ.
929 2126 981 2168 ὧν
1003 2129 1032 2168 6.
1054 2131 1354 2191 προχειρότερον
1377 2130 1444 2194 οὐχ
1463 2129 1571 2190 ὕβρις
1591 2134 1716 2168 πίνειν

179 2178 218 2217 δ’
246 2178 388 2218 ὁπόσον
414 2184 488 2217 κτλ.
541 2181 680 2217 Contra
703 2181 895 2217 Hermann
919 2178 1059 2238 λόγοις
1069 2179 1295 2237 σπείσαντας
1320 2194 1359 2216 τε
1380 2184 1444 2216 καὶ
1467 2177 1716 2238 εὐξαμένους·

179 2227 226 2265 τὰ
252 2230 383 2265 δίκαια
409 2226 448 2264 δ’
477 2227 647 2266 ὄνασθαι
670 2227 920 2275 πρήσσοντας·
947 2226 988 2264 τὸ
1015 2226 1088 2274 γὰρ
1115 2221 1186 2264 οὖν
1213 2225 1291 2264 ε’στι
1315 2226 1619 2275 προχειρότερον,
1644 2224 1714 2274 οὐχ

179 2273 251 2332 ῧβρ
253 2289 307 2313 ιν·
333 2278 460 2313 πίνειν
486 2273 523 2312 δ’
552 2274 693 2312 ὁπόσον
714 2280 788 2312 κτλ.
809 2297 855 2302 -
876 2276 918 2312 V.
942 2280 995 2312 16.
1022 2274 1311 2334 προχειρότερον
1331 2279 1559 2322 corruptum,
1587 2287 1715 2321 qnam-

180 2337 236 2362 vls
261 2325 405 2361 Ahrens
430 2325 541 2362 aliter
565 2327 735 2370 censeat,
761 2324 827 2370 qui
851 2325 972 2360 ταῦτα
997 2321 1069 2369 γὰρ
1096 2321 1178 2360 οὔκ
1205 2321 1283 2360 ἐστι
1307 2337 1413 2370 προχ
1442 2324 1618 2368 coniecit,
1647 2334 1717 2369 ego

181 2373 334 2409 conieci
347 2371 612 2420 προαιρετέον,
639 2374 737 2418 quod
764 2373 879 2408 etiam
906 2371 1166 2408 Schneidewin
1196 2372 1408 2418 proposuit,
1441 2372 1499 2408 vel
1531 2384 1716 2417 προαγρε-

181 2420 286 2466 τέον,
317 2422 382 2457 sed
413 2432 488 2459 non
518 2421 715 2458 satisfacit.
765 2422 837 2456 hoc
863 2420 962 2456 enim
987 2421 1103 2466 poeta
1128 2419 1264 2455 dixisse
1289 2420 1455 2455 videtur:
1491 2423 1540 2454 est
1565 2420 1630 2455 hoc
1654 2420 1715 2454 ho-

123 2485 128 2490 ·
181 2480 322 2506 mmum
351 2469 582 2510 honestorum
612 2470 667 2506 vel
696 2469 956 2515 prudentium,
995 2466 1159 2525 exempli
1189 2467 1318 2525 gratia
1350 2481 1377 2502 π
1385 2481 1404 2512 ρ
1414 2481 1432 2502 ο
1442 2481 1466 2512 μ
1474 2481 1496 2512 η
1505 2470 1535 2502 θ
1545 2480 1563 2502 ο
1573 2480 1592 2502 τ
1601 2465 1618 2501 ε’
1627 2481 1646 2511 ρ
1657 2481 1685 2501 ω
1696 2480 1716 2501 ν

177 2517 205 2553 i.
232 2528 263 2553 e.
290 2515 620 2564 προμηθεστέρων,
646 2516 961 2563 quemadmodum
987 2512 1269 2574 ὑβριστότατος,
1295 2512 1569 2560 ἄκρατέστατος
1595 2515 1670 2549 alia
1695 2525 1718 2548 a

181 2565 356 2624 legitima
381 2565 506 2611 specie
531 2565 722 2602 recedunt.
772 2564 939 2599 Mullaoh
965 2559 1121 2620 πρότιμ’
1146 2576 1284 2620 εταροι,
1310 2562 1535 2599 Herwerden
1561 2558 1714 2606 πρότιμ’

184 2609 323 2659 ἐτέρων
349 2613 511 2660 scripsit.
538 2634 581 2639 —
608 2612 652 2650 V.
683 2617 736 2649 17.
765 2610 832 2657 οὐχ
863 2607 1007 2694 ῧῗρις,
1015 2611 1044 2646 Β
1078 2606 1162 2656 οὐχ’
1196 2606 1333 2664 ὕβρεις.
1363 2631 1404 2636 -—
1440 2609 1482 2645 V.
1514 2613 1566 2644 18.
1594 2609 1716 2644 Heini-

184 2661 291 2697 soeth
317 2661 473 2698 verbum
504 2659 688 2708 γηραλέος
718 2661 813 2696 nulli
845 2670 890 2694 ca
907 2658 1055 2694 umniae
1089 2658 1286 2694 obnoxium
1314 2658 1492 2700 tentavit,
1525 2654 1574 2702 μὴ
1613 2654 1714 2691 πάνυ

183 2706 231 2754 δὴ
265 2706 453 2763 σφαλερός
485 2709 670 2745 scribens:
709 2709 822 2755 poeta
854 2706 938 2743 unis
976 2706 1126 2742 senibus
1160 2707 1285 2742 aetate
1309 2704 1508 2765 provectis
1543 2703 1717 2739 comitem

183 2755 354 2814 largitur.
375 2778 420 2783 —
440 2756 484 2792 V.
508 2761 563 2793 19.
589 2753 811 2812 αναφαίνει,
837 2754 1027 2790 Hermann
1047 2756 1085 2790 et
1104 2754 1278 2810 Hartung
1297 2749 1505 2810 ἀναφαίνῃ.
1529 2773 1569 2777 —-
1593 2751 1635 2786 V.
1656 2755 1713 2787 20.

185 2818 234 2846 ως
260 2802 300 2840 ot
322 2801 535 2851 μνημόσυν’
566 2799 590 2863 ᾖ
618 2804 766 2863 scripsi,
794 2803 908 2860 vulgo
934 2799 983 2842 ὡς
1007 2798 1030 2846 ἡ
1058 2798 1295 2858 μνημοσύνη,
1328 2799 1357 2834 Ρ
1383 2797 1411 2834 ὦ
1438 2796 1717 2845 σημνημοσύνη,

185 2851 354 2899 Scaliger
379 2852 541 2889 coniecit
565 2866 615 2894 ως
635 2849 682 2888 Ἡ
710 2863 929 2898 μνημοσυνη
961 2848 1027 2884 καὶ
1058 2846 1123 2884 τὸν
1146 2844 1211 2889 Ὃς
1242 2830 1342 2905 ἄμφ’
1377 2845 1532 2893 αρετῆς,
1558 2850 1599 2882 ut
1624 2847 1716 2882 haec

186 2900 384 2937 scoliorum
422 2901 563 2936 fuerint
597 2900 764 2943 exordia,
803 2899 992 2934 Hermann
1025 2908 1114 2941 οσση
1147 2893 1394 2953 μνημοσύνη
1399 2894 1462 2930 καὶ
1496 2892 1584 2935 νόος
1614 2890 1714 2940 ἀμφ

186 2944 333 3031 &iffi
340 2944 762 3044 ,ὃὲἓῗθῗέἔῖιωῶῗςῇω
774 2959 885 3040 ἔιῖἔέ
888 2942 1089 3040 ww
1099 2956 1181 3027 1⁷53?
1177 2956 1295 3037 5:56⁸*
1298 2955 1517 3037 &555ss?
1521 2954 1613 3027 „2¹2¹”
1610 2941 1719 3037 {2¹53}

732 3024 741 3042 2
