1890 3216
765 221 1087 259 PARRHASIUS.
1613 221 1696 263 321

905 368 944 410 2.
1630 378 1699 410 636

226 476 285 518 Ec
313 478 387 518 καὶ
420 472 583 519 ἄπιστα
614 474 826 530 κλύουσι,
859 474 972 531 λέγω
1005 472 1128 518 τάδε
1162 473 1276 531 φημὶ
1308 472 1395 531 γὰρ
1427 472 1514 532 ἤδη

284 546 440 633 τέχνης
471 544 698 634 εὖρησθαι
729 547 921 605 τέρματα
953 548 1088 603 τῆσδε
1120 547 1243 603 σαφῆ

226 616 374 676 χειρὸς
404 616 487 675 ὑφ’
523 616 754 677 ἡμετέρης
788 617 1122 676 ἀνυπέρβλητος
1155 617 1205 662 δὲ
1236 619 1432 676 πέπηγεν

285 684 438 749 οὖρος·
470 688 715 748 ἀμώμητον
748 688 791 734 δ’
828 688 964 735 οὐδὲν
997 693 1148 747 ἔγεντο
1182 693 1373 748 βροτοῖς.

906 825 944 867 3.

230 924 338 982 Οἶος
369 927 411 974 δ’
447 929 658 988 ἐννύχιον
691 928 936 987 φαντάζετο
968 929 1157 974 πολλάκι
1189 932 1360 986 φοιτῶν

231 1027 239 1034 ·
288 1005 535 1062 Παρρασίῳ
569 999 630 1046 δι’
664 999 834 1057 ὕπνου,
866 1010 987 1054 τοῖος
1020 999 1090 1046 ὅδ’
1127 1001 1248 1046 ἐστὶν
1281 999 1407 1059 ὁρᾶν.

242 1180 323 1228 Ep.
345 1185 378 1217 2.
417 1180 555 1217 Athen.
575 1180 645 1217 ib.:
672 1178 811 1227 ηὔχησε
834 1178 873 1216 δ’
895 1177 1061 1228 άνεμεση
1053 1179 1136 1222 ’τως
1157 1178 1198 1218 ἐν
1218 1178 1379 1222 τούτοις·
1409 1181 1445 1218 εἰ
1467 1181 1533 1227 καὶ
1551 1185 1626 1218 κτλ.
1651 1182 1705 1218 ita

163 1229 337 1275 Schweig
338 1230 387 1273 h„
414 1226 455 1265 ἐν
481 1226 646 1265 τούτοισι
670 1229 753 1286 καὶ,
761 1228 903 1288 ABPV,
932 1227 994 1265 ἐπὶ
1019 1228 1182 1266 τούτοισι
1210 1229 1274 1265 καὶ
1300 1230 1384 1266 Bas.
1408 1230 1449 1267 L.
1476 1251 1524 1256 ——
1550 1230 1701 1267 Aristid.

160 1277 195 1312 II
223 1281 310 1313 520:
352 1257 440 1313 ’siu'
469 1274 515 1323 ἔμ
519 1276 534 1314 ὲ
568 1275 699 1324 πρῴην
730 1273 827 1323 ἀνὴρ
855 1273 1037 1332 ἑταῖρος.
1067 1305 1074 1313 .
1138 1275 1339 1323 ζωγράφου
1372 1291 1408 1313 τι
1434 1275 1702 1325 ἐπίγραμμα

159 1322 379 1369 ἐξεδίδασκε
418 1326 610 1362 τοιοῦτον·
652 1324 689 1361 εἰ
717 1324 782 1361 καὶ
813 1329 888 1361 κτλ.
929 1326 982 1362 sic
1013 1326 1168 1370 Reiske,
1208 1327 1397 1362 τοιουτονὶ
1428 1326 1493 1362 καὶ
1528 1329 1562 1361 Γ
1596 1327 1704 1370 lunt„

140 1374 347 1416 ,τοιουτονὶ
373 1372 410 1409 εἰ
433 1373 498 1409 καὶ
526 1375 568 1409 Θ.
604 1394 649 1399 -
690 1373 731 1410 V.
762 1378 791 1409 1.
832 1371 1005 1418 κλύουσι,
1039 1386 1098 1420 ap
1125 1355 1237 1410 Arist.
1268 1371 1560 1415 F111nt.ua.v'og
1585 1373 1636 1419 εἰ,
1672 1376 1704 1409 Θ

157 1418 286 1462 κλύοις
310 1435 348 1457 α.
383 1442 430 1448 -
463 1420 577 1468 λέγω,
604 1433 663 1467 ap.
691 1421 778 1459 Ath.
805 1421 919 1458 Basil.
945 1422 1009 1468 λέγ
1012 1435 1075 1457 ων.
1103 1443 1147 1447 -
1179 1419 1270 1458 τάδε
1299 1433 1372 1458 om.
1400 1423 1486 1459 Ath.
1522 1443 1564 1448 -
1599 1423 1642 1458 V.
1670 1427 1702 1459 2

157 1467 303 1528 τέχνης,
330 1480 387 1515 ap
410 1471 472 1505 Ar.
497 1470 602 1506 codd.
630 1472 781 1515 praeter
807 1470 924 1515 Θτῆς
948 1469 1091 1516 τέχνης.
1115 1490 1157 1495 -
1186 1470 1228 1506 V.
1251 1475 1283 1505 3
1311 1467 1507 1516 ἡμετέρης,
1535 1482 1594 1516 ap.
1615 1471 1703 1506 Ath.

159 1514 576 1611 ἓωτὲμεέιτέὲαςέ.γέῖετὲ
604 1521 635 1553 4.
672 1516 818 1563 ἐγ,εντο
852 1529 911 1564 ap.
938 1518 1026 1585 Ath.
1054 1519 1082 1553 B
1111 1516 1280 1564 ἐγένετο,
1312 1518 1341 1553 Ρ
1368 1516 1531 1564 ἐγίνετο,
1557 1531 1615 1565 ap.
1642 1520 1703 1554 Ar.

261 1649 328 1707 ΕΡ.
357 1654 389 1686 3.
434 1649 571 1685 Athen.
599 1648 666 1685 XII
694 1649 823 1686 543F·
849 1647 1145 1710 τερατευόμενος
1173 1648 1215 1685 δε
1244 1648 1371 1707 ἔλεγεν
1397 1647 1432 1695 (ὁ
1460 1648 1704 1710 Παρράσιος)ἔ

163 1709 227 1733 οτε
260 1695 327 1732 τὸν
361 1694 403 1733 ἐν
429 1698 555 1743 Λίνδῳ
565 1694 762 1754 Ηρακλέα
795 1696 980 1754 ἔγραψεν,
1017 1712 1066 1739 ως
1097 1711 1190 1739 οναρ
1223 1694 1326 1746 αὐτῷ
1354 1695 1657 1757 ἐπιφαινόμενος
1683 1698 1703 1736 6

162 1742 259 1786 θεὸς
284 1747 502 1791 σχηματίζοι
527 1741 646 1781 αὐτὸν
671 1742 766 1790 πρὸς
795 1743 864 1791 τὴν
896 1747 962 1791 τῆς
993 1746 1142 1793 γραφῆς
1171 1735 1470 1792 ἐπιτηδειότητα.
1517 1744 1614 1783 ὅθεν
1640 1748 1706 1784 καὶ

162 1791 381 1839 ἐπέγραψεν
406 1794 457 1841 τῷ
484 1793 634 1829 πίνακι·
673 1792 764 1834 Οἷος
788 1797 864 1829 κτλ.
915 1794 1084 1840 Apparet
1116 1794 1308 1830 exordium
1342 1795 1625 1840 epigrammatis
1656 1796 1703 1831 ab

162 1841 357 1877 Athenaeo
384 1831 691 1887 praete1missum
718 1853 807 1878 esse.
830 1863 875 1868 -
901 1842 944 1879 V.
969 1847 998 1879 1,
1028 1840 1221 1888 ἐννύχιον,
1249 1841 1368 1878 Cobet
1395 1841 1578 1889 ἐννύχιος,
1605 1845 1704 1889 quod

162 1900 236 1925 non
267 1889 390 1936 magis
423 1889 663 1934 tentandum,
696 1901 809 1936 quam
836 1888 1101 1946 μεσονύκτιον,
1134 1888 1378 1936 μεσαμέριον,
1413 1890 1578 1927 δειλινόν
1605 1893 1705 1946 apud

161 1937 413 1974 lheocritum.
435 1958 479 1963 —-
505 1917 680 1983 πολλάκι,
707 1939 736 1973 Β
756 1935 943 1979 πολλάκις.
966 1960 1009 1964 -
1038 1939 1082 1974 V.
1104 1942 1135 1974 2.
1163 1943 1274 1983 τοῖος,
1306 1938 1330 1972 Β
1352 1936 1389 1973 δ’
1413 1938 1501 1980 οἷος.
1536 1939 1705 1986 Respicit

162 1985 232 2021 hoc
258 1986 298 2021 et
322 1985 448 2031 priora
466 1985 742 2031 epigrammata
761 1985 906 2022 Plinius
927 1987 972 2024 Η
988 1987 1032 2022 N.
1049 1986 1187 2022 XXXV
1202 1991 1264 2022 71
1293 1985 1489 2032 „Namque
1509 1990 1548 2024 et
1566 1999 1704 2034 cogno-

160 2033 263 2068 mina
294 2033 505 2079 usurpavit,
537 2032 834 2069 Habrodiaetum
866 2046 904 2070 se
937 2035 1180 2080 appellando,
1215 2034 1374 2080 aliisque
1406 2035 1573 2071 versibus
1604 2037 1704 2082 prin-

162 2080 283 2126 cipem
318 2081 428 2126 artis,
463 2083 502 2117 et
533 2092 616 2117 eam
647 2081 695 2118 ab
728 2093 766 2117 se
799 2084 1115 2118 consummatam:
1153 2095 1265 2129 super
1300 2083 1427 2119 omnia
1454 2083 1639 2129 Apollinis
1667 2096 1705 2120 se

162 2127 288 2164 radice
321 2131 444 2164 ortum
468 2128 560 2182 [hoe
591 2141 635 2165 ex
664 2131 809 2175 perdito
841 2131 966 2176 aliquo
997 2131 1255 2177 epigrammate
1280 2132 1437 2176 petitum
1469 2132 1629 2186 videtur]
1669 2134 1707 2168 et

161 2176 378 2220 Herculem,
413 2176 478 2221 qui
505 2178 563 2212 est
587 2177 715 2221 Lindi,
749 2176 864 2213 talem
891 2190 913 2214 a
939 2190 977 2214 se
1003 2179 1165 2224 pictum,
1201 2178 1350 2224 qualem
1377 2191 1489 2224 saepe
1514 2179 1553 2214 in
1579 2180 1706 2225 quiete

162 2224 353 2260 vidisset&
387 2244 431 2250 —
470 2224 596 2260 Etiam
631 2225 803 2269 tabulae,
843 2226 881 2260 in
914 2238 988 2271 qua
1012 2227 1237 2262 Mercurium
1269 2226 1408 2283 pinxit,
1446 2227 1596 2263 videtur
1628 2228 1704 2273 epi-

162 2283 333 2329 gramma
358 2272 577 2316 subiecisse,
602 2272 676 2309 vid.
697 2273 879 2310 Themist.
904 2285 955 2310 or.
977 2275 1010 2309 ΙΙ
1030 2287 1066 2320 Ρ
1088 2278 1150 2310 34:
1178 2274 1270 2331 φασὶ
1299 2271 1365 2310 τὸν
1389 2273 1620 2335 Hawqeoimom
1647 2274 1705 2312 ὅτι

161 2318 326 2366 γράφειν
352 2317 418 2355 τὸν
439 2317 581 2365 Ερμῆν
609 2317 829 2379 ἐγχειρήσας
861 2319 930 2366 τὴν
963 2318 1102 2358 ἑαυτοῦ
1137 2319 1289 2368 μορφὴν
1326 2323 1376 2370 τῷ
1408 2324 1541 2359 πίνακι
1572 2320 1703 2370 ἐγκατ-

163 2367 288 2409 έθετο,
316 2367 379 2403 καὶ
402 2365 572 2425 ἐξαπατᾷ
593 2367 681 2409 τοὺς
699 2366 930 2429 ἀνθρώπους
956 2367 996 2405 τὸ
1027 2367 1243 2430 επίγραμμα
1269 2371 1336 2427 τῆς
1353 2360 1532 2412 εἰκόνος
1560 2374 1702 2408 οἴονται

161 2428 234 2474 ’γαρ
267 2412 325 2451 ὅτι
352 2405 584 2474 Παρράσιος
603 2412 742 2452 εαυτὸν
770 2414 919 2476 ἐτίμησε
947 2418 1011 2453 και
1038 2415 1199 2477 ἐκύδηνε
1226 2418 1276 2465 τῷ
1303 2415 1543 2465 ἀναθήματι,
1576 2418 1704 2466 πόρρω

116 2503 119 2507 ,
162 2461 271 2504 ὄντες
290 2464 355 2521 τῆς
374 2465 441 2499 τοῦ
463 2461 664 2521 ζωγράφου
686 2466 832 2509 σοφίας,
858 2462 900 2505 ὃς
919 2466 982 2500 ἵνα
1003 2479 1105 2513 φυγῃ
1126 2455 1402 2511 απειρόκαλίαν
1421 2479 1460 2502 τε
1485 2467 1550 2503 καὶ
1571 2471 1703 2513 φιλαυ-

163 2512 259 2555 τι’,αν
285 2508 464 2560 ἀλλοτρίῳ
491 2508 654 2558 ὀνόματι
681 2511 735 2553 εἰς
760 2510 829 2558 τὴν
855 2510 1007 2559 γραφὴν
1041 2512 1307 2560 κατεχρήσατο.
1336 2535 1379 2540 —-
1409 2515 1607 2551 Pan-hasio
1634 2515 1705 2552 for-

163 2560 263 2594 tasse
291 2559 427 2604 aliquis
442 2548 596 2596 tribuat
623 2561 739 2606 epigr.
767 2572 825 2606 ap.
854 2561 988 2598 Athen.
1016 2561 1067 2597 XI
1095 2562 1224 2598 7823:

382 2629 543 2688 Γράμμα
571 2633 800 2677 Πηρασι’,οιο
809 2631 940 2693 Μτέχνα
967 2629 1093 2674 ΝΙυός·
1122 2630 1209 2679 ἐμμὶ
1236 2631 1278 2669 δὲ
1307 2632 1417 2680 ἔργον

448 2675 556 2714 Ἰλίου
583 2679 776 2724 αἰπεινᾶς,
803 2675 852 2715 οὶν
881 2680 965 2717 ελον
992 2680 1179 2716 Αἰακίδαι.

164 2763 229 2799 ubi
254 2763 384 2799 Iacobs
415 2761 617 2823 γράμματα
643 2765 878 2820 Παρρασίοιο
910 2763 1025 2821 coni,
1058 2765 1158 2820 quod
1189 2765 1337 2802 firmare
1367 2766 1517 2801 videtur
1542 2766 1704 2804 Pausan.

167 2812 178 2845 l
201 2814 259 2855 28,
279 2815 318 2846 2·
345 2811 395 2868 τῷ
422 2809 465 2847 δε
492 2811 576 2846 Μυι
599 2810 719 2847 ταῦτά
740 2825 778 2847 τε
800 2812 865 2847 καὶ
891 2826 937 2847 τα
963 2793 1075 2848 λοιπὰ
1102 2813 1176 2848 τῶν
1204 2811 1322 2858 ἔργων
1344 2811 1564 2859 Παρράσιον
1590 2828 1704 2851 κατα-

117 2859 121 2862 ”
164 2856 310 2904 γράψαι
335 2857 401 2895 τὸν
429 2856 639 2905 Εὐήνορος,
678 2860 743 2896 sed
775 2861 876 2896 recte
901 2859 1072 2896 Meineke
1106 2861 1233 2896 tuetur
1257 2861 1443 2897 Athenaei
1469 2862 1705 2908 scripturam,

164 2908 208 2941 ut
244 2906 433 2952 mitiquior
470 2906 608 2952 aliquis
646 2907 782 2943 artifex
817 2908 995 2943 Perasius
1032 2907 1093 2943 vel
1125 2908 1298 2944 Pirasius
1334 2909 1603 2956 intelligendus
1643 2912 1704 2947 sit.

165 2953 338 2990 Perasius
358 2957 397 2990 et
415 2954 496 3000 Mys
515 2954 673 2990 Phidiae
694 2966 874 3001 suppares
902 2958 1028 2991 aetate
1054 2956 1222 3001 fuerunt,
1250 2968 1452 3003 eorumque
1479 2969 1594 3004 opera.
1618 2971 1706 2994 usus

166 3002 224 3037 eet
254 3013 420 3038 summus
452 3001 587 3038 artifex
618 3003 656 3038 in
690 3002 882 3039 Minervae
915 3001 1121 3050 Προμάχου
1157 3004 1288 3050 clypeo
1321 3005 1506 3050 ornando,
1543 3006 1707 3044 caelavit

238 3069 368 3094 Pom-An
388 3069 465 3096 Lim.
495 3069 536 3095 11.
1326 3100 1330 3104 .
1374 3068 1418 3101 21
