1890 3216
189 178 277 220 446
782 177 1135 216 IAMBOGRAPHI.

822 327 823 330 ,
882 289 920 330 6.
955 289 1030 341 [7.]

284 367 504 420 Γυναικὸς
538 367 674 412 οὐδὲν
706 367 838 426 χρῆμ’
874 367 989 431 ἀνὴρ
1023 373 1212 426 ληΐζεται

284 442 448 496 ἐσθλῆς
479 439 667 497 ἄμεινον
700 438 807 485 οὐδὲ
840 442 1166 498 ρίγιονκακῆς.

881 563 917 605 7.
952 564 1026 616 [8.]

286 643 434 701 Χωρὶς
466 641 679 699 γυναικὸς
709 641 816 695 θεὸς
849 645 1056 700 ἐποίησεν
1088 644 1201 688 νόον

283 715 336 758 τὰ
369 717 538 770 πρῶτα·
570 713 653 771 τὴν
684 714 766 771 μὲν
799 715 842 768 ἐξ
873 713 953 767 ὑὸς
983 714 1267 773 τανύτριχος,

282 788 334 843 τῇ
368 783 497 829 πάντ’
534 783 608 828 ἀν’
646 783 772 830 οἷκον
804 786 1012 846 βορβόρῳ
1045 787 1306 844 πεφυρμένα

283 855 456 913 ἄκοσμα
488 865 648 913 κεῖται,
680 857 753 901 καὶ
785 860 1039 902 κυλίνδεται
1072 862 1224 915 χαμαι”
1472 849 1479 856 ’
1656 871 1723 903 739

236 941 256 972 5
283 926 395 984 αὐτὴ
429 926 471 971 δ’
507 926 698 981 ἄλουτος
731 927 944 982 ἀπλύτοις
974 927 1013 973 τ’
1050 931 1098 974 ἐν
1132 931 1309 986 εἵμασιν

286 1002 334 1044 ἐν
367 1003 604 1058 κοπρίῃσιν
636 998 775 1057 ἡμένη
809 1004 1040 1045 πιαίνεται.

350 1069 442 1127 Τὴν
475 1070 516 1114 δ’
554 1072 597 1124 ἐξ
629 1069 809 1130 ἀλιτρῆς
839 1071 948 1124 θεὸς
979 1071 1107 1129 ἔθηκ’
1142 1069 1368 1124 ἀλώπεκος

284 1151 497 1199 γυναῖκα,
529 1142 711 1187 πάντων
745 1145 884 1200 ἴδριν·
919 1143 1029 1188 οὐδέ
1058 1162 1134 1200 μιν
1166 1146 1315 1187 κακῶν

284 1216 475 1271 λέληθεν
510 1212 666 1269 οὐδέν,
701 1212 808 1258 οὐδὲ
838 1217 928 1258 τῶν
961 1213 1227 1272 ἀμεινόνων.

283 1371 342 1405 Fr.
363 1373 396 1406 6.
436 1369 550 1405 Clem.
570 1368 674 1405 Alex.
699 1369 834 1405 Strom.
853 1369 905 1404 VI
928 1372 1013 1405 744:
1035 1366 1210 1405 Ησιόὸου
1238 1367 1275 1405 δ’
1298 1367 1469 1411 εἰπόντος
1492 1370 1601 1417 (Opp.
1623 1373 1724 1426 700)-

193 1415 250 1454 Οὐ
278 1431 365 1474 μεν
374 1414 445 1462 γάρ
471 1431 506 1452 τι
531 1414 713 1461 γυναικὸς
738 1414 836 1462 ἀνὴρ
855 1413 993 1469 ληΐζετ’
1016 1414 1174 1463 ἄμεινον
1198 1418 1275 1463 Τῆς
1300 1415 1463 1464 ἀγαθῆς,
1489 1419 1554 1464 τῆς
1575 1415 1611 1453 δ’
1635 1412 1724 1454 αὖτε

188 1467 308 1511 κακῆς
323 1461 368 1501 οὗ
384 1463 504 1511 ῥίγιον
524 1463 626 1508 ἄλλο,
641 1466 922 1511 Σιμωνίδηςε
938 1469 1040 1500 ἱπεν
1064 1464 1295 1506 Γυναικὸς
1314 1469 1388 1503 κτλ
1427 1466 1568 1502 Eadem
1588 1466 1727 1502 Euseb.

187 1513 331 1568 Praep3
350 1513 416 1548 Ev.
443 1512 477 1547 X
502 1513 618 1548 4661)
652 1513 730 1570 (ubi
755 1514 972 1558 Σιμωνίδης
1005 1510 1046 1548 ἐν
1081 1509 1330 1560 ἑνδεκάτῳ,
1362 1514 1540 1550 Welcker
1565 1513 1726 1550 coniecit

189 1559 230 1597 ἐν
251 1574 300 1607 πρ
304 1573 397 1608 ωτῳ,
425 1560 596 1596 Schmidt
622 1557 664 1596 ἐν
690 1558 863 1618 ἰάμβοις).
897 1561 1072 1618 Apostol.
1094 1561 1126 1596 V
1148 1565 1190 1597 77
1206 1573 1237 1597 0.
1271 1562 1378 1598 Adde
1402 1562 1630 1598 Boissonade
1655 1562 1724 1598 An.

188 1609 204 1643 I
231 1588 397 1652 22,111)1
422 1605 645 1653 Θεόγνιδος·
677 1606 859 1654 γυναικὸς
875 1605 980 1665 ανὴρ
1008 1605 1122 1645 οὐδὲν
1148 1622 1179 1655 χ.
1206 1609 1372 1655 ληῖζεται
1397 1606 1549 1645 κάλλιον
1577 1606 1725 1654 ἐσθλῆς.

190 1678 233 1683 -
259 1637 304 1692 V
334 1660 364 1691 1.
373 1667 450 1713 „ap
479 1655 594 1692 Clem.
621 1657 702 1691 cod.
728 1653 909 1702 γυναικὸς
935 1653 986 1692 δ’.
1013 1677 1057 1682 -
1084 1657 1126 1693 V.
1155 1661 1187 1693 2.
1215 1657 1348 1693 Euseb.
1376 1659 1415 1693 et
1439 1657 1588 1703 Apost.
1597 1656 1724 1693 ordine

187 1705 335 1740 inverso
363 1701 521 1749 ἄμεινον
550 1701 699 1749 ἐσθλῆς.

283 1751 341 1787 Fr.
365 1755 396 1787 7.
435 1752 628 1797 Integrum
652 1752 752 1787 hunc
777 1751 944 1787 iambum
969 1764 1044 1788 una
1070 1764 1153 1787 cum
1174 1752 1268 1788 alius
1293 1752 1479 1799 poematis
1501 1752 1724 1798 fragmento,

189 1801 232 1835 ut
256 1799 415 1843 videtur,
443 1798 606 1835 servavit
632 1798 735 1836 Stob.
761 1800 858 1836 Flor.
879 1799 1033 1834 LXXIII
1054 1804 1116 1836 61:
1143 1801 1409 1846 Σιμωνίδου
1426 1800 1504 1854 ¹(sic
1521 1800 1556 1835 A
1575 1799 1725 1844 Trinc..)

189 1847 324 1893 χωρὶς
356 1827 430 1882 κτλ.
482 1846 541 1881 Ad
574 1858 814 1883 numerorum
846 1847 1153 1892 aequabilitatem
1186 1847 1294 1883 huius
1321 1847 1495 1883 carminis
1520 1846 1724 1893 particulas

189 1895 359 1941 redigere
397 1893 560 1930 tentavit
592 1895 635 1928 A.
662 1894 852 1940 Kiessling
884 1895 991 1940 (Mus.
1019 1895 1137 1931 Rhen.
1164 1894 1250 1930 XIX
1277 1899 1344 1931 136
1358 1897 1448 1940 seq.)
1485 1906 1724 1931 numerorum

188 1942 336 1989 virgula
367 1942 512 1983 divina,
552 1953 626 1987 qua
656 1954 754 1978 nunc
792 1942 970 1988 imperita
1001 1943 1203 1979 multitudo
1234 1943 1498 1988 intempestive
1529 1942 1586 1978 uti
1617 1943 1725 1987 solet,

188 1991 357 2026 modeste
385 1988 565 2025 adhibita.
605 1990 746 2026 Eodem
769 1990 926 2026 artificio
946 2002 1032 2025 usus
1054 1989 1223 2026 Ribbeck
1243 1989 1349 2035 (Mus.
1371 1990 1439 2026 Rh.
1459 1990 1530 2025 XX
1550 1993 1594 2025 74
1608 1993 1724 2035 seqq.)

188 2038 300 2083 longe
326 2038 436 2073 aliter
460 2037 673 2073 universum
701 2049 851 2073 carmen
879 2037 1080 2084 disposuit:
1106 2050 1235 2074 verum
1260 2050 1336 2074 non
1361 2037 1451 2073 licet
1477 2049 1545 2083 per
1570 2037 1724 2073 adnota-

188 2085 303 2122 tionis
335 2085 487 2121 criticae
520 2086 713 2131 angustias
746 2086 839 2121 haec
872 2086 1044 2131 quamvis
1075 2085 1115 2121 in
1141 2087 1264 2122 artum
1288 2086 1443 2122 redacta
1467 2087 1634 2131 repetere
1660 2086 1726 2120 aut

189 2134 399 2169 accuratius
432 2133 661 2169 examinare:
696 2133 752 2169 ita
784 2133 883 2169 enim
915 2134 1083 2169 versibus
1108 2133 1339 2170 traiiciendis
1365 2134 1426 2170 vel
1451 2132 1725 2179 proscribendis

190 2182 256 2217 aut
280 2180 514 2227 interstitiiS,
548 2181 683 2226 quibus
708 2181 831 2216 hianti
858 2181 1020 2218 orationi
1045 2181 1241 2218 subvenire
1268 2181 1411 2226 studet,
1440 2181 1639 2235 grassatus
1657 2182 1724 2224 est,

188 2231 232 2265 ut
255 2229 380 2264 nullus
406 2228 481 2264 fere
507 2240 635 2264 versus
661 2228 861 2275 pristinum
886 2229 1010 2265 locum
1036 2229 1216 2266 obtineat.
1260 2229 1443 2274 Equidem
1469 2228 1578 2264 credo
1604 2227 1724 2263 virum

190 2276 490 2312 sollertissimum
516 2288 593 2312 non
619 2279 751 2322 suopte
776 2276 927 2323 ingenio
946 2277 1040 2312 haec
1060 2278 1312 2313 commentum
1332 2287 1424 2320 esse,
1451 2277 1515 2312 sed
1535 2287 1580 2312 ex
1598 2275 1725 2312 neseio

191 2323 296 2360 cuius
320 2324 456 2360 biblio
444 2325 572 2360 hecae
599 2325 716 2371 copiis
741 2324 962 2370 promsisse,
995 2325 1129 2370 quibus
1155 2324 1270 2360 etiam
1296 2323 1483 2360 Iuvenalis
1508 2324 1641 2359 satiras
1665 2323 1723 2358 in-

190 2372 382 2408 stauiavit.
420 2371 500 2407 Iam
527 2371 558 2407 31
585 2373 649 2416 qui
675 2372 818 2408 discere
844 2372 1026 2418 gestiant,
1053 2372 1238 2417 quomodo
1263 2372 1321 2408 vir
1345 2371 1584 2407 doctissimus
1606 2370 1721 2406 Simo-

190 2420 288 2456 nidis
314 2421 413 2455 hunc
438 2420 606 2455 iambum
632 2420 907 2464 deformaverit,
935 2420 1072 2455 adeant
1091 2420 1211 2455 Musei
1235 2420 1445 2455 thesauros.
1484 2419 1524 2455 L.
1546 2419 1591 2454 de
1612 2418 1661 2464 Sy
1662 2418 1724 2454 bel

192 2469 238 2504 de
263 2467 544 2514 interpretando
569 2468 641 2503 hoc
667 2467 867 2503 Simonidis
893 2447 1017 2504 iambo
1043 2468 1136 2503 bene
1167 2468 1323 2503 meritus
1355 2467 1442 2513 (vid.
1468 2467 1634 2502 Hermen
1637 2431 1724 2501 yVII

191 2520 260 2551 327
282 2517 373 2560 seq.)
420 2515 534 2551 etiam
572 2515 771 2551 Ribbeckii
810 2515 965 2551 inventa
996 2514 1224 2561 singillatim
1263 2515 1331 2550 sub
1366 2526 1522 2550 examen
1559 2513 1720 2550 vocavit.

191 2563 376 2599 Refellere
403 2574 490 2599 eum
515 2564 670 2599 conatur
694 2563 863 2599 Ribbeck
887 2563 927 2598 in
953 2563 1045 2598 Mus.
1059 2543 1190 2598 ²²Rhen.
1218 2563 1339 2598 XXIX
1359 2566 1428 2597 248
1450 2573 1515 2607 seq
1550 2582 1598 2587 —-
1623 2561 1666 2597 V
1690 2565 1720 2598 1

191 2610 390 2656 γυναικὸς,
422 2610 462 2646 111
487 2611 543 2647 ed.
571 2615 592 2645 2
619 2611 762 2647 00111601
771 2611 996 2667 γυναικῷν,
1023 2610 1280 2646 Schneidewin
1307 2614 1508 2656 γυναῖκας,
1539 2609 1721 2668 probante

192 2659 392 2702 Ahrensio,
427 2659 492 2703 qui
517 2660 712 2703 praeterea
737 2655 813 2706 νόῳ
840 2657 1007 2704 requirit.
1056 2657 1227 2693 M-eineke
1253 2658 1364 2703 χωρὶς
1388 2661 1570 2702 γυναῖκας
1593 2658 1635 2692 θ.
1663 2653 1720 2693 ἐπ.

191 2704 302 2750 νόου,
329 2708 371 2741 ut
395 2707 445 2741 sit
470 2707 557 2742 deus
581 2708 748 2742 mulieres
772 2710 886 2742 mente
910 2707 1101 2742 destitutas
1127 2706 1280 2748 creavit,
1307 2705 1371 2741 sed
1396 2705 1467 2740 hoc
1487 2715 1510 2738 a
1527 2702 1721 2760 proposito

193 2734 440 2790 6111101161..-
460 2754 504 2789 V.
520 2758 552 2789 4.
572 2755 790 2789 κυλίνδεται
809 2754 849 2797 Β,
877 2753 990 2799 vulgo
1010 2754 1251 2789 κυλινδεῖται.
1267 2773 1310 2779 -
1331 2753 1375 2789 V.
1391 2755 1423 2787 5.
1445 2749 1540 2796 αὕτη
1560 2751 1721 2795 Brunck,

191 2804 234 2837 ut
259 2803 415 2846 videtur,
442 2797 537 2846 αὕτη
564 2801 668 2837 Stob.
695 2802 752 2837 ed.
773 2800 956 2838 G'aisford
986 2821 1029 2827 -
1056 2797 1234 2841 ἀπλύτοις
1252 2796 1287 2835 τ’
1309 2799 1542 2835 Valckenaer
1562 2799 1600 2834 et
1618 2798 1722 2834 Gais-

192 2850 291 2894 ford,
329 2850 442 2895 vulgo
474 2847 639 2890 ἅπλύτος
670 2846 718 2893 τ’,
757 2850 788 2884 A
826 2849 931 2884 Vind.
964 2846 1143 2893 απλυτος,
1182 2847 1301 2883 Trinc.
1335 2844 1537 2891 ἄπλουτος,
1574 2847 1723 2882 Renner

193 2879 407 2955 κᾶπλύτοις,
433 2897 603 2933 Meineke
629 2877 809 2937 απλύτοις
834 2896 970 2942 copula
995 2897 1142 2932 omissa.
1170 2916 1212 2922 -—
1239 2897 1400 2954 εἵμασιν,
1426 2901 1575 2940 εἵμασιν
1602 2895 1721 2937 Voss„

193 2941 342 2990 ειμάσιν
362 2947 491 2981 Arsen.
513 2945 553 2990 Β,
581 2942 708 2990 ἴμάσιν
734 2945 857 2990 vulgo.
881 2965 923 2970 ——
950 2945 993 2980 V.
1015 2948 1047 2980 6.
1073 2941 1204 2989 ἡμένη,
1231 2942 1263 2977 Α
1282 2941 1436 2989 εἰμένει,
1462 2944 1588 2978 Arsen.
1610 2941 1720 2977 Vind.
