1890 3216
883 714 1018 758 XLII.
1653 727 1722 759 640

692 821 1206 874 PHILISCUS.

257 949 403 1009 (Νῦν)
435 944 471 995 ὦ
505 925 765 1007 Καλλιόπης
795 949 1009 1021 θύγατερ,
1040 949 1294 1008 πολυηγόρε
1330 949 1513 1008 Φρόντι,

311 1022 482 1078 δείξεις,
516 1026 560 1066 εἴ
586 1038 628 1066 τι
660 1030 846 1081 φρονεῖς
876 1025 955 1066 καί
981 1039 1022 1066 τι
1055 1020 1272 1080 περισσὸν
1304 1025 1433 1080 ἔχεις·

250 1092 332 1137 τὸν
362 1090 447 1151 γὰρ
480 1094 524 1146 ἐς
555 1092 665 1138 ἄλλο
699 1096 846 1151 σχῆμα
878 1094 1257 1152 μεθαρμοσθέντα
1288 1094 1362 1139 καὶ
1394 1092 1547 1147 ἄλλοις

275 1241 516 1279 Philiscus.
568 1242 758 1279 Plutarch.
793 1243 857 1279 vit.
891 1243 969 1279 dec.
1002 1244 1112 1279 oratt.
1147 1243 1211 1279 vit.
1246 1242 1379 1287 Lysiae
1412 1248 1454 1279 3:
1488 1240 1638 1290 ἐποίησε
1676 1243 1718 1282 δὲ

180 1288 244 1324 καὶ
271 1286 311 1331 ἐς
335 1285 455 1326 αὐτὸν
482 1291 654 1336 (Λυσίαν)
681 1287 897 1337 ἐπίγραμμα
925 1292 1108 1336 Φιλίσκος,
1135 1288 1155 1326 ὁ
1178 1287 1412 1336 Ἰσοκράτους
1431 1289 1501 1337 μὲν
1521 1290 1718 1349 γνώριμος,

182 1333 331 1382 ἑταῖρος
356 1336 398 1374 δὲ
425 1339 579 1384 Λυσίου,
606 1335 659 1374 δι’
689 1333 734 1374 οὗ
761 1336 943 1385 φανερόν,
965 1336 1014 1380 ὡς
1038 1337 1225 1398 προέλαβε
1252 1343 1330 1380 τοῖς
1356 1337 1490 1386 ἔτεσιν,
1511 1353 1559 1381 ως
1584 1340 1650 1376 καὶ
1677 1338 1718 1377 ἐκ

178 1384 252 1420 τῶν
279 1382 354 1422 ὑπὸ
382 1384 588 1428 Πλάτωνος
607 1385 822 1446 εἰρημένων
847 1383 1133 1444 ἀποδείκνυται.
1162 1385 1242 1432 ἔχει
1269 1385 1311 1423 δὲ
1339 1383 1475 1428 οὕτως·
1503 1383 1532 1422 ὦ
1558 1391 1719 1445 Ιξαλλίπ-

175 1434 702 1530 ῗῖἕέπξέλζέκῖᾱύᾗέἷνὲ
726 1435 871 1527 affl?
889 1434 1592 1529 ὦζῖἶὲἰῖἒὶἷζζῆῗέῗξόνῖῗὲῗοὲ
1613 1439 1720 1521 (ἑαὲἶ

176 1525 244 1565 τὸν
271 1557 278 1564 .
301 1557 308 1565 .
331 1556 338 1564 .
365 1529 689 1576 μεθαρμοσθέντα
724 1530 827 1574 libri,
860 1530 1065 1567 Salmasius
1090 1531 1141 1576 τῷ
1169 1559 1177 1568 .
1199 1561 1207 1567 .
1229 1558 1236 1566 .
1264 1530 1595 1577 μεθαρμοσθέντι,
1621 1543 1718 1578 quae

177 1576 404 1622 coniectura,
431 1578 602 1623 quamvis
627 1577 798 1624 plerique
822 1578 1078 1625 probaverint,
1103 1578 1193 1614 ferri
1219 1578 1359 1623 nequit.
1412 1578 1572 1615 Omnino
1597 1578 1716 1616 incre-

177 1623 292 1661 dibile
318 1627 376 1661 est
401 1625 625 1671 Philiscum,
653 1626 717 1672 qui
743 1626 947 1662 Isocratem
974 1638 1160 1662 summum
1185 1625 1334 1662 dicendi
1359 1626 1541 1662 artificem
1567 1629 1719 1664 secutus

125 1676 130 1681 ’
176 1674 246 1718 est,
271 1673 366 1709 adeo
391 1672 550 1709 inertem
576 1673 703 1719 fuisse,
728 1675 772 1710 ut
790 1674 830 1710 in
850 1686 924 1710 una
944 1675 1149 1720 eademque
1168 1674 1366 1710 verborum
1386 1675 1717 1721 comprehensione

174 1721 234 1756 ter
266 1721 396 1757 eadem
428 1722 632 1768 repeteret:
671 1734 758 1759 nam
793 1722 925 1768 Lysias
963 1735 996 1759 v.
1024 1726 1058 1758 3.
1085 1726 1117 1758 6.
1144 1725 1166 1758 8
1201 1723 1362 1758 mortem
1397 1722 1535 1759 obiisse
1567 1722 1715 1760 dicitur.

174 1767 306 1814 Itaque
330 1769 420 1815 post
444 1781 477 1805 v.
504 1773 527 1804 4
553 1770 662 1815 plura
685 1769 896 1816 intercepta
921 1781 1002 1806 esse
1029 1769 1208 1806 arbitror:
1241 1770 1313 1806 hoc
1343 1770 1427 1816 ipso
1459 1771 1542 1806 loco
1569 1771 1718 1808 videtur

176 1815 362 1852 Philiscus
387 1816 555 1853 defuncti
581 1817 692 1854 amici
719 1819 885 1854 aetatem
904 1819 1123 1864 provectam
1142 1817 1421 1864 significavisse,
1441 1818 1541 1854 unde
1567 1819 1716 1865 biogra-

122 1888 125 1891 -
172 1864 270 1910 phus
289 1862 440 1910 Lysiam
467 1866 591 1902 aetate
611 1865 792 1902 maiorem
817 1866 981 1902 Isocrate
1006 1866 1121 1902 fuisse
1147 1865 1320 1902 confecit.
1355 1865 1429 1901 Sed
1448 1865 1543 1901 mihi
1563 1865 1635 1903 iste
1653 1868 1715 1904 vel

174 1912 302 1958 potius
327 1913 469 1958 auctor,
497 1924 607 1959 quem
635 1913 822 1960 sequitur,
849 1914 1000 1950 omnino
1026 1914 1123 1950 falsa
1148 1912 1273 1960 specie
1299 1913 1479 1960 deceptus
1506 1925 1584 1951 esse
1610 1914 1713 1951 vide—

173 1961 245 2004 tur,
272 1960 319 1996 ad
346 1960 499 2006 Lysiam
525 1962 712 1998 oratorem
737 1962 810 1998 hoc
840 1961 1072 2008 poematium
1098 1961 1269 1998 referens.
1317 1961 1468 1998 Etenim
1496 1961 1715 2009 Philiscum,

175 2007 241 2054 qui
265 2007 428 2054 Lycurgi
453 2009 612 2045 oratoris
638 2009 758 2046 vitam
784 2008 937 2056 scripsit
961 2008 1019 2045 Ol.
1047 2014 1127 2055 113,
1147 2013 1171 2044 4
1195 2009 1363 2045 defuncti
1389 2010 1479 2054 (vid.
1500 2010 1715 2056 Olympiod.

170 2055 223 2091 ad
243 2055 413 2092 Platonis
434 2055 615 2103 Gorgiam
635 2060 704 2094 515
722 2057 782 2104 D),
807 2069 883 2094 non
910 2059 968 2094 est
987 2056 1190 2093 verisimile
1209 2056 1486 2104 quinquaginta
1505 2058 1589 2104 plus
1609 2059 1715 2096 annis

175 2104 264 2149 ante
288 2102 490 2149 praeconio
515 2105 706 2142 ornavisse
737 2105 889 2151 Lysiam
921 2107 1108 2142 oratorem
1142 2116 1270 2141 recens
1302 2106 1382 2141 vita
1407 2105 1642 2142 defunctum:
1669 2118 1714 2143 eo

174 2152 344 2198 tempore
370 2152 591 2198 praesertim
618 2152 651 2188 si
677 2153 811 2189 Suidas
837 2165 923 2190 vere
954 2152 1114 2189 tradidit
1137 2152 1342 2189 Philiscum
1374 2155 1487 2190 antea
1519 2153 1714 2190 tibicinem

173 2198 305 2243 fuisse,
340 2199 507 2235 nondum
541 2200 589 2236 ad
623 2201 715 2237 artis
746 2201 956 2238 rhetoricae
988 2201 1152 2237 studium
1184 2199 1351 2236 animum
1384 2201 1590 2248 adpulerat.
1643 2202 1714 2240 De·

174 2247 287 2292 nique
314 2249 474 2293 apparet
499 2248 708 2284 studiorum
734 2248 997 2285 communione
1030 2249 1236 2284 amicitiam
1268 2249 1366 2285 inter
1396 2250 1548 2295 poetam
1581 2251 1620 2286 et
1651 2250 1712 2287 de-

176 2295 347 2331 functum
373 2305 453 2331 esse
481 2297 730 2339 contractam
764 2298 803 2333 et
827 2296 1010 2333 Philiscus
1041 2296 1194 2342 quidem
1224 2296 1339 2332 etiam
1371 2297 1409 2332 in
1442 2297 1605 2344 Lycurgi
1635 2298 1714 2335 vita

178 2353 253 2378 non
279 2341 542 2388 dissimulavit,
569 2344 700 2389 quanti
720 2343 889 2380 Platonis
909 2343 1040 2381 fecerit
1064 2344 1354 2381 institutionem:
1382 2345 1448 2380 sed
1474 2345 1605 2391 Lysias
1632 2357 1712 2382 ora-

175 2391 235 2426 tor
260 2390 308 2426 ab
333 2389 392 2426 his
412 2390 545 2426 studiis
565 2391 802 2428 abhorrebat.
841 2393 972 2438 Itaque
991 2392 1163 2428 existimo
1182 2392 1254 2428 hoc
1273 2393 1507 2438 poematium
1529 2393 1576 2429 ad
1596 2393 1714 2430 alium

176 2449 286 2484 quem
325 2438 478 2483 Lysiam
515 2438 752 2476 Platonicum
798 2439 874 2476 sive
911 2439 1208 2487 Pythagoricum
1249 2452 1327 2476 esse
1358 2440 1609 2477 referendum:
1642 2442 1713 2478 viri

176 2485 329 2532 grandis
348 2487 442 2522 natu
461 2487 680 2523 memoriam
699 2487 853 2534 pietatis
875 2489 988 2534 atque
1008 2487 1198 2524 amicitiae
1219 2499 1308 2534 ergo
1329 2488 1489 2524 recoluit
1514 2488 1711 2525 Philiscus.

173 2533 336 2570 Proclivi
363 2545 486 2570 errore
512 2534 660 2571 rettulit
695 2534 925 2582 biographus
951 2536 999 2572 ad
1033 2536 1235 2579 oratorem,
1261 2535 1517 2581 Wyttenbach
1551 2537 1712 2574 coniecit

177 2579 359 2626 Λύσιδι,
384 2581 635 2628 biographum
661 2582 842 2619 traditam
862 2583 1085 2629 scripturam
1105 2594 1301 2630 perperam
1321 2583 1607 2630 interpretatum
1629 2596 1709 2622 esse

176 2631 292 2674 ratus,
318 2629 525 2666 cuiusmodi
545 2642 687 2666 errores
708 2631 856 2676 saepius
877 2631 1067 2667 commissi
1087 2634 1184 2675 sunt,
1211 2631 1275 2667 sed
1303 2631 1404 2676 quod
1431 2632 1708 2678 Pythagoreum

177 2677 360 2713 celebrem
397 2677 677 2724 Epaminondae
715 2678 935 2725 magistrum
974 2690 1053 2715 esse
1089 2678 1264 2723 credidit,
1299 2679 1494 2725 quominus
1530 2680 1710 2725 probetur

177 2726 389 2771 temporum
416 2725 581 2762 rationes
602 2727 764 2771 obstant,
791 2726 863 2762 nisi
884 2730 1035 2763 censeas
1055 2726 1162 2762 illum
1183 2726 1427 2762 centesimum
1451 2738 1588 2763 annum
1608 2728 1709 2765 vitae

177 2772 412 2818 aliquantum
451 2785 731 2820 supergressum
771 2785 862 2810 esse.
925 2773 1017 2810 Cum
1055 2775 1253 2810 verborum
1291 2775 1480 2811 structura
1516 2778 1709 2822 μεθαρμο-

175 2819 319 2856 σθέντα
348 2817 388 2861 ἐς
421 2818 511 2857 ἄλλο
548 2822 671 2867 σχῆμα
708 2821 877 2858 conferas
911 2821 1170 2858 Eratosthenis
1202 2822 1319 2881 epigr.
1346 2834 1404 2868 ap.
1433 2822 1627 2859 Eutocium
1661 2824 1709 2859 ad

174 2868 386 2904 Archimed.
412 2881 448 2915 p.
477 2873 544 2905 146
571 2869 628 2904 ed.
656 2869 813 2905 Torelli:
840 2866 997 2915 στερεὴν
1028 2870 1156 2906 πᾶσαν
1183 2866 1222 2911 ἐς
1247 2872 1336 2906 ano
1372 2867 1487 2915 φύσιν
1520 2865 1564 2906 εὖ
1596 2884 1708 2917 μετα-

174 2916 390 2963 μορφῶσαι,
417 2916 514 2954 alias
538 2918 776 2954 accusativus
808 2917 909 2954 solus
935 2917 1150 2964 adhibetur,
1182 2919 1225 2954 ut
1255 2918 1312 2954 est
1342 2918 1441 2965 apud
1474 2918 1602 2966 Eurip.
1628 2920 1708 2956 Alc.
