1890 3216
824 166 1076 204 CALLINUS.
1704 165 1727 206 7

883 277 921 320 7.
955 277 1032 331 [6.]

304 378 449 418 Strabo
469 378 569 417 XIII
592 379 694 418 604:
731 379 823 425 Τοῖς
841 372 916 430 γὰρ
937 374 980 416 ἐκ
998 378 1067 429 τῆς
1087 372 1247 429 Κρήτης
1266 371 1504 429 ἀφιγμένοις
1526 370 1729 426 Τεύκροις,

182 441 255 494 οὓς
291 447 446 498 πρῶτος
482 443 686 498 παρέδωκε
724 446 942 494 Καλλῖνος,
981 438 1001 483 ὅ
1041 445 1109 495 τῆς
1141 440 1309 496 ἐλεγείας
1340 437 1526 493 ποιητής,
1563 436 1730 493 ἦκολού-
1795 443 1798 446 ’

181 514 316 563 θησαν
349 508 393 551 δὲ
423 511 579 562 πολλοί,
611 506 785 564 χρησμὸς
815 502 868 562 ἦν
899 505 1043 550 αὐτόθι
1074 505 1322 562 ποιήσασθαι
1352 503 1425 560 τὴν
1451 502 1593 560 μονήν,
1625 502 1729 546 ’ὅπου

181 567 234 618 ἂν
270 579 313 619 οἱ
346 581 523 632 γηγενεῖς
562 573 697 625 αὐτοῖς
735 575 969 616 ἐπιθῶνται·
1009 576 1211 628 συμβῆναι
1244 572 1288 615 δὲ
1324 570 1429 616 τοῦτ’
1465 569 1600 621 αὐτοῖς
1631 571 1730 624 φασὶ

183 643 273 696 περὶ
293 639 519 697 Ἁμαξιτόν·
547 640 701 695 νύκτωρ
727 638 802 696 γὰρ
827 638 930 684 πολὺ
955 644 1113 695 πλῆθος
1138 643 1216 681 τῶν
1235 637 1464 695 ἀρουραίων
1484 641 1596 693 μυῶν
1622 637 1731 687 ἐξαν-

182 712 319 764 θῆσαν
351 711 583 764 διαφαγεῖν,
615 705 692 750 ὅσα
725 705 887 749 σκύτινα
916 710 995 748 τῶν
1026 723 1064 748 τε
1096 701 1231 748 ὅπλων
1262 706 1329 747 καὶ
1358 709 1438 747 τῶν
1468 706 1728 759 χρηστηρίων·

181 772 275 825 τοὺς
307 774 350 816 δὲ
381 772 526 817 αὐτόθι
558 779 705 828 μεῖναι·
737 770 902 823 τούτους
929 771 971 814 δὲ
996 772 1063 814 καὶ
1087 769 1161 826 τὴν
1181 770 1297 826 Ἴδην
1322 769 1402 814 ἀπὸ
1428 775 1496 825 τῆς
1522 771 1565 813 ἐν
1590 768 1729 826 Κρήτῃ

183 838 494 895 προσονομάσαι.

878 927 917 978 8.
950 922 1039 988 [7.]‘

303 1033 450 1073 Strabo
470 1034 567 1073 XIV
590 1035 693 1074 668:
720 1035 918 1082 Καλλῖνος
945 1031 988 1073 δὲ
1012 1029 1081 1074 τὸν
1107 1030 1178 1086 μὲν
1199 1029 1410 1086 Κάλχαντα
1436 1032 1479 1074 ἐν
1504 1028 1650 1088 Κλάρῳ
1676 1047 1730 1072 τε·

181 1100 364 1151 λευτῆσαι
395 1095 464 1139 τὸν
496 1099 586 1152 βίον
618 1101 738 1152 φησί·
775 1095 867 1148 τοὺς
905 1097 949 1140 δὲ
980 1095 1102 1148 λαοὺς
1139 1095 1233 1152 μετὰ
1265 1096 1427 1152 Μόψου
1464 1094 1533 1139 τὸν
1573 1100 1732 1151 Ταῦρον

182 1161 443 1218 ὖπερθέντας,
473 1162 565 1215 τοὺς
590 1165 661 1220 μὲν
686 1166 730 1207 ἐν
757 1166 979 1222 Παμφυλία
1006 1169 1155 1218 μεῖναι,
1186 1161 1278 1214 τοὺς
1305 1161 1341 1205 δ’
1372 1163 1415 1205 ἐν
1440 1165 1600 1220 Κιλικία
1625 1178 1731 1217 μερι-

182 1234 333 1285 σθῆναι
363 1230 429 1272 καὶ
460 1233 591 1288 Συρία
622 1231 731 1286 μέχρι
761 1231 829 1273 καὶ
862 1233 1063 1284 Φοινίκης.
