1890 3216
175 183 261 226 780
709 183 901 220 POETA&
927 182 1166 220 ELEGIACI.

387 298 545 347 Μνῆμα
575 291 657 335 τόδ’
691 287 741 346 ἧς
772 291 894 347 ἀρχῆς
925 294 1212 347 Πεισίστρατος,
1237 290 1394 335 Ἱππίου
1426 291 1526 345 υἱός,

457 362 584 412 θῆκεν
611 356 857 408 Ἀπόλλωνος
889 360 1053 419 Πυθζου
1085 359 1128 400 ἐν
1158 358 1315 412 τεμένει.
1325 355 1367 414 *)

173 444 251 484 Sed
284 445 464 484 consulto
497 445 595 483 haec
626 446 672 483 ut
702 444 835 483 omnia
866 444 1024 483 omnino
1050 444 1342 494 epigrammata
1373 444 1566 495 adespota
1597 447 1708 495 prae-

173 510 340 549 termisi.

268 636 302 681 *)
334 636 578 682 Epigramma.
609 636 681 671 hoc
721 634 906 680 Apollinis
937 646 1023 671 arae
1058 632 1098 671 ἐν
1138 633 1291 671 Πυθίου
1333 635 1553 692 inscriptum
1591 646 1710 681 nuper

172 684 248 719 fere
283 683 387 729 integ
390 696 472 718 rum
499 694 518 718 e
550 682 715 719 tenebris
747 682 786 717 in
816 683 938 718 lucem
969 683 1175 728 prolatum,
1209 682 1283 718 vid.
1312 679 1510 727 Ἀθήναιον
1545 682 1596 718 VI
1630 687 1707 720 149.

174 730 412 776 Thucydides
438 742 522 766 cum
542 730 730 766 Pisistrati
749 730 903 766 titulum
929 731 968 765 in
994 741 1059 765 ara
1085 729 1282 766 duodecim
1308 729 1460 766 deorum
1487 729 1709 776 inscriptum

172 790 247 814 non
271 779 348 814 iam
375 782 519 814 exstare
546 778 716 821 dixisset,
748 780 880 814 auctor
912 783 970 813 est
1002 778 1072 813 hoc
1105 777 1336 824 epigramma
1370 778 1540 823 quamvis
1573 777 1710 814 litteris

171 837 287 872 prope
327 826 493 862 evanidis
531 822 727 872 (ἆμυδροις
768 823 972 871 γράμμασι)
1006 825 1193 861 Pisistrati
1231 825 1450 861 memoriam
1484 825 1632 861 testari:
1669 827 1710 861 at

173 873 324 909 litterae
349 874 454 909 tituli
479 885 597 919 nuper
621 873 759 917 reperti
785 873 990 908 incolumes
1016 874 1102 908 sunt
1120 876 1158 909 et
1175 872 1272 909 labis
1298 873 1494 918 immunes,
1513 872 1585 909 nisi
1609 873 1710 918 quod

172 921 297 957 media
321 933 407 967 pars
428 922 841 966 (TPATOSHIFPIO)
862 920 985 967 periit,
1000 932 1118 966 eaque
1140 920 1197 956 est
1215 920 1484 956 elementorum
1508 919 1709 966 elegantia,

172 980 269 1014 quae
295 980 318 1004 a
343 968 532 1005 Pisistrati
561 969 670 1004 huius
696 969 838 1004 saeculi
864 968 1014 1004 omnino
1040 968 1240 1004 abhorrere
1259 968 1441 1004 videatur.
1491 967 1611 1014 Igitur
1635 979 1710 1004 non

169 1015 292 1062 ipsum
316 1016 413 1052 illud
438 1018 718 1052 monumentum
733 1044 741 1060 ‚
768 1016 869 1062 quod
894 1015 1131 1062 Thucydides
1164 1015 1281 1051 oculis
1314 1015 1524 1061 usurpavit,
1556 1026 1706 1061 recupe-

171 1064 348 1110 ravimus,
375 1064 440 1100 sed
467 1063 713 1100 Athenienses
739 1063 940 1099 verisimile
973 1065 1030 1100 est
1059 1075 1133 1099 non
1159 1063 1213 1098 ita
1239 1063 1357 1098 mullo
1383 1063 1583 1109 postquam
1610 1063 1708 1098 Thu-

170 1111 322 1156 cydides
357 1110 452 1148 obiit
482 1123 585 1147 aram
624 1111 851 1156 titulumque
891 1111 1012 1147 denuo
1051 1110 1337 1155 instauravisse,
1370 1110 1425 1146 ita
1456 1114 1498 1147 ut
1529 1111 1709 1156 quantum

172 1158 318 1195 licitum
343 1161 531 1196 vetustam
557 1159 779 1205 scripturam
799 1161 1003 1204 servarent,
1023 1159 1127 1195 velut
1152 1158 1302 1194 litterae
1326 1157 1363 1193 -l-
1388 1159 1427 1194 et
1452 1158 1486 1193 O
1512 1157 1708 1203 antiquam

170 1207 334 1252 speciem
358 1207 533 1244 retinent.
