1890 3216
209 188 296 231 270
746 190 936 226 POETAE
967 190 1203 227 ELEGIACI.

952 301 991 343 3.

273 377 491 437 Ἡγοῦμαι
525 382 687 437 σοφίας
719 368 833 425 εἶναι
866 383 999 439 μέρος
1030 381 1111 426 οὐκ
1144 383 1376 442 ἐλάχιστον
1669 398 1738 431 595

338 450 488 509 ὀρθῶς
519 452 786 508 γιγνώσκειν
820 449 914 505 οἷος
946 455 1126 507 ἕκαστος
1157 453 1286 513 ἀνήρ.

956 588 995 629 4.

273 665 398 723 Πρός
430 670 568 725 σοφίᾳ
600 664 681 723 μὲν
714 670 830 724 ἔχειν
862 667 1032 725 τόλμαν
1060 666 1183 725 ’μάλα
1215 669 1454 727 σύμφορόν
1486 672 1628 726 ἐστιν,

337 738 471 795 χωρὶς
503 738 551 782 δὲ
584 738 779 795 βλαβερὴ
813 739 886 805 καὶ
918 740 1136 797 κακότητα
1169 742 1306 798 φέρει.

951 872 989 914 5.

278 952 503 1005 Πολλάκις
535 950 795 1011 ἀνθρώπων
828 952 938 1011 ὀργὴ
971 953 1083 998 νόον
1117 954 1383 1009 ἐξεκάλυψεν

335 1023 662 1082 κρυπτόμενον,
695 1028 856 1081 μανίας
887 1024 1033 1069 πουλὺ
1064 1025 1353 1084 χερειότερον.

955 1159 993 1200 6.

325 1236 387 1282 Ἢ
414 1239 515 1290 δέος
545 1236 572 1296 ἢ
605 1238 720 1295 λύπη
753 1248 856 1291 παῖς
886 1239 1017 1296 πατρὶ
1049 1239 1194 1284 πάντα
1225 1239 1404 1297 χρόνον.

956 1372 992 1412 7.

276 1465 449 1474 .....
483 1427 655 1487 (ΜΓβρις
664 1430 695 1487 ,)

333 1499 428 1558 ἥτις
457 1498 744 1559 κερδαίνουσ’
781 1498 934 1558 οὐδέν,
969 1498 1088 1557 ὅμως
1118 1499 1275 1545 ἀδικεῖ.

296 1673 328 1703 3.
381 1668 483 1704 Stob.
513 1668 595 1713 Ap
635 1667 676 1702 Τ.
703 1667 754 1703 IV
779 1680 813 1724 p.
844 1671 903 1703 10.
930 1680 1043 1712 ηνου,
1070 1679 1160 1703 corr.
1189 1664 1329 1724 Ζήνου·
1362 1665 1525 1725 ἡγοῦμαι
1551 1671 1626 1704 κτλ.
1641 1667 1732 1704 Εὖ-

202 1716 293 1761 ηνοῦ
320 1716 433 1761 Bach,
460 1714 635 1751 Gaisford
662 1713 886 1760 Ζηνοδότου.
913 1736 955 1741 -
983 1715 1027 1750 V.
1054 1719 1085 1751 2.
1113 1713 1346 1761 γιγνώσκειν,
1372 1728 1404 1751 v
1432 1714 1643 1761 γινώσκειν.

294 1791 327 1823 4.
380 1786 481 1823 Stob.
514 1786 561 1821 LI
594 1790 655 1821 17:
688 1782 843 1831 Εὐήνου
871 1787 956 1831 (om.
990 1785 1178 1821 distichon
1215 1785 1270 1831 B).
1304 1807 1349 1812 —
1386 1785 1429 1821 V.
1466 1791 1495 1822 1.
1528 1788 1662 1837 σοφίᾳ,
1698 1788 1729 1823 Α

201 1835 323 1871 ‘lrinc.
350 1828 460 1869 Vind.
488 1834 638 1879 σοφίαν.

296 1910 327 1941 5.
380 1906 483 1942 stob
510 1905 578 1940 XX
604 1909 642 1940 2
670 1901 837 1961 Ευήνορ.
863 1906 901 1940 et
926 1904 1075 1940 Maxim.
1104 1904 1208 1940 conf.
1236 1905 1376 1942 11594
1404 1927 1448 1932 -
1482 1906 1524 1943 V
1554 1911 1586 1942 2.
1613 1905 1734 1942 πουιυ
1769 1882 1774 1887 ’

201 1951 436 1999 χερειότερον
462 1953 491 1988 Β
517 1965 565 1988 111.
593 1964 633 1997 8.,
658 1965 692 1989 v.
719 1950 814 1988 πολὺ
841 1949 1066 1998 χειρότερον.
1091 1951 1265 1988 Maxim
1292 1951 1386 1989 πολυ
1415 1958 1553 2000 χεῖρον.

296 2029 327 2060 6.
379 2024 476 2059 Plut.
497 2024 542 2059 de
569 2035 694 2060 amore
703 2025 806 2080 prol.
827 2035 857 2060 c.
879 2028 915 2059 4:
945 2020 1036 2059 ὥστε
1064 2021 1305 2060 ἐπαινεῖσθαι
1333 2023 1398 2060 καὶ
1424 2023 1734 2082 μνημονεύεσθαι

199 2086 266 2108 του
302 2068 483 2118 Εὐήνου
522 2072 631 2107 τοῦτο
665 2069 800 2129 μόνον,
837 2069 885 2112 ὡς
921 2069 1155 2117 ἐπέγραψεν·
1193 2072 1268 2115 ἴδε,
1303 2067 1371 2117 ὅση
1407 2070 1505 2118 λύπη
1545 2076 1620 2108 κτλ.
1670 2072 1736 2108 ubi

198 2120 373 2155 Doehner
397 2120 509 2155 τοῦτο
543 2117 584 2154 τὸ
618 2117 839 2165 μονόστιχον
875 2117 1091 2165 ἐπίγραμμα
1127 2100 1303 2165 coniecit,
1335 2119 1493 2156 fortasse
1524 2122 1625 2166 (nam
1661 2132 1735 2156 non

200 2168 276 2203 vidi
303 2167 636 2203 commentationes
662 2167 862 2212 Doehneri)
890 2167 1086 2202 obsecutus
1112 2167 1301 2211 Heckero,
1328 2167 1393 2212 qui
1419 2167 1558 2203 Comm.
1585 2168 1632 2203 de
1658 2169 1734 2203 An-

199 2215 291 2250 thol.
318 2216 351 2250 11
378 2219 423 2250 23
449 2215 548 2250 hunc
574 2225 720 2250 versum
756 2214 1009 2260 inscriptionis
1043 2214 1262 2260 sepulcralis
1293 2226 1372 2250 esse
1403 2215 1513 2260 dicit,
1545 2215 1609 2260 qui
1640 2227 1734 2250 unns

200 2262 402 2298 Plutarcho
427 2262 641 2306 innotuerit,
667 2262 796 2307 itaque
822 2263 921 2297 huno
946 2263 1222 2307 pentametrum
1248 2261 1382 2297 maiori
1406 2244 1535 2298 Euetio
1568 2262 1732 2298 tribuen-

200 2311 288 2345 dum
315 2311 451 2353 censet,
478 2310 516 2345 in
542 2310 743 2345 Plutarcho
768 2309 864 2345 nihil
889 2312 1049 2345 mutans
1087 2308 1207 2345 Eueni
1231 2320 1378 2345 versum
1404 2310 1645 2346 emendatum
1671 2321 1733 2345 ex-

200 2357 305 2392 hibet
337 2357 516 2393 Artemid.
545 2357 667 2393 Oneir
692 2357 708 2391 I
737 2362 780 2393 15
806 2369 877 2393 0111.
904 2369 1009 2393 nom:
1041 2353 1205 2402 ⁷1¹(Ve11.
1233 2361 1318 2402 267,
1344 2354 1367 2401 ἡ
1395 2358 1445 2402 V,
1470 2371 1492 2403 η
1519 2357 1577 2414 L)
1597 2355 1684 2397 δέος
1699 2353 1732 2413 ἢ

199 2403 296 2462 λύπη
322 2409 411 2446 παῖς
435 2403 610 2450 (λύπηται
635 2404 678 2450 L)
705 2404 817 2450 πατρὶ
844 2407 931 2450 (om.
955 2370 1064 2450 Lprfi
1088 2404 1174 2450 περὶ
1199 2405 1268 2450 L2)
1294 2407 1368 2439 κτλ.
1379 2404 1527 2450 ‚vulgo
1553 2401 1603 2445 ὡς
1626 2402 1734 2445 ὐἱοὺς

201 2450 221 2497 ἡ
249 2451 359 2498 λύπη.
387 2455 425 2488 et
449 2452 585 2488 Macar.
613 2452 720 2487 Walz
740 2454 868 2489 Arsen.
889 2457 957 2487 273
978 2433 1065 2497 (nisi
1082 2452 1182 2496 quod
1202 2450 1361 2510 πατέρι).
1407 2452 1515 2487 Adde
1539 2451 1732 2487 Hermiam

200 2501 236 2535 in
272 2500 367 2535 Plat.
400 2499 612 2536 Phaedrum
647 2504 727 2535 191.
740 2497 985 2556 θαυμαστὸς
1018 2498 1059 2535 δὲ
1093 2497 1242 2544 ἐγένετο
1274 2496 1438 2557 Εὔηνος·
1472 2498 1537 2534 καὶ
1568 2496 1732 2544 αλλαχοῧ

200 2544 316 2583 αὐτὸν
345 2545 510 2591 ἐπαινεῖ,
543 2543 585 2588 ὃς
616 2561 682 2583 και
712 2544 778 2582 τὸν
810 2548 976 2593 ιαμβον
1008 2548 1141 2583 τοῦτον
1173 2551 1272 2582 εἰπε·
1306 2545 1426 2604 φόβος
1455 2542 1480 2592 ἢ
1513 2543 1610 2591 λύπη
1643 2560 1734 2587 παις

198 2595 311 2641 πατρὶ
337 2592 461 2630 πάντα
487 2597 580 2642 βίον.
631 2595 830 2630 Froehlich
855 2595 1054 2640 legendum
1088 2596 1199 2640 putat
1230 2591 1370 2634 αἰδώς
1400 2590 1424 2639 ἢ
1456 2591 1555 2638 λύπη
1582 2605 1731 2640 compa-

198 2654 283 2679 rans
310 2643 422 2678 Rutil.
444 2643 536 2688 L.up
562 2643 578 2677 I
600 2646 659 2678 10:
687 2642 807 2688 „Nam
833 2643 1012 2678 maiorem
1037 2643 1184 2688 partem
1209 2653 1254 2678 ex
1278 2641 1353 2677 illis
1380 2641 1494 2687 (filiis)
1521 2641 1661 2678 doloris
1687 2642 1728 2677 et

198 2690 446 2726 contumeliae
473 2690 673 2736 capimusf‘

297 2766 328 2798 7.
378 2760 598 2797 Aristoteles
623 2761 711 2821 περὶ
745 2758 890 2807 οΞρετῶν
921 2761 986 2797 καὶ
1018 2762 1162 2797 κακιῶν
1194 2773 1231 2806 p.
1259 2764 1348 2795 1251
1381 2762 1413 2794 A
1446 2760 1485 2795 et
1515 2771 1573 2803 ap.
1626 2759 1727 2796 Stob.

201 2811 215 2845 Ι
245 2814 305 2845 18:
393 2805 581 2849 ,Ἀδικίας
612 2807 655 2844 δέ
688 2806 787 2845 ἐστιν
821 2810 904 2854 εἴδη
936 2810 1035 2867 τρία,
1069 2806 1242 2854 ασέβεια,
1275 2808 1493 2864 πλεονεξία,
1529 2804 1670 2865 υβρις.

197 2854 327 2915 ὕβρις
363 2837 425 2901 δε,
462 2854 558 2891 καθ’
597 2852 644 2902 ἣν
676 2854 744 2897 τὰς
768 2853 917 2914 ἡδονὰς
955 2854 1083 2897 αὐτοῖς
1114 2852 1464 2901 παρασκευάζουσιν
1499 2853 1552 2896 εἰς
1582 2856 1731 2894 ονειδος

199 2903 355 2962 ἄγοντες
385 2885 608 2962 (ἀγαγόντες
644 2904 721 2949 Ar.)
761 2900 928 2948 ετέρους·
967 2901 1063 2940 ὅθεν
1101 2903 1164 2938 καὶ
1196 2904 1282 2947 (om.
1316 2905 1392 2947 Ar.)
1430 2899 1611 2947 Εὔηνος
1643 2901 1730 2947 περὶ

201 2949 317 2997 αὐτῆς
342 2952 458 2997 λέγει·
477 2950 597 2992 Ἡτις
621 2951 802 2997 κτλ,(11ὶ)1
828 2953 910 2988 Bar.
939 2948 1084 2997 οὗθεν).
