1890 3216
183 159 268 204 376
722 158 914 195 POETAE
940 157 1178 195 ELEGIACI.

185 304 191 309 .
228 301 236 310 .
268 302 277 311 .
313 268 507 325 Θεοδώρῳ
541 267 583 309 δὲ
615 266 656 310 τὸ
689 265 860 309 κελεύειν
879 267 957 321 ,μὲν
981 267 1101 309 πλέον
1127 268 1247 323 ἔχειν,
1278 269 1455 310 ἐπαινεῖν
1480 266 1590 311 δὲτὸ
1617 270 1716 311 ἴσον.

184 339 230 376 ut
261 336 424 376 dixerit:

399 414 547 458 Βούλεο
580 415 623 457 δὲ
653 421 790 458 πλεῖον
821 416 892 470 μὲν
923 417 1043 471 ἔχειν,
1067 418 1176 466 Γαἴνει
1208 416 1250 458 δὲ
1281 415 1323 458 τὸ
1355 414 1503 472 ἶσον.*)

186 514 385 554 Theodori
422 514 496 553 hoc
533 515 790 563 praeceptum
828 515 949 554 Isocr.
982 515 1031 553 ad
1069 514 1270 554 Demonic.
1305 515 1358 553 38
1398 515 1554 554 ascivit:
1592 528 1718 566 παρα-

186 576 346 626 σκεύαζε
378 574 524 618 σαυτὸν
554 581 799 618 πλεονεκτεῖν
831 577 902 631 μὲν
934 576 1153 629 δύνασθαι,
1179 576 1323 632 ἀνέχου
1355 577 1398 618 δὲ
1428 575 1469 619 τὸ
1495 579 1583 619 ἴσον
1607 578 1720 631 ἔχων,

187 645 252 686 ἵνα
284 645 405 698 δοκῇς
443 639 652 696 ὀρέγεσθαι
688 646 756 695 τῆς
794 641 1049 697 δικαιοσύνης
1089 642 1140 697 μὴ
1181 641 1232 684 δι7
1267 641 1493 695 ἀσθένειαν,
1530 640 1627 684 ἀλλὰ
1659 640 1717 684 δι’

188 710 409 750 ἐπιείκειαν.
459 710 565 748 Nam
590 710 787 749 Isocrates
820 713 865 749 ut
897 712 950 750 51
984 713 1063 750 τῶν
1093 712 1267 762 ποιητῶν
1298 709 1363 749 καὶ
1387 712 1466 749 τῶν
1496 706 1625 750 ἄλλων
1657 722 1722 750 σο-

189 778 339 827 φιστῶν
363 775 577 814 lectionem
598 776 857 824 commendat,
890 777 949 815 ita
972 777 1057 827 ipse
1083 778 1124 816 in
1149 776 1412 827 paraeneticis
1438 789 1574 815 eorum
1600 777 1723 826 copiis

188 856 286 882 usus
319 844 392 882 est.
442 840 686 880 Aristoteles
719 842 878 880 videtur
910 845 956 881 ut
981 842 1079 892 alia,
1111 839 1169 881 ita
1195 842 1317 881 etiam
1343 842 1451 880 istud
1477 842 1723 880 Isocrateum

187 909 447 960 praeceptum
483 908 676 957 tanquam
713 907 970 946 inhonestum
1004 903 1064 960 (in
1090 907 1280 962 ῥητορικῷ
1310 901 1336 957 ἢ
1368 900 1530 959 Γρύλλῳ
1565 901 1723 960 opinor)

190 973 472 1025 castigavisse:
507 971 813 1023 cephisodorus,
847 976 892 1012 ut
918 974 1158 1024 magistrum
1189 985 1262 1022 pro
1294 972 1447 1012 viribus
1480 971 1725 1022 defenderet,

189 1042 296 1081 idem
326 1040 406 1078 iam
439 1040 558 1076 antea
590 1037 844 1078 Theodorum
872 1039 1044 1077 suasisse
1071 1038 1217 1078 docuit.
1270 1037 1371 1076 Hinc
1403 1037 1501 1076 satis
1528 1049 1726 1088 superque

189 1105 442 1156 intelligitur,
475 1116 593 1153 quam
620 1104 771 1142 temere
806 1105 847 1142 et
878 1106 1036 1144 veteres
1069 1106 1109 1143 et
1140 1104 1268 1143 nostri
1301 1103 1427 1142 critici
1458 1102 1628 1141 Isocrati
1660 1103 1726 1141 ab·

190 1170 454 1212 iudicaverint
483 1170 698 1218 praecepta
735 1169 785 1208 ad
817 1158 1100 1220 Demonicum',
1138 1181 1239 1219 quae
1276 1167 1468 1207 Isocratis
1507 1168 1725 1218 discipulus

192 1240 233 1277 et
270 1235 513 1275 Aristoteles
545 1237 808 1284 agnoverunt.
867 1235 1099 1274 Theodorus
1136 1235 1213 1273 iste
1250 1238 1387 1272 utrum
1428 1233 1608 1282 sophista
1647 1247 1727 1273 non

191 1301 379 1354 ignobilis
423 1299 564 1348 fuerit,
609 1299 657 1338 de
702 1313 779 1351 quo
823 1301 903 1340 vid.
946 1300 1065 1339 Plato
1108 1300 1277 1339 Phaedr.
1314 1301 1397 1338 351
1414 1299 1468 1348 A,
1512 1311 1564 1337 an
1606 1299 1728 1350 alius,

192 1370 234 1408 in
282 1368 397 1406 tanta
446 1366 684 1415 praesertim
733 1366 904 1405 nominis
961 1366 1207 1416 frequentia,
1256 1365 1299 1403 in
1347 1364 1485 1409 medio,
1534 1363 1730 1415 relinquo.

198 1457 247 1462 —
301 1432 418 1471 Alius
471 1430 694 1470 Theodorus
746 1432 1040 1482 epigrammata
1090 1431 1295 1481 scripsisse
1346 1430 1492 1468 dicitur
1541 1441 1565 1467 a
1613 1429 1730 1481 Diog.

194 1501 329 1540 Laert.
362 1496 402 1536 ΙΙ
438 1498 535 1547 104,
568 1497 750 1537 diversus
782 1497 889 1536 haud
922 1497 1042 1536 dubie
1074 1510 1098 1535 a
1129 1495 1373 1546 Colophonio
1406 1497 1541 1546 poeta,
1573 1494 1622 1534 de
1653 1508 1731 1546 quo

196 1566 274 1606 vid.
307 1563 402 1603 Ath.
435 1561 531 1602 XIV
564 1563 649 1602 618
671 1562 724 1601 E:
756 1555 808 1613 ἦν
834 1559 877 1601 δὲ
901 1560 968 1602 καὶ
993 1560 1056 1601 ε’πὶ
1081 1566 1164 1610 ταῖς
1190 1558 1329 1614 ἐώραις
1353 1576 1409 1609 τις
1436 1555 1500 1600 ἐπ’
1529 1555 1732 1615 Ἠριγόνῃ,

195 1627 248 1683 ἢν
278 1628 342 1670 καὶ
376 1625 513 1679 ἀλῆτιν
543 1626 724 1681 λέγουσιν
750 1623 876 1683 ᾠδήν·
904 1623 1166 1679 Ἀριστοτέλης
1190 1629 1290 1681 γοῦν
1316 1625 1360 1667 ἕν
1383 1629 1429 1680 τῇ
1454 1625 1730 1676 Κολοφωνίων

196 1696 368 1750 πολιτεία
400 1695 540 1748 φησίν·
567 1690 765 1733 Ἀπέθανε
798 1691 840 1732 δὲ
871 1691 936 1733 καὶ
969 1689 1087 1741 αὐτὸς
1119 1689 1139 1733 ὅ
1177 1687 1385 1745 Θεόδωρος
1422 1685 1586 1743 ὕστερον
1617 1691 1733 1746 βιαίῳ

198 1757 375 1816 θανάτῳ.
426 1759 573 1814 λέγεται
616 1755 658 1797 δὲ
701 1756 887 1811 γενέσθαι
923 1761 1088 1811 τρυφῶν
1131 1773 1209 1808 τις,
1255 1753 1306 1805 ὥς
1350 1756 1393 1796 ἐκ
1429 1758 1498 1808 τῆς
1538 1752 1733 1808 ποιήσεως

199 1823 322 1879 δῆλόν
353 1825 452 1866 ἐστι·
485 1825 538 1865 ἔτι
569 1820 642 1878 γὰρ
673 1821 739 1863 καὶ
770 1825 847 1863 νῦν
878 1823 923 1862 αἵ
949 1826 1134 1877 γυναῖκες
1165 1820 1334 1880 ᾄδουσιν
1365 1818 1488 1863 αὐτοῦ
1519 1820 1614 1874 μέλη
1645 1820 1735 1875 περὶ

197 1888 264 1940 τὰς
296 1888 434 1944 ἐώρας.
1589 1882 1594 1891 “

317 1958 622 2008 Epigrammata
660 1955 837 2005 seoptica
873 1955 1046 1994 fortasse
1084 1955 1307 2004 composuit
1344 1954 1546 2004 Euclides,
1583 1953 1733 1992 iambo-

201 2024 379 2074 graphus
416 2023 463 2060 ut
506 2022 682 2069 videtur,
720 2033 838 2071 quem
882 2017 988 2059 inter
1026 2022 1202 2069 antiquos
1245 2020 1371 2058 refert
1414 2019 1581 2059 Aristot.
1624 2018 1735 2057 Poet.

201 2081 340 2129 c.'·22:
374 2083 470 2127 ὥστε
502 2082 575 2127 οὐκ
606 2081 739 2137 ὀρθῶς
776 2082 971 2138 ψέγουσιν
997 2085 1038 2125 οἰ
1059 2084 1307 2136 ἐπιτιμῶντες
1337 2086 1390 2140 τῷ
1414 2079 1577 2139 τοιούτῳ
1602 2078 1735 2137 τρόπῳ

200 2157 269 2206 τῆς
301 2151 504 2193 διαλέκτου
535 2150 602 2191 καὶ
634 2150 984 2204 διακωμῳδοῦντες
1020 2146 1089 2190 τὸν
1119 2145 1301 2202 ποιητήν,
1339 2144 1426 2190 οἷον
1463 2145 1685 2200 Εὐκλείδης
1716 2143 1737 2188 ὅ

202 2213 385 2272 ἀρχαῖος,
419 2213 472 2266 ῶς
505 2214 645 2273 ῥᾴδιον
676 2220 825 2267 ποιεῖν,
857 2215 895 2256 εἴ
920 2231 976 2264 τις
1003 2212 1119 2255 δώσει
1150 2213 1332 2255 ἐκτείνειν
1364 2210 1431 2266 ἐφ’
1466 2209 1615 2255 ὁπόσον
1645 2209 1740 2266 βού-

203 2289 327 2335 λεται,
359 2279 650 2336 ἰαμβοποιήσας
682 2281 725 2322 ἐν
756 2277 854 2336 αὐτῇ
885 2283 931 2335 τῇ
962 2279 1075 2329 λέξει·

416 2363 593 2420 ἥτίχαριν
625 2361 733 2406 εἶδον
758 2360 1049 2416 Μαραθῶνάδε
1080 2364 1301 2416 βαδίζοντα.

205 2446 282 2505 (Βο
312 2447 361 2502 ἤτ
392 2458 401 2468 ’
429 2481 437 2490 .
464 2459 473 2468 ·
506 2445 637 2502 χάριν,
675 2449 735 2488 Ac
764 2444 846 2500 ἥτει
883 2443 1015 2500 χάριν,
1053 2446 1194 2508 Nafl'
1223 2462 1258 2486 τι
1294 2443 1428 2499 χάριν,
1469 2447 1611 2486 deinde
1648 2445 1738 2486 ἴδον

205 2511 343 2569 Ach)
376 2515 458 2555 καί·

303 2677 335 2722 *)
361 2677 485 2713 Antea
506 2673 593 2712 Ἀλλ’
624 2674 732 2712 ἔθελε
761 2675 911 2721 scripsi,
937 2674 1002 2710 sed
1027 2674 1227 2720 oportebat
1250 2670 1344 2710 ἀλλὰ
1369 2672 1461 2710 θέλε
1489 2672 1621 2718 scribi,
1649 2685 1737 2709 nam

209 2725 286 2761 fere
324 2726 550 2770 praeoptant
585 2722 795 2760 breviorem
831 2723 990 2758 formam
1027 2721 1137 2766 θέλε,
1173 2721 1287 2757 etiam
1319 2721 1383 2766 qui
1414 2721 1507 2757 alias
1543 2720 1738 2766 trisyllabo

210 2775 322 2808 verbo
344 2770 494 2809 ἐθέλειν
515 2773 679 2807 utuntur.
713 2770 823 2816 Apud
846 2769 1049 2806 Homerum
1070 2769 1112 2805 Il.
1133 2773 1162 2804 A
1183 2773 1250 2805 277
1277 2780 1352 2804 non
1376 2771 1477 2804 recte
1503 2768 1741 2805 Aristarchus

209 2817 302 2856 ἀλλὰ
339 2818 384 2856 σὺ
412 2816 674 2865 Πηλείδῆθελε
702 2818 851 2864 scripsit
881 2815 1026 2853 numeri
1050 2817 1134 2862 lege
1161 2817 1393 2861 adversante,
1421 2826 1506 2851 nam
1530 2814 1664 2852 incisio
1689 2815 1739 2851 le-

212 2868 346 2913 gitima
377 2867 432 2902 ita
463 2867 693 2904 obscuratur.
744 2866 786 2902 Il.
812 2867 845 2901 E
870 2869 939 2900 441
966 2860 1016 2899 ἷσ’
1046 2863 1155 2900 ε”θελε
1188 2863 1316 2900 malim
1349 2862 1510 2900 scribere
1542 2861 1604 2898 ἶσα
1634 2861 1738 2900 θέλε.

212 2915 256 2951 of.
286 2915 399 2950 etiam
425 2914 572 2950 Bekker
596 2914 704 2951 Hom.
731 2914 787 2949 Bl.
814 2913 830 2948 I
857 2917 923 2949 152
951 2923 1028 2957 seq.
