1890 3216
847 151 1108 192 THEOGNIS.
1666 149 1750 193 189

305 263 467 319 Οὐδεὶς
498 262 760 323 ἀνθρώπων
793 261 888 310 οὔτ’
925 266 1098 309 ἔσσεται
1131 259 1234 308 οὔτε
1265 262 1484 319 πέφυκεν,
1685 273 1753 305 536

362 336 484 391 ὅστις
515 340 653 382 πᾶσιν
686 334 813 382 ἆδών
846 335 1028 381 δύσεται
1062 338 1124 387 εἰς
1153 333 1324 379 Ἀΐδεω·

304 409 411 455 οὐδὲ
443 408 530 468 γὰρ
564 406 612 462 ὃς
644 415 855 467 θνητοῖσι
886 408 960 453 καὶ
994 406 1294 452 ἀθανάτοισιν
1327 405 1536 461 ἀνάσσει,

364 479 478 534 Ζεὺς
510 483 759 539 Κρονίδης,
791 486 979 539 θνητοῖς
1010 482 1146 524 πᾶσιν
1179 477 1307 524 ἁδεῖν
1340 477 1541 532 δύναται,

207 601 276 634 806
307 588 484 647 Τόρνου
515 588 588 633 καὶ
622 588 826 646 στάθμης
856 589 930 633 καὶ
961 587 1195 646 γνώμονος
1226 585 1373 645 ἄνδρα
1404 585 1585 644 θεωρόν

364 658 615 718 εὐθύτερόν
647 678 700 718 με
732 659 836 718 χρή,
869 659 1045 718 Κύρνε,
1078 660 1435 717 φυλασσέμεναι,

302 731 395 778 ὄττι
426 750 504 778 κεν
537 734 585 777 ἐν
618 734 813 777 Πυθῶνι
844 730 971 786 θεός,
1003 730 1170 789 χρήσας
1202 733 1338 789 ι”ερείῃ

363 802 530 862 ὀμφήν,
563 803 739 862 σημήνῃ
773 807 929 855 πίονος
961 803 1005 856 ἐξ
1036 800 1225 847 ἀδύτου·

305 875 408 921 οὔτε
439 894 480 920 τι
512 874 598 935 γὰρ
630 874 848 934 προσθεὶς
880 873 1017 919 οὐδέν
1048 873 1089 917 κ’
1126 877 1188 918 ἔτι
1221 872 1461 931 φάρμακον
1494 871 1662 932 εὕροις,

207 962 277 994 810
363 946 458 993 οὔτ’
494 946 677 1005 ἀφελὼν
709 945 820 1004 πρὸς
851 949 975 991 θεῶν
1008 944 1266 1004 ἀμπλακίην
1298 945 1562 1004 προφύγοις.

303 1052 450 1115 Χρῆμ’
486 1058 660 1100 ἔπαθον
691 1054 899 1100 θανάτου
930 1054 1012 1112 μὲν
1045 1052 1217 1106 ἀεικεός
1251 1052 1349 1098 οὔτι
1380 1052 1560 1110 κάκιον,

209 1209 430 1248 πλεόνεσσιν
455 1207 555 1247 αδοι.
585 1232 625 1237 —-
654 1211 698 1247 V.
727 1215 808 1247 801.
835 1206 935 1254 οὔτε,
962 1210 992 1246 Ο
1021 1206 1122 1246 οὐδε.
1151 1230 1196 1236 -
1222 1209 1266 1245 V.
1295 1213 1375 1245 802.
1404 1209 1530 1253 πᾶσιν,
1558 1208 1587 1244 Ο
1615 1210 1752 1246 πᾶσαν.

210 1281 254 1287 -
293 1258 465 1305 δύσεται,
506 1259 520 1294 l
557 1257 746 1295 δύσσεται.
786 1280 830 1286 -
871 1240 995 1294 Ἀΐδεω
1028 1261 1077 1303 A,
1122 1254 1275 1294 ἀΐδου*.
1315 1278 1360 1283 -
1399 1257 1442 1293 V.
1483 1261 1564 1294 805.
1601 1255 1754 1300 θεωρόν

210 1307 380 1352 Vinctus,
406 1307 495 1343 libri
518 1308 690 1353 θεωρῶν.
718 1328 762 1333 -
784 1307 827 1342 V.
849 1311 930 1344 806.
958 1319 1002 1352 με
1031 1287 1099 1352 χρή
1127 1305 1272 1352 scripsi,
1297 1305 1384 1341 libri
1410 1302 1477 1351 χρὴ
1505 1304 1586 1351 μὲν.
1636 1305 1755 1341 Facili

210 1355 363 1402 negotio
396 1355 629 1401 expedivisse
661 1355 756 1391 mihi
787 1354 917 1391 videor
942 1354 1218 1398 difficultatem,
1244 1365 1318 1410 qua
1343 1353 1542 1389 laborabat
1566 1353 1627 1389 hic
1652 1353 1756 1389 locus

209 1405 258 1440 ab
290 1403 375 1440 aliis
405 1404 516 1440 aliter
551 1403 736 1447 tentatus·
778 1403 822 1439 cf.
861 1415 894 1438 v.
929 1406 998 1438 543
1031 1399 1100 1448 χρή
1133 1415 1178 1448 με
1217 1398 1321 1447 παρὰ
1357 1398 1533 1447 στάθμην
1565 1401 1630 1436 καὶ
1661 1398 1756 1447 γνώ-

209 1465 307 1498 μονα
329 1449 446 1507 τήνδε
473 1448 661 1496 δικάσσαι,
687 1449 826 1506 Κύρνε,
853 1452 982 1496 δίκην,
1008 1461 1131 1495 neque
1165 1450 1292 1486 obstat
1316 1462 1349 1485 v.
1366 1453 1532 1486 809-10
1559 1445 1685 1506 εὕροις
1710 1470 1754 1475 -

208 1498 438 1584 zitwar
462 1499 865 1592 &32353253323333
890 1498 994 1582 ἓέοὲῗ
1020 1501 1107 1592 {22¹³
1116 1500 1192 1582 1,(ξὲ
1214 1493 1755 1590 50220‘15551313‘510332‘1'3.{3⁶13

210 1595 311 1631 tibus
342 1597 442 1631 enim
477 1594 742 1641 gravissimum
766 1595 920 1638 θεωροῦ
952 1605 1086 1630 munus
1117 1605 1194 1629 non
1227 1593 1400 1630 solebant
1431 1593 1677 1629 committere.
1710 1613 1755 1619 —-

211 1641 495 1690 φυλασσέμεναι
521 1642 755 1679 Camerarius
781 1643 821 1678 et
846 1642 1063 1686 Turnebus,
1095 1642 1185 1678 libri
1218 1639 1525 1687 φυλασσόμενον,
1559 1640 1660 1698 quod
1691 1641 1756 1686 qui

210 1693 338 1727 tuetur
356 1692 502 1727 Ahrens
527 1701 603 1726 non
622 1691 815 1736 reputavit
834 1690 1016 1726 sermonis
1036 1690 1164 1736 graeci
1184 1689 1492 1726 consuetudinem
1512 1686 1756 1734 φυλάσσοντα

168 1763 176 1766 -
210 1739 400 1786 flagitare:
426 1749 547 1785 neque
573 1739 674 1784 quod
699 1738 844 1774 Ahrens
877 1739 992 1784 negat
1017 1738 1204 1784 elegiacos
1231 1739 1362 1782 poetas
1397 1738 1455 1773 his
1480 1736 1658 1772 infinitivi
1684 1736 1756 1772 for-

210 1787 282 1823 mis
307 1797 394 1823 usos
421 1798 514 1832 esse,
540 1797 688 1824 verum:
715 1783 952 1832 τεθνάμεναι
978 1787 1083 1822 extat
1102 1786 1204 1832 apud
1224 1785 1457 1831 Tyrt.10,1.
1486 1785 1652 1831 Theogn.
1677 1788 1756 1828 191,

210 1835 301 1871 item
328 1835 436 1871 recte
462 1846 521 1882 ap.
548 1834 813 1870 Mimnermum
839 1838 951 1879 2,10
986 1834 1201 1870 restitutum
1240 1834 1315 1876 est,
1350 1845 1420 1869 nec
1454 1833 1578 1868 minus
1614 1834 1757 1868 certum

209 1880 375 1929 θέμεναι
394 1883 536 1929 Theog.
560 1886 640 1928 152,
666 1882 839 1928 quamvis
860 1882 948 1918 libri
972 1893 1048 1918 non
1072 1882 1268 1926 addicant,
1299 1881 1460 1928 ἔμμεναι
1480 1880 1606 1917 Solon.
1629 1885 1686 1925 13,
1707 1885 1752 1916 29

211 1930 306 1966 nulli
331 1930 541 1967 calumniae
575 1931 798 1975 obnoxium3
836 1928 1036 1977 εἰπέμεναι
1067 1930 1206 1976 legitur
1240 1930 1339 1976 apud
1373 1929 1549 1965 Solonem
1583 1929 1755 1973 quamvis

211 1982 384 2015 auctores
410 1978 559 2015 diversa
583 1977 822 2023 tradiderint,
847 1978 1164 2037 quemadmodum
1192 1977 1306 2014 etiam
1331 1977 1371 2013 in
1396 1978 1523 2013 iambo
1545 1979 1754 2012 Anacreon—

210 2026 260 2062 tis
285 2031 343 2071 92,
369 2031 390 2062 2
416 2026 635 2073 τνθέμεναι,
662 2038 748 2062 nam
775 2025 1063 2072 διδασκέμεναι,
1096 2027 1198 2071 quod
1223 2025 1377 2072 Phocyl.
1408 2029 1451 2061 13
1484 2024 1757 2069 commendavi,

211 2074 407 2119 incertum,
431 2085 553 2121 neque
580 2074 741 2120 amplius
766 2076 876 2110 tueor
901 2074 1154 2110 coniecturam
1180 2074 1279 2120 apud
1307 2074 1518 2109 Archiloch
1546 2077 1580 2118 4,
1606 2077 1640 2108 4.
1679 2072 1758 2107 Nec

212 2122 334 2181 magis
360 2123 548 2158 breviores
572 2123 714 2159 formae
740 2120 870 2168 δόμεν,
898 2123 996 2168 ἴμεν,
1021 2120 1156 2168 θέμεν,
1184 2119 1362 2168 ἐνθέμεν,
1383 2119 1588 2167 πασχέμεν,
1610 2118 1756 2166 ἐχέμεν,

213 2166 394 2216 ἀειδέμεν
421 2170 721 2227 addubitandae,
749 2182 833 2206 cum
859 2171 960 2206 omni
994 2175 1038 2206 ex
1069 2173 1177 2216 parte
1209 2169 1437 2206 auctoritate
1469 2169 1636 2204 munitae
1669 2169 1757 2212 sint,

213 2238 258 2244 —
285 2217 377 2254 Cum
396 2217 592 2255 Turnebus
617 2214 686 2264 χρή
707 2231 771 2265 μιν
791 2218 1024 2262 conexissot,
1051 2217 1183 2263 Geelx
1161 2216 1230 2263 χρὴ
1251 2218 1358 2262 νοῦν,
1380 2217 1528 2262 Sauppe
1555 2217 1624 2262 χρῆ
1647 2212 1759 2259 ’στιν,

213 2265 355 2319 Kayser
373 2263 540 2324 χρησμὸν
567 2266 652 2311 (hoc
671 2266 732 2303 vel
751 2267 883 2312 χρῆσιν
911 2266 1025 2302 etiam
1046 2264 1275 2322 Schneider),
1301 2265 1373 2301 ut
1363 2276 1403 2300 m
1428 2264 1626 2321 primibus,
1659 2275 1755 2310 quae

214 2312 443 2358 interierint,
475 2312 544 2360 χρὴ
571 2314 703 2359 fuerit,
736 2313 873 2350 maluit
892 2315 1036 2349 Ahrens
1062 2310 1131 2359 χρὴ
1160 2311 1249 2359 ἔμεν
1276 2316 1320 2349 Κ.
1348 2309 1640 2358 φυλασσόμενον
1666 2312 1757 2347 scri-

213 2361 314 2406 bere,
340 2362 514 2418 Hartung
531 2364 656 2398 autem
683 2373 728 2398 ex
747 2364 855 2408 parte
881 2361 1053 2398 Geelium
1080 2363 1118 2396 et
1142 2371 1202 2396 me
1228 2361 1309 2418 (qui
1327 2363 1493 2406 θεωρεῖν
1521 2389 1528 2396 .
1552 2356 1685 2406 ..χρὴ
1707 2357 1756 2405 μὴ

311 2407 599 2467 φυλασσόμενον
626 2409 874 2455 conieceram)
895 2414 1044 2445 secutus
1069 2411 1234 2454 θεωρεῖν
1261 2405 1476 2467 ευθύτερον
1496 2405 1564 2454 χρὴ
1591 2409 1686 2443 νοῦν
1712 2410 1757 2443 Κ.

214 2455 506 2516 φυλασσόμενον
532 2457 692 2502 refinxit,
731 2457 953 2494 Heimsoeth
974 2454 1043 2502 χρὴ
1062 2457 1141 2492 πᾶν
1162 2459 1206 2492 Κ.
1227 2454 1521 2514 φυλασσέμεναι.
1543 2475 1586 2482 -
1609 2455 1652 2491 V.
1675 2459 1756 2492 807.

216 2518 295 2542 οττι
320 2518 387 2541 κεν
416 2502 456 2542 ἐν
485 2506 648 2542 Πυθῶνι
671 2486 782 2549 θεός,
810 2503 949 2551 χρήσας
975 2503 1093 2552 ἴερείῃ
1120 2501 1268 2561 ὀμφήν,
1302 2502 1448 2551 σημήνῃ
1476 2503 1628 2561 scripsi,
1655 2503 1757 2558 lege-

215 2554 325 2589 batur
350 2547 379 2602 ᾧ
406 2555 452 2599 (A
472 2550 517 2599 ω)
544 2555 622 2589 τινί
642 2566 722 2595 κεν,
754 2553 890 2589 deinde
917 2554 949 2588 A
974 2553 1072 2588 θεοῦ
1098 2550 1240 2598 χρήσας
1268 2550 1406 2598 ΐερεῖα,
1439 2564 1464 2598 g
1489 2554 1584 2591 θεος
1602 2548 1758 2608 χρήσας

215 2599 353 2658 ἴερειά,
386 2600 416 2636 Ο
449 2601 513 2637 rel.
547 2601 642 2643 θεὸς
673 2598 812 2647 χρήσας
850 2599 983 2646 ἱερεῖα.
1035 2601 1242 2646 Utrumque
1278 2600 1434 2636 verbum
1466 2600 1504 2635 et
1544 2596 1683 2644 χρήσας
1719 2600 1759 2633 et

215 2646 361 2695 σημήνῃ
387 2648 506 2695 ipsius
533 2648 594 2685 dei
620 2649 899 2686 consulentibus
923 2648 1068 2684 futuras
1099 2659 1158 2684 res
1185 2647 1387 2694 aperientis
1414 2648 1487 2691 est3
1524 2644 1566 2682 ἐν
1593 2646 1758 2682 Πυθῶνι

214 2685 398 2732 Pindarus
413 2697 562 2743 saepius
582 2697 688 2741 dixit,
711 2696 806 2732 alias
826 2697 999 2733 Πυθῶνι
1021 2695 1201 2732 Brunckii
1214 2696 1468 2731 coniecturam
1481 2695 1581 2730 θεοῦ
1597 2691 1756 2752 χρήσασ’

215 2742 335 2800 ἱέρεια
361 2744 532 2790 plerique
558 2744 915 2790 comprobaverunt,
940 2743 1013 2780 nisi
1039 2744 1140 2789 quod
1164 2742 1308 2779 Ahrens
1327 2748 1523 2787 praeterea.
1542 2739 1670 2778 ὄττινά
1690 2755 1757 2778 κεν

215 2792 276 2827 vel
309 2788 444 2850 ἥντινα
476 2805 543 2827 κεν
569 2791 656 2837 (hoc
683 2792 796 2827 etiam
824 2792 985 2837 Becker)
998 2792 1219 2849 proposuit.
1248 2811 1290 2818 --
1317 2790 1362 2826 V.
1385 2794 1463 2826 808.
1491 2803 1624 2831 πιονος
1643 2792 1685 2825 A.
1714 2811 1757 2817 -

215 2839 260 2875 V.
287 2843 367 2897 809.
394 2836 432 2874 κ’
461 2838 533 2884 ἔτι,
558 2840 636 2887 glm
663 2839 707 2876 κέ
738 2853 787 2879 τι,
815 2839 946 2875 malim
971 2836 1009 2874 κ’
1038 2836 1112 2875 ἐπὶ
1138 2836 1342 2884 φάρμακον
1369 2834 1505 2895 εῧροις.
1531 2859 1578 2864 -
1607 2838 1648 2875 V.
1675 2842 1757 2875 810.

217 2883 299 2922 οὔτ’
305 2887 393 2932 ,AO
408 2884 510 2924 ουδ’.
527 2908 568 2914 -
590 2885 686 2933 πρὸς
702 2888 820 2932 θεῶν,
842 2887 1078 2924 scribendum
1099 2887 1247 2922 videtur
1264 2886 1369 2942 περὶ
1388 2883 1546 2930 θεοὺς,
1565 2898 1652 2946 nam
1671 2886 1759 2930 περὶ

216 2915 315 2970 θεὸν
350 2946 423 2971 ιιοιι
455 2935 575 2971 ausim
607 2935 879 2972 commendare.
908 2956 951 2961 -
985 2934 1027 2972 V.
1055 2938 1136 2972 811.
1163 2933 1232 2981 μὲν
1265 2930 1433 2979 ἀεικέος,
1465 2933 1683 2980 μενοεικέος
1714 2937 1757 2970 Α.
