1890 3216
195 222 252 266 48
730 222 922 260 ΡΟΕΤΑΕ
949 221 1189 261 ELEGIACI.

267 331 408 390 αὐτὰρ
442 331 516 389 ἐμὲ
548 330 629 384 ξὺν
660 334 738 388 νηῒ
766 334 857 390 θοῇ
889 334 1066 389 κλεινῆς
1097 329 1184 376 ἀπὸ
1216 330 1361 388 νήσου

326 402 504 460 ἀσκηθῆ
536 404 697 459 πέμποι
729 402 905 460 Κύπρις
936 404 1217 460 ἰοστέφανος·

220 486 240 517 5
268 477 453 535 οἰκισμῷ
487 472 528 517 δ’
566 473 635 518 ἐπὶ
666 476 779 534 τῷδε
811 473 943 531 χάριν
973 474 1047 517 καὶ
1078 476 1215 526 κῦδος
1246 473 1402 528 ὀπάζοι

327 545 495 589 ἐσθλὸν
526 545 599 589 καὶ
631 543 797 589 νόστον
828 544 1004 602 πατρίδ’
1041 547 1084 598 ἐς
1115 543 1343 604 ἡμετέρην.

571 630 784 714 Π-ΡΟΣ
830 669 1345 714 ΜΙΜΝΕΡΜΟΝ.

857 758 1067 811 20.[21.]

264 837 377 883 Ἀλλ’
414 844 458 883 εἴ
484 857 559 895 μοι
590 836 675 883 κᾶν
707 841 795 883 νῦν
827 841 890 882 ἔτι
921 842 1112 895 πείσεαι,
1145 840 1260 892 ἔξελε
1290 842 1444 896 τοῦτο,

327 910 438 967 μηδὲ
468 909 640 967 μέγαιρ’
677 908 744 954 ὅτι
777 913 866 957 σεῦ
889 915 1008 972 λῷον
1040 910 1378 970 ἐπεφρασάμην,

266 983 339 1026 καὶ
372 986 692 1039 μεταποίησον,
725 981 1037 1039 Λιγυαστάδη,
1070 976 1158 1027 οἶδε
1190 981 1230 1026 δ’
1266 982 1405 1028 ἄειδε·

323 1052 738 1110 Ὀγδωκονταέτη
772 1062 929 1112 μοῖρα
961 1054 1101 1111 κίχοι
1132 1053 1384 1099 θανάτου.

853 1150 923 1192 21.
958 1151 1063 1204 [21.]

267 1234 401 1289 Μηδέ
429 1249 505 1289 μοι
537 1230 783 1284 ἄκλαυστος
814 1231 1014 1284 θάνατος
1045 1232 1198 1289 μόλοι,
1230 1231 1342 1277 ἀλλὰ
1375 1237 1576 1291 φίλοισιν

324 1302 556 1360 ποιήσαιμι
587 1300 746 1347 θανών
778 1301 915 1360 ἄλγεα
946 1303 1019 1347 καὶ
1052 1304 1282 1362 στοναχάς.

644 1428 858 1473 ΠΡΟΣ
906 1412 1272 1474 ΚΡΙΤΙΑΝ.’

855 1518 924 1559 22.
958 1518 1062 1570 [2Ο.]
1658 1530 1727 1562 429

268 1599 508 1655 Εἰπέμεναι
542 1602 703 1657 Κριτίῃ
737 1576 998 1657 ξανθδτριχι
1029 1597 1194 1656 πατρὸς
1225 1598 1425 1644 άκούειν·

324 1669 378 1714 οὐ
410 1669 495 1728 γὰρ
528 1667 784 1730 ἁμαρτινόω
817 1673 1010 1714 πείσεται
1043 1668 1243 1728 ἡγεμόνι

197 1786 328 1830 οὕτως·
363 1789 462 1824 Νὖν
495 1792 568 1826 κτλ.
601 1800 719 1846 usque
745 1788 794 1824 ad
818 1801 852 1825 v.
880 1793 914 1824 5.
949 1789 1058 1846 Resp.
1085 1789 1220 1826 Herod.
1247 1789 1281 1825 V
1308 1794 1392 1826 113:
1407 1789 1658 1850 Φιλοκύπρου
1684 1790 1726 1827 δὲ

195 1834 347 1881 τούτου,
379 1834 446 1872 τὸν
472 1834 604 1872 Σόλων
631 1833 650 1872 ὁ
675 1833 872 1882 Ἀθηναῖος
897 1833 1128 1883 ἀπικόμενος
1154 1835 1191 1878 ἐς
1216 1835 1372 1883 Κύπρον
1400 1835 1441 1873 ἐν
1469 1837 1575 1874 ἔπεσι
1599 1840 1727 1875 αἴνεσε

195 1882 388 1930 τυράννων
409 1882 577 1930 μάλιστα.
617 1884 800 1930 Regulus,
827 1895 937 1930 quem
956 1884 1170 1920 Herodotus
1190 1887 1229 1920 et
1246 1885 1469 1940 Plutarchus
1492 1883 1728 1932 Φιλόκυπρον

195 1933 405 1977 appellant,
432 1933 479 1967 ab
500 1932 608 1967 Arati
632 1913 841 1977 biographo
861 1930 1075 1977 Κυπράνωρ
1101 1934 1274 1968 vocatur:
1300 1944 1388 1968 nam
1406 1933 1468 1969 vix
1486 1935 1588 1970 recte
1607 1933 1729 1980 Engel

193 1981 352 2025 (Kypros
371 1980 387 2013 Ι
408 1983 477 2015 264
491 1982 582 2025 seq.)
609 1979 776 2015 diversos
795 1980 914 2033 putat,
939 1979 1099 2015 alterum
1120 1979 1229 2016 alteri
1249 1981 1469 2016 successisse
1487 1983 1601 2025 ratus,
1627 1981 1729 2027 quod

195 2027 234 2062 hi
259 2027 348 2071 loci,
376 2039 467 2072 quos
493 2027 689 2073 adscripsi,
716 2026 870 2062 minime
895 2028 1127 2064 confirmant.
1156 2049 1201 2054 —-
1237 2028 1281 2064 V.
1310 2033 1340 2064 1.
1367 2030 1547 2074 Σολίοισι,
1572 2029 1637 2065 vit.
1664 2028 1730 2064 Ar.-

196 2075 274 2111 cod.
301 2074 340 2108 M
366 2076 480 2120 Σολίη
485 2087 531 2110 σι.
559 2095 602 2100 -
628 2074 672 2112 V.
694 2079 726 2110 2.
754 2071 881 2132 τήνδε,
907 2087 954 2120 ap
959 2075 1090 2111 ..Plut
1117 2075 1263 2112 ACFaL
1288 2090 1331 2121 τη
1334 2089 1356 2111 ν
1382 2073 1476 2124 (τῂν)
1503 2075 1558 2122 δὲ,
1583 2077 1622 2112 ia
1645 2074 1727 2122 τὴν.

169 2144 239 2156 .--
265 2124 403 2167 ναίοις,
429 2122 495 2158 vit.
522 2123 584 2159 Ar.
612 2123 692 2158 cod.
718 2122 767 2158 M.
795 2104 912 2163 δύσις.
946 2143 991 2148 --
1024 2122 1068 2160 V.
1096 2127 1125 2158 3
1155 2121 1241 2179 ξὺν,
1268 2134 1326 2169 ap.
1353 2124 1408 2160 Pl.
1435 2123 1546 2159 CFaL
1575 2121 1655 2162 σὺν.
1682 2145 1727 2150 -—

194 2170 237 2205 V.
260 2174 291 2205 4.
319 2182 378 2215 ap
404 2171 459 2206 Pl.
486 2171 500 2205 i
525 2167 689 2216 ἄσκητῆ,
714 2182 737 2205 a
762 2166 936 2216 ἄσκαθῆ,
963 2174 1002 2206 et
1025 2182 1059 2206 v.
1081 2175 1101 2206 5
1127 2170 1141 2206 i
1166 2164 1235 2206 οὖν
1261 2183 1328 2232 pro
1356 2168 1419 2207 ἐπὶ
1444 2174 1482 2207 et
1508 2168 1677 2215 ὀπάζοιο.

289 2218 348 2252 Fr.
375 2222 430 2254 20.
470 2218 577 2275 Diog.
606 2219 728 2253 Laerb.
755 2217 855 2254 160:
884 2218 980 2253 Φασὶ
1006 2214 1043 2253 δ’
1073 2214 1191 2253 αὐτὸν
1217 2218 1281 2254 καὶ
1301 2217 1529 2278 Μιμνέρμου
1555 2217 1726 2278 γράψαν-

194 2275 271 2305 τος
311 2265 357 2300 A?
386 2279 457 2311 γαρ
490 2263 579 2323 ἄτερ
612 2264 759 2301 νούσων
791 2278 829 2300 τε
868 2265 934 2301 καὶ
971 2262 1166 2323 αργαλέων
1199 2263 1422 2323 μελεδώνων
1449 2265 1724 2313 Ἑξηκονταέτη

195 2317 306 2369 μοῖρα
332 2314 430 2358 κίχοι
455 2311 650 2359 θανάτου,
677 2310 908 2358 ἐπιτιμῶντα
935 2311 1037 2361 αὐτῷ
1065 2312 1204 2349 εἰπεῖν·
1230 2310 1312 2349 αλλ’
1335 2315 1376 2349 εἴ
1389 2327 1453 2360 μοι
1472 2317 1547 2351 κτλ.
1564 2335 1607 2340 ——
1633 2314 1677 2350 V.
1694 2319 1725 2350 1.

195 2356 485 2405 κᾶν,Τ11161ἐ(111
511 2375 586 2396 και.
619 2382 663 2387 —-
696 2361 826 2420 τοΗῦτο,
860 2360 938 2397 cod.
966 2350 1063 2396 Μὸη.
1090 2361 1234 2397 τοῦτον.
1268 2382 1310 2387 --
1344 2362 1387 2396 V.
1415 2366 1447 2397 2.
1482 2362 1547 2397 σεῦ
1572 2361 1726 2398 Florens

196 2389 443 2453 Christianus,
480 2409 561 2444 edd.
589 2410 683 2445 anth.
710 2405 745 2443 σ’
774 2405 830 2444 εὖ.
865 2430 909 2434 -
946 2409 1042 2457 λῷον
1078 2405 1352 2455 ἐπεφρασάμην
1387 2409 1534 2455 scripsi,
1571 2409 1725 2445 Florens

195 2454 427 2490 Christianus
452 2453 564 2491 λώϊον
591 2453 834 2502 ἐφρασάμην,
865 2445 982 2502 vulgo
1005 2460 1109 2492 τοῖον
1135 2453 1418 2514 ἐπεφρασάμην.
1452 2478 1496 2482 -
1531 2456 1575 2492 V.
1601 2461 1634 2494 3.
1659 2460 1724 2492 Λι-

194 2499 386 2547 γυαστάδη
413 2503 559 2548 scripsi,
592 2504 666 2539 vid.
695 2503 827 2539 suidas
853 2516 887 2539 v.
905 2498 1153 2562 Μίμνερμος,
1178 2501 1431 2560 Λιγυρτιάδου
1459 2533 1467 2541 .
1489 2533 1496 2540 .
1519 2532 1527 2540 .
1555 2501 1724 2540 ἐκαλεῖτο

196 2548 237 2584 δε
270 2550 334 2585 καὶ
363 2548 678 2608 Λιγυαστάδης
710 2549 986 2596 (λιγειαστάδης
1010 2551 1127 2591 BVE,
1157 2549 1365 2606 λιγιστιάδη
1369 2565 1387 2592 ς
1414 2552 1456 2598 Α)
1490 2548 1553 2586 διὰ
1585 2549 1627 2587 τὸ
1662 2549 1725 2598 ε’μ-

196 2595 303 2642 μελὲς
337 2597 402 2632 καὶ
433 2596 517 2658 ἡδύ.
569 2598 622 2634 Of.
648 2599 787 2634 Eudoc.
815 2603 894 2634 303.
944 2598 1068 2653 Vulgo
1100 2597 1238 2644 αγυιὰς
1268 2600 1371 2643 ταδί,
1409 2599 1490 2634 cod.
1516 2599 1654 2634 Arund.
1687 2601 1726 2634 et

197 2643 301 2680 Cant.
329 2642 447 2690 ὄγδοα
474 2643 513 2686 ἐς
537 2647 634 2683 ταδί.
675 2646 877 2692 Sopingius
899 2644 1153 2692 (10111.τοὶγυρι
1171 2647 1269 2692 ταδὶ,
1295 2628 1459 2682 Meibom
1477 2645 1608 2703 λιγέως
1626 2647 1725 2691 ταδὶ,

194 2691 383 2728 Hermann
408 2692 583 2738 θρασέως
608 2693 703 2729 ταδὶ.
733 2715 775 2719 -
803 2693 846 2729 V.
873 2698 905 2730 4.
933 2691 1231 2740 ὀγδωκονταέτη,
1258 2675 1724 2740 θᾶ.Ὲ1ὀὶ).ὄγδοηκ.Βθ-

196 2739 307 2784 spicit
332 2740 404 2775 huc
429 2740 602 2776 Liban.1
627 2745 707 2776 403.

290 2787 347 2822 Fr.
376 2791 431 2823 21.
481 2788 579 2824 Ρ111ὺ.
608 2799 727 2833 comp.
756 2788 828 2824 Sol.
857 2790 895 2824 ei:
919 2789 1061 2835 Poplic.
1087 2798 1118 2824 c.
1146 2793 1184 2824 1.
1215 2786 1296 2825 ’Έτι
1327 2789 1457 2824 τοίνυν
1483 2785 1507 2824 οὶ
1533 2793 1611 2829 τοῖς
1637 2789 1724 2834 περὶ

196 2835 418 2889 Μίμνερμον
443 2832 632 2870 ἄντειπων
657 2835 743 2880 περὶ
769 2834 905 2882 χρόνου
938 2838 1034 2882 ζωῆς
1065 2833 1349 2881 ἐπιπεφωνηκε
1361 2835 1522 2882 Μηδέ
1548 2850 1624 2882 μοι
1648 2840 1723 2872 κτλ.

197 2878 406 2927 εὐδαίμονα
427 2881 491 2917 τὸν
512 2880 635 2929 ἄνδρα
654 2888 766 2919 ποιεῖ.
805 2884 946 2920 Eadem
973 2885 1075 2920 Stob.
1097 2879 1466 2920 Flor.CXX11³3.-
1492 2883 1536 2919 V.
1557 2888 1589 2919 2.
1615 2882 1721 2929 ποιή-
1748 2885 1752 2889 ’

197 2939 253 2961 σαι
246 2942 299 2973 ιμι
325 2930 762 2976 Ρ1η1.,καλλείποιμι
789 2930 889 2968 Stob.

290 2976 347 3010 Ει.
370 2981 426 3012 22.
465 2977 574 3013 Plato
602 2978 697 3014 ’11111.
718 2991 753 3023 p.
775 2980 881 3015 2013:
903 2974 970 3015 Ἦν
996 2979 1066 3026 μὲν
1093 2973 1162 3015 οὖν
1189 2978 1343 3020 οἰκεῖος
1351 2978 1415 3015 καὶ
1441 2977 1590 3025 σφόδρα
1617 2980 1725 3025 φίλος
