1890 3216
757 209 1131 248 DEMOSTHENES.
1624 211 1712 254 335

171 316 335 354 minibus
361 318 553 361 dicuntur,
591 318 728 364 quibus
766 318 819 354 dii
847 318 922 354 sint
954 318 1126 365 propitii,
1165 320 1315 365 poterat
1346 330 1434 356 sane
1468 320 1715 356 confidentius

171 377 285 413 quam
313 366 435 402 verius
461 366 603 402 dictum
632 367 762 411 videri,
788 367 852 403 sed
878 378 951 403 non
977 367 1128 411 desunt,
1155 367 1219 413 qui
1247 367 1369 413 elegio
1396 367 1482 404 huic
1509 368 1712 414 suffragen-

169 414 286 459 tur.*)
314 435 355 441 ——-
393 414 484 450 Cum
512 414 714 451 Simonidis
745 415 844 451 θεοῦ
879 414 1090 461 scripsisset
1127 415 1215 461 (vid.
1244 427 1340 461 quae
1373 415 1421 452 ad
1454 415 1497 452 fr.
1524 420 1569 452 82
1601 417 1716 452 adno-

170 461 276 508 tavi),
303 462 586 508 epigrammatis
605 464 738 499 auctor
758 463 952 499 commode
977 463 1174 499 substituit
1198 463 1384 509 θεῶν,**)
1410 464 1714 509 quandoquidem

169 509 262 552 Διὸς
287 511 407 556 κρίσις
432 511 648 556 praecessit.
672 532 712 536 —a
735 510 952 547 Novissima
977 512 1091 547 verba
1116 515 1253 558 μοῖραν
1279 509 1320 547 δ’
1348 509 1432 548 οὔτι
1459 517 1598 558 φυγεῖν
1625 509 1712 549 ἔπο-

169 570 253 603 ρεν,
288 569 383 604 quae
415 558 498 594 vitii
525 560 612 594 sunt
645 558 846 603 immunia,
878 559 948 594 nisi
984 559 1084 604 quod
1118 557 1256 605 ἔπορον
1289 560 1544 605 scribendum,
1578 560 1715 597 iniuria

169 605 390 642 sollicitavit
414 606 515 642 Weil
541 604 675 652 φυγών
703 605 840 652 ἔπορεν
867 606 1109 653 corrigendo,
1135 607 1233 652 quod
1261 607 1548 655 interpretatur:
1576 620 1645 653 „en
1670 621 1715 645 ne

166 653 305 700 suyant
328 655 445 700 point,
470 655 499 690 il
525 666 549 690 a
574 655 764 691 contribue'
787 666 829 691 sa
849 657 975 701 part.“
1026 654 1078 691 At
1102 659 1238 701 μοῖραν
1266 655 1366 692 idem
1392 667 1472 692 esse
1498 657 1599 702 quod
1625 654 1712 703 μόρ-

168 713 277 748 σιμον
302 695 403 748 ἦμαρ
430 702 683 746 manifestum,
710 705 871 749 apteque
898 702 1073 739 instituta
1099 704 1287 740 sententia
1312 703 1522 740 absolvitur
1547 705 1605 741 his
1631 716 1710 741 ver-

167 749 243 786 bis:
270 749 371 786 diem
390 750 545 786 fatalem
565 762 611 787 ne
631 750 683 786 dii
709 751 861 797 quidem
888 752 1058 787 avertere
1084 751 1222 787 valent.
1269 751 1560 789 Demosthenem
1587 754 1713 789 autem

168 800 460 834 consentaneum
488 799 545 834 est
569 798 608 834 in
635 798 813 835 concione
840 797 988 834 funebri
1013 798 1062 834 ad
1088 799 1248 835 eundern
1275 800 1428 836 modum
1461 801 1712 847 peroravisse:

167 844 322 882 fortium
339 845 502 882 virorum
523 846 646 882 officio
668 847 819 882 strenue
841 846 992 882 functos
1013 857 1111 890 esse3
1135 846 1300 884 consiliis
1319 849 1473 894 optimis
1494 861 1713 895 prosperum

168 893 331 930 defuisse
357 895 554 939 eventum,
580 894 883 940 quandoquidem
910 894 981 930 diis
1007 894 1057 930 sit
1082 894 1194 931 aliter
1219 895 1360 942 visum,
1387 897 1433 932 cf.
1460 907 1556 941 quae
1582 898 1712 944 legun·

165 941 228 977 tur
251 941 292 977 in
317 952 368 979 or.
395 941 441 978 de
468 953 606 978 corona
631 946 650 985 ἓ
677 945 757 979 208.

166 1061 344 1097 adversus
370 1060 515 1098 Stoicos
547 1061 741 1108 disputata
772 1063 871 1108 sunt)
902 1058 997 1098 ἀλλὰ
1035 1059 1130 1108 τάχα
1164 1059 1211 1109 δή
1245 1060 1286 1100 τὸ
1321 1062 1538 1112 ἐπίγραμμα
1569 1062 1710 1111 ἀληθέ-

165 1121 297 1154 στερον
324 1136 331 1144 .
354 1137 360 1144 .
384 1137 391 1144 .
418 1109 483 1145 καὶ
508 1107 580 1155 γὰρ
617 1114 695 1150 τοῖς
725 1112 834 1151 θεοῖς
865 1108 994 1156 μόνοις
1025 1107 1067 1147 τὸ
1101 1109 1227 1147 πάντα
1259 1114 1480 1158 κατορθοῦν
1511 1110 1709 1159 ἀπονέμει.

166 1156 232 1202 qui
257 1156 410 1202 quidem
435 1168 511 1193 non
537 1157 880 1194 curavitadditum
907 1155 948 1194 ἐν
975 1159 1092 1207 βιοτῇ.

260 1204 296 1250 *)
321 1205 476 1241 Prorsus
502 1205 550 1242 ad
575 1206 733 1242 eundem
768 1205 918 1242 modum
944 1206 1040 1243 Bion
1070 1207 1110 1243 in
1142 1207 1328 1243 Bucolicis
1360 1220 1420 1255 ap.
1449 1209 1576 1246 Orion.
1603 1213 1636 1254 5,
1666 1214 1706 1245 11

163 1249 289 1288 πάντα
326 1253 424 1289 θεοῦ
462 1250 500 1299 γ’
538 1250 740 1295 ἐθέλοντος
774 1250 942 1300 ἄνύσιμα
974 1253 1135 1301 (corrigo
1173 1251 1406 1302 ἄμεύσιμα
1441 1257 1464 1293 i.
1498 1269 1530 1293 e.
1561 1258 1707 1303 pervia)

163 1298 289 1336 πάντα
315 1301 521 1349 βροτοῖσιν·
548 1298 591 1338 ἐκ
618 1299 799 1348 μακάρων
831 1299 902 1348 γὰρ
937 1299 1058 1352 ῥ’ᾇστα
1090 1302 1155 1338 καὶ
1182 1301 1251 1339 οὐκ
1283 1301 1463 1340 ἀτέλεστα
1494 1307 1579 1351 (sor.
1608 1302 1707 1341 ε’πί-

163 1349 317 1394 ελπτα)
354 1347 502 1394 γένοιτο
535 1350 610 1395 (vel
642 1348 814 1395 γένοντο)
847 1362 959 1395 quam
995 1351 1221 1387 sententiam
1260 1351 1327 1388 alii
1359 1352 1566 1389 modestius
1603 1352 1707 1390 effati

153 1397 251 1431 sunt
277 1396 380 1432 velut
404 1395 610 1443 Aeschylus
637 1398 738 1444 Sept.
767 1401 835 1434 625
861 1399 959 1434 θεοῦ
985 1397 1029 1434 δὲ
1055 1395 1181 1444 δῶρόν
1207 1396 1308 1435 ἐστιν
1335 1397 1510 1447 εὐτυχεῖν
1536 1399 1703 1448 βροτούς.

163 1444 358 1488 Aristides,
386 1445 450 1490 qui
475 1456 527 1481 or.
554 1449 598 1481 31
627 1445 684 1492 (T.
714 1447 729 1481 l
755 1449 839 1491 592)
866 1446 1068 1492 prudenter
1100 1458 1145 1482 ea
1176 1447 1222 1483 de
1254 1459 1293 1484 re
1325 1449 1510 1495 disputat,
1542 1450 1707 1496 elogium

168 1492 269 1528 haud
295 1492 408 1528 dubie
434 1493 599 1539 respexit
622 1494 794 1538 quamvis
820 1506 893 1530 non
918 1494 1178 1530 nominaverit.
1230 1495 1336 1532 Adde
1368 1498 1552 1533 incertum
1579 1499 1705 1534 aucto-

163 1550 242 1575 rem
267 1540 367 1586 apud
395 1540 495 1576 Suid.
523 1553 558 1576 v.
585 1538 835 1587 συγγνώμονα
861 1541 939 1587 (ubi
959 1540 1152 1578 ,κολούει
1178 1543 1459 1590 corrigendum,
1490 1558 1525 1581 v.
1552 1543 1704 1585 κωλύει)

165 1585 206 1623 τὰ
234 1586 305 1634 μὲν
331 1587 452 1638 μηδὲν
477 1585 662 1635 ἁμαρτεῖν
687 1590 787 1637 θεοῦ
815 1587 893 1626 ἐστι
918 1589 983 1625 καὶ
1008 1587 1134 1626 πάντα
1161 1592 1396 1636 κατορθοῦν’
1429 1591 1636 1639 ἅνθρωπος
1662 1593 1702 1630 δὲ

163 1632 233 1671 οὐκ
259 1631 308 1671 ἂν
344 1637 444 1672 εἴποι
477 1633 539 1672 ἐπ’
574 1633 723 1682 οὐδενί,
756 1633 814 1674 ὅτι
847 1635 896 1684 μὴ
923 1639 1095 1674 πείσεται
1127 1636 1215 1675 τόδε
1249 1654 1293 1675 τι.
1328 1642 1460 1686 μυρίαι
1490 1639 1562 1687 γὰρ
1595 1642 1707 1688 κῆρες

160 1680 252 1729 ἡμῖν
279 1680 483 1730 ἐφεστᾶσιν
509 1681 553 1720 οῦ
580 1682 698 1731 μόνον
722 1683 910 1730 θανάτου,
935 1682 1030 1721 ἄλλα
1056 1686 1121 1721 καὶ
1147 1688 1276 1723 κακῶν
1300 1686 1433 1726 ἄλλων.
1467 1690 1528 1725 oui
1552 1690 1704 1735 quidem

163 1730 417 1768 Simonideum
432 1743 582 1768 carmen
594 1732 730 1778 potius,
751 1745 863 1778 quam
882 1733 978 1769 illud
998 1733 1165 1779 elogium
1184 1735 1333 1772 videtur
1352 1737 1592 1774 obversatum
1613 1749 1704 1774 esse.

257 1779 313 1825 **)
346 1781 453 1816 θεῶν
486 1780 524 1816 in
558 1780 830 1827 epigrammate
861 1781 949 1818 libri
981 1792 1128 1826 omnes,
1161 1783 1227 1829 qui
1259 1783 1412 1829 quidem
1444 1784 1610 1832 elogium
1642 1797 1703 1822 ex-

161 1826 311 1871 hibent,
330 1827 435 1863 *infra
460 1832 528 1864 290
555 1829 766 1875 complures
799 1830 917 1874 (velut
941 1829 975 1864 K
1002 1833 1022 1865 5
1048 1830 1145 1876 Aug.
1174 1835 1192 1867 1
1228 1831 1338 1868 Vind.
1368 1837 1406 1878 1,
1434 1833 1499 1880 qui
1524 1833 1704 1870 omittunt

161 1875 341 1921 elogium)
365 1876 476 1921 θεοῦ,
503 1877 568 1912 sed
594 1878 631 1912 Σ
657 1882 673 1912 1
701 1880 815 1922 θεον,
842 1889 934 1914 corr.
961 1877 1086 1921 θεῶν,
1111 1879 1203 1915 item
1229 1879 1358 1918 Liban.
1386 1892 1443 1927 ep.
1474 1885 1566 1917 1554
1590 1883 1703 1927 θεοῦ,

162 1934 257 1968 quae
283 1923 431 1959 videtur
455 1925 637 1961 correctio
663 1927 817 1972 propter
843 1924 979 1971 ἔπορεν
1005 1926 1107 1962 facta
1139 1938 1237 1974 esse,
1270 1929 1336 1964 sed
1362 1929 1500 1966 rectius
1535 1928 1701 1975 ἔπορον

160 1970 227 2007 alii
260 1971 410 2009 librarii
450 1973 761 2010 emendaverunt:
802 1973 1058 2010 duriusculum
1095 1973 1195 2011 enim
1239 1977 1467 2023 singularem
1507 1990 1700 2015 numerum

159 2018 258 2054 tueri
283 2019 416 2056 alienis
442 2019 633 2067 exemplis
