1890 3216
828 780 1092 857 Ι1111111111.
1678 826 1747 860 635

655 931 1306 982 PARRHASIUS.

965 1075 1000 1116 1.

283 1163 589 1221 Ἅβροδίαιτος
620 1164 756 1224 ἀνήρ,
788 1164 954 1223 ἀρετὴν
986 1166 1035 1210 δὲ
1068 1167 1212 1224 σέβων
1243 1166 1343 1211 τάδ’
1380 1170 1572 1226 ἔγραψεν

350 1236 630 1294 Παρράσιος,
662 1240 839 1294 κλεινῆς
870 1241 1083 1295 πατρίδος
1115 1239 1158 1291 ἐξ
1186 1236 1388 1296 Ἐφέσου.

291 1307 397 1352 οὐδὲ
428 1309 593 1367 πατρὸς
624 1309 834 1367 λαθόμην
866 1307 1121 1367 Εὐήνορος,
1155 1308 1203 1362 ὅς
1235 1309 1291 1366 ῥά
1324 1309 1369 1368 μ’
1405 1313 1542 1368 ἔφυσε

350 1380 560 1437 γνήσιον,
585 1379 813 1438 Ἑλλήνων
844 1383 996 1438 πρῶτα
1028 1381 1226 1437 φέροντα
1256 1382 1423 1438 τέχνης.

315 1559 595 1595 Parrhasius.
640 1559 707 1605 Ep.
736 1564 766 1594 1.
810 1559 946 1597 Athen.
973 1560 1039 1595 XII
1066 1560 1176 1596 5430
1204 1571 1248 1596 ex
1275 1559 1471 1596 clem-:cho
1500 1554 1610 1602 οὗτος
1629 1562 1752 1618 (Παρ-

220 1606 360 1652 ράσιος)
387 1606 459 1664 γὰρ
485 1605 587 1654 παρὰ
615 1608 725 1668 μέλος
748 1605 845 1652 ὑπὲρ
872 1605 940 1653 τὴν
966 1605 1164 1665 γραφικὴν
1183 1620 1378 1653 τρυφησας
1403 1605 1500 1666 λόγῳ
1526 1609 1591 1654 τῆς
1616 1605 1754 1668 ἀρετῆς

219 1653 525 1713 ἄντελαμβανετο
553 1655 639 1713 καὶ,
664 1653 856 1700 ἐπέγραψε
895 1659 972 1696 τοῖς
1010 1652 1079 1691 ὑπ’
1117 1653 1234 1691 αυτοῦ
1276 1654 1574 1713 ἐπιτελουμένοις
1615 1654 1770 1713 ἔργοις·’

219 1701 462 1763 ἁβροδίαιτος
487 1700 584 1748 ἀνήρ
617 1699 754 1761 αρετήν
782 1716 819 1738 τε
847 1701 966 1750 σέβων
998 1700 1080 1738 τόδ’
1109 1702 1270 1759 ἔγραψε
1309 1704 1378 1738 καί
1405 1717 1460 1744 τις
1491 1700 1754 1763 ὑπεραλγήσας

223 1748 285 1786 ἐπὶ
317 1748 435 1809 τούτῳ
468 1749 708 1807 παρέγραψε,
739 1748 1019 1796 Ραβὸοδίαιτος
1051 1747 1160 1796 ἀνήρ.
1212 1748 1403 1796 ἐπέγραψε
1437 1751 1479 1786 δε
1513 1749 1576 1786 ἐπὶ
1607 1751 1752 1787 πολλῶν

221 1797 340 1844 ἔργων
365 1797 486 1834 αὑτοῦ
512 1799 578 1834 καὶ
602 1796 712 1833 τάδε·
734 1795 873 1845 Αβροὸ.
900 1801 974 1834 κτλ.
1021 1799 1062 1834 Ο.
1090 1798 1182 1834 Iahn
1209 1810 1292 1834 cum
1316 1798 1373 1833 his
1399 1800 1561 1842 quatuor
1587 1798 1752 1835 versibus

220 1846 397 1881 continuo
431 1846 718 1882 consociandum
750 1857 830 1881 esse
863 1848 989 1881 censet
1020 1846 1230 1891 proximum
1264 1845 1497 1899 epiglamma
1528 1851 1566 1891 2,
1605 1846 1753 1892 longius

220 1905 438 1939 plmoglessus
465 1894 655 1929 Benndoif
678 1895 734 1929 his
760 1894 950 1939 subiungit
975 1894 1090 1929 etiam
1116 1906 1172 1939 ep.
1200 1898 1238 1937 3,
1271 1894 1343 1929 nisi
1376 1893 1477 1938 quod
1502 1894 1648 1939 aliquot
1671 1906 1752 1930 ver-

220 1953 280 1976 sus
312 1941 546 1977 intercidisse
579 1941 748 1987 largitur.
799 1942 875 1977 Has
908 1942 1141 1976 coniecturas
1168 1953 1190 1977 a
1215 1953 1302 1976 vero
1330 1941 1501 1976 aberrare
1527 1942 1588 1978 vel
1611 1941 1753 1977 Plinius

219 1989 378 2034 indicat,
411 1989 514 2024 cuius
547 1989 669 2024 locum
703 1989 750 2024 ad
778 2000 833 2034 cp.
861 1993 882 2024 3
909 1989 1106 2034 adscripsi,
1142 1988 1206 2033 qui
1238 2000 1322 2024 cum
1354 1988 1456 2024 dicat
1481 1989 1568 2024 aliis
1593 1990 1754 2025 versibus

221 2037 273 2079 (iu
298 2048 434 2080 graeco
460 2037 572 2082 libro,
605 2048 678 2081 quo
710 2049 798 2071 usus
823 2038 879 2072 est
903 2036 1064 2081 Plinius,
1098 2037 1198 2072 haud
1230 2036 1341 2072 dubie
1374 2036 1554 2081 scriptum
1585 2036 1658 2072 fuit
1689 2037 1752 2072 καὶ

222 2082 263 2120 ἐν
290 2083 444 2129 ἄλλοις),
473 2084 640 2120 ostendit
664 2085 755 2120 haec
781 2084 929 2120 diversa
954 2095 1034 2120 esse
1060 2084 1344 2130 epigrammata.
1373 2105 1416 2109 -—
1446 2084 1490 2119 V.
1518 2089 1548 2119 1.
1577 2096 1648 2120 om.
1675 2085 1749 2122 PV.

222 2153 265 2157 —
299 2130 340 2167 δὲ
369 2132 516 2177 scripsi,
552 2132 749 2178 legebatur
774 2144 824 2167 τε.
875 2132 1059 2167 Videntur
1089 2132 1286 2167 Parrhasio
1318 2132 1618 2178 exprobravisse,
1653 2133 1754 2178 quod

222 2180 422 2215 delicatam
455 2181 586 2225 ageret
615 2179 733 2215 vitam
759 2182 797 2215 et
822 2180 921 2224 quod
953 2179 1100 2225 spurius
1134 2181 1248 2224 esset,
1280 2179 1407 2224 itaque
1439 2179 1498 2215 his
1528 2180 1683 2225 regerit,
1715 2191 1754 2215 se

221 2227 382 2263 delicate
411 2228 562 2272 quidem
588 2227 730 2271 vivem,
758 2227 823 2263 sed
849 2227 1026 2263 virtutem
1053 2228 1193 2272 coler,e
1219 2227 1311 2262 item
1330 2226 1510 2262 Euenoris
1535 2238 1754 2272 germanum

222 2275 339 2310 filium
373 2286 461 2310 esse.
499 2297 543 2301 —
581 2272 668 2310 τάδ’
698 2274 866 2321 ἔγραψεν
893 2275 967 2331 (vel
992 2277 1058 2319 ψε)
1085 2275 1164 2319 ΑΒ,
1201 2277 1239 2310 et
1269 2274 1320 2309 sic
1351 2274 1447 2310 infra
1473 2274 1540 2309 XV
1566 2286 1601 2318 p.
1629 2275 1754 2318 687Β,

224 2322 290 2357 ubi
310 2319 432 2370 Αβρ..
486 2320 738 2368 .Παρρασιος
761 2320 1006 2367 31110111,τάὸε
1033 2320 1155 2368 γραψε
1182 2323 1230 2367 L,
1262 2321 1327 2358 sed
1358 2325 1470 2358 antea
1499 2319 1581 2358 τόδ’
1611 2302 1754 2368 ἔγραψέ

227 2381 364 2406 omnes.
416 2370 456 2406 O.
484 2371 549 2406 Iah
552 2383 577 2406 n
610 2370 788 2417 ἔγραψα
818 2370 992 2416 requirit,
1028 2371 1253 2430 poteratque
1291 2370 1361 2406 hoc
1391 2381 1414 2405 a
1445 2369 1606 2406 librariis
1642 2370 1754 2406 facile

228 2418 384 2462 mutari,
421 2418 723 2472 quandoquidem
755 2418 854 2464 apud
879 2418 1115 2454 Athenaeum
1141 2415 1334 2463 ἐπέγραψε
1361 2418 1399 2452 et
1424 2414 1615 2463 ἐπέγραψε
1649 2421 1756 2454 ante-

227 2465 343 2509 cedit,
381 2465 509 2510 itaque
546 2466 628 2512 ipse
659 2477 806 2511 quoque
837 2466 909 2501 hoc
940 2466 1147 2511 suspicatus
1179 2477 1276 2508 sum,
1315 2465 1380 2500 sed
1411 2465 1559 2501 silentio
1591 2467 1754 2511 praeter·

227 2513 377 2549 mittere
403 2513 518 2548 satius
545 2514 649 2549 duxi:
689 2514 811 2549 solent
842 2513 940 2548 enim
967 2513 1098 2549 Graeci
1129 2513 1222 2548 haec
1253 2512 1413 2555 variare,
1446 2512 1548 2548 velut
1574 2515 1630 2548 est
1654 2513 1754 2558 apud

229 2561 526 2618 Thucyd.1128:
554 2562 777 2602 Παυσανίας
802 2558 821 2596 ὁ
847 2557 999 2619 ᾑγεμών
1019 2557 1197 2618 Σπάρτης
1222 2557 1356 2595 τούσδε
1382 2558 1423 2595 τέ
1448 2572 1506 2595 σοι
1532 2562 1755 2605 χαρίζεσθαι

229 2607 456 2656 βουλόμενος
482 2605 701 2655 αποπέμπει
733 2608 816 2654 δορὶ
843 2605 936 2644 ἕλών
962 2608 1027 2643 καὶ
1052 2606 1203 2653 γνώμην
1226 2607 1419 2653 ποιοῦμαι.
1470 2607 1530 2642 0111
1554 2608 1666 2653 plane
1690 2619 1755 2654 ge-

227 2657 371 2691 minum
409 2657 619 2702 exemplum
655 2658 759 2692 extat
792 2656 891 2702 apud
927 2656 1095 2713 Xenoph.
1120 2655 1266 2691 Hellen.
1294 2655 1325 2689 V
1353 2658 1392 2699 1,
1418 2658 1480 2690 31:
1522 2652 1755 2701 Ἀρταξέρξης

231 2701 405 2758 βασιλευς
430 2706 572 2750 νομίζει
599 2705 749 2740 δίκαιον
775 2731 784 2739 .
811 2732 818 2739 .
846 2732 853 2739 .
880 2701 1027 2744 τούτοις
1059 2700 1130 2748 ἐγὼ
1162 2699 1371 2748 πολεμήσω.
1420 2701 1505 2738 Non
1531 2703 1621 2738 satis
1647 2706 1754 2739 caute

229 2751 274 2787 de
306 2751 364 2786 his
396 2752 539 2787 iudicat
570 2753 688 2788 Cobet
713 2752 814 2787 Lect.
841 2751 935 2787 Nov.
964 2755 1030 2787 197
1046 2762 1121 2795 seq.
1148 2754 1235 2793 221,
1267 2749 1332 2785 ubi
1364 2750 1423 2785 vel
1447 2750 1755 2807 Aristophanium

229 2810 377 2833 versum
410 2800 570 2835 Acharn.
597 2804 683 2835 406·
729 2797 973 2839 Δικαιόπολις
1003 2801 1116 2834 καλεῖ
1141 2810 1180 2833 σε
1208 2798 1410 2842 Χολλείδης
1439 2794 1532 2854 ἐγώ,
1564 2798 1628 2842 qui
1659 2798 1755 2834 inte·

229 2848 411 2902 geri-imus
438 2849 510 2891 est,
541 2848 715 2883 tentavit.
748 2868 791 2872 —
824 2847 867 2882 V.
894 2851 926 2882 3.
952 2843 1144 2903 λαθόμην,
1178 2845 1220 2881 Ο.
1246 2845 1339 2880 lahn
1363 2842 1536 2890 λιπόμην.
1564 2866 1607 2871 -
1640 2841 1682 2886 ὅς
1707 2842 1754 2891 ῥά

229 2889 270 2938 μ’
299 2892 414 2938 ἔφυσε
436 2875 624 2937 Meineke,
651 2890 693 2935 ὃς
718 2891 887 2939 (ἐνέφυσε
909 2894 989 2937 ΑΒ,
1016 2891 1057 2934 ός
1081 2907 1102 2939 γ
1147 2890 1315 2938 ανέφυσε
1337 2892 1444 2936 PVL,
1470 2893 1600 2929 Iacobs
1626 2906 1670 2934 ος
1693 2906 1754 2928 νιν

230 2939 382 2986 ἐἍφυσεν
428 2941 605 2978 Consulto
630 2956 651 2978 ν
677 2942 820 2988 ephelc.
848 2953 921 2978 non
947 2923 1077 2978 adieci.
1106 2962 1148 2966 —
1175 2941 1218 2976 V.
1245 2944 1277 2976 4.
1305 2941 1451 2986 πρῶτα,
1477 2940 1506 2975 Β
1532 2937 1625 2986 πρὸς
1649 2938 1705 2976 τά.
