1890 3216
241 141 328 183 512
835 138 1184 187 IAMBOGRAPJJI.

239 246 374 294 κρατός
400 247 548 283 adiecit.
575 267 621 272 —
646 246 690 280 V.
717 249 750 280 4.
778 243 943 292 καλύψῃ,
968 245 1074 290 Toup
1101 244 1259 291 χαλέψῃ,
1286 243 1491 280 Schneider
1515 244 1675 294 κολάψῃ,
1703 258 1775 294 ego

239 293 407 341 σκολύψῃ
434 294 584 330 conieci.
631 294 710 328 Ten
737 293 852 328 Brink
878 293 916 327 in
941 294 1180 328 tetrametros
1204 292 1367 350 redegit:
1396 289 1601 339 Φεύγωμεν
1622 291 1665 329 ἐκ
1683 307 1775 339 προ-

239 341 378 386 σώπου,
404 339 453 387 μὴ
481 339 679 387 συμπεσών
699 337 718 375 ὁ
742 339 905 387 πρέσβυς
926 336 1029 386 Οὗλῃ
1050 337 1136 375 κατ’
1159 336 1280 380 εὐθὺς
1299 338 1420 385 ημέας
1441 341 1596 387 βατηρίῃ
1616 339 1774 388 χαλέψῃί

333 389 505 424 Herodae
536 399 671 423 nomen
706 387 854 423 videtur
879 387 1151 422 restituendum
1184 387 1284 433 apud
1314 388 1470 432 Diogen.
1497 388 1603 424 Prov.
1631 387 1683 424 VI
1707 392 1774 425 47:

239 435 386 482 Χρυσὸς
406 434 425 471 ὁ
446 434 706 480 Κολοφώνιος·
734 433 920 481 μέμνηται
944 432 1082 480 ταύτης
1103 431 1367 480 Ἀριστοφάνης
1394 432 1435 470 ἐν
1460 432 1646 483 Κωκάλῳ·
1673 437 1774 482 εἴρη-

239 498 300 519 ται
326 483 379 528 δέ,
406 481 574 529 παρόσον
601 481 640 518 οἴ
663 480 902 527 Κολοφώνιοι
927 480 992 517 τὸν
1018 479 1214 518 κάλλιστον
1240 482 1379 528 χρυσὸν
1412 479 1641 528 ἐργάζεσθαι
1671 484 1776 530 νομί-

240 534 383 575 ζονται·
410 531 474 566 καὶ
493 527 736 575 ἹΙρόδοτος
756 529 798 566 δὲ
819 528 1066 575 Κολοφώνιον
1093 527 1231 576 χρυσὸν
1251 528 1318 565 τὸν
1338 527 1532 565 κάλλιστον
1551 529 1661 576 λέγει.
1687 542 1776 566 nam

239 579 450 614 Herodotus
475 578 570 613 nihil
595 578 639 613 de
666 588 710 613 ea
734 589 774 613 re
806 578 1007 613 memoriae
1040 578 1207 623 protulit.
1251 578 1382 623 Neque
1408 589 1495 613 vero
1522 577 1568 613 de
1594 578 1674 614 auri
1699 590 1775 614 me-

238 626 341 662 tallis
368 626 626 671 cogitandum3
658 636 745 660 nam
772 625 804 660 si
837 624 1154 671 Colophoniorum
1180 636 1270 670 ager
1295 636 1384 660 auro
1411 625 1649 671 abundasset,
1674 625 1776 661 haud
1828 627 1830 629 ’

239 675 349 709 dubie
376 674 497 709 aureis
523 673 683 708 nummis
709 673 768 708 usi
793 675 937 717 essent,
963 673 1027 717 qui
1051 684 1126 708 non
1151 675 1281 708 extant]
1306 673 1393 716 (vid.
1415 673 1442 708 Ι.
1462 672 1619 708 Brandis
1641 674 1775 709 Μᾶκε-

238 733 352 757 wese‘n
392 732 463 756 von
502 721 742 756 Vorderasien
774 733 809 766 p.
830 722 945 764 324),
987 720 1052 756 sed
1084 721 1258 755 laudatur
1289 720 1351 755 hic
1388 720 1546 766 insignis
1584 720 1777 756 aurificum

240 768 552 814 Colophoniorum
579 779 702 813 opera.
726 789 766 793 -
788 768 958 804 Herodae
984 768 1069 804 fort.
1096 770 1193 803 sunt*
1208 779 1353 811 versus,
1379 779 1472 813 quos
1498 767 1685 803 Leonidae
1710 768 1776 804 tri-

239 816 323 851 buit
337 816 439 852 Stob.
458 815 555 850 CXX
568 820 588 850 9
603 816 777 851 Λεωνίδα
792 815 930 861 (Trinc.
945 817 1166 860 Λεωνίδου),
1180 816 1222 850 uf,
1239 815 1474 851 scribendum
1489 815 1538 850 sib
1558 812 1604 850 Ἡ
1609 829 1629 861 ρ
1639 813 1667 850 ὦ
1677 816 1773 852 νδοι.

240 875 466 909 quamquam
493 863 682 899 Leonidae
707 875 839 899 nomen
867 863 981 898 etiam
1007 863 1164 898 Photius
1189 863 1284 898 Bibl.
1312 874 1511 908 agnoscere
1539 863 1702 898 videtur:

526 931 712 980 Εὔθυμος
737 928 789 969 ὧν
816 933 942 980 ἔρεσσε
969 932 1037 979 τὴν
1064 931 1126 970 ἐπ’
1150 930 1266 974 'Amos

523 979 695 1027 ἀταρπὸν
722 981 862 1028 ἕρπων·
890 979 934 1018 οὗ
959 981 1030 1028 γάρ
1058 979 1136 1018 ἐστι
1161 979 1359 1026 δύσβατος,

526 1027 616 1066 οὐδὲ
644 1027 830 1074 σκαληνὸς
855 1026 940 1065 οὐδ’
970 1027 1140 1070 ἐνίπλεος
1164 1027 1323 1075 πλάνης,

525 1077 632 1113 ἰθεῖα
658 1074 695 1112 δ’
722 1071 744 1124 ᾗ
773 1075 930 1123 μάλιστα
955 1077 1021 1113 καὶ.
1045 1075 1271 1122 κατακλινὴς

525 1121 675 1170 ἅπασα,
700 1123 772 1170 κήκ
799 1122 1018 1171 μεμυκότων
1044 1122 1257 1171 πορεύεται.

241 1198 284 1234 V.
313 1201 331 1232 1
359 1191 411 1232 ὦν
443 1195 572 1243 scripsi
607 1208 675 1242 pro
708 1193 760 1231 ὧν
795 1196 882 1242 (nisi
912 1197 1080 1242 praestat
1111 1194 1280 1241 εὔθυμος
1311 1189 1424 1240 ὦνερ
1458 1193 1597 1240 ἕσσο),
1629 1197 1667 1232 οὓ
1692 1207 1727 1233 v.
1753 1201 1774 1232 3

242 1243 412 1286 ἔνίπλεος
437 1255 504 1291 pro
532 1241 726 1289 ἒνίπλεως,
753 1246 791 1279 et
815 1256 849 1279 v.
876 1249 898 1279 4
924 1240 960 1279 δ’
989 1238 1011 1291 ᾗ
1040 1255 1123 1279 cum
1148 1243 1316 1279 Iacobsio
1343 1245 1380 1279 ef,
1404 1242 1592 1279 Meinekio
1620 1255 1688 1289 pro
1715 1241 1775 1289 δή.

242 1292 758 1377 ξῇεῗοξθῑῃὶΐοὲθῖξίἶοῃίᾱὶ
789 1292 993 1337 Amorgino
1025 1288 1242 1328 vindicavit.
1270 1311 1312 1318 —
1346 1291 1488 1327 Herodi
1519 1290 1653 1327 tribuit
1675 1291 1774 1338 Apo-

529 1412 654 1457 Γῆρας
677 1411 743 1446 καὶ
767 1412 892 1456 πενία,
919 1409 988 1447 δύο
1014 1408 1209 1457 τραύματα
1235 1407 1537 1457 δυσθεράπευτα.

243 1495 353 1529 quem
379 1483 562 1519 Antonius
588 1483 674 1519 Mel.
701 1483 864 1528 Philoni,
890 1482 1075 1518 Maximus
1101 1483 1308 1519 Democrito
1332 1481 1476 1518 tribuit.
