1890 3216
198 206 282 248 132
730 206 922 242 POETAE
950 205 1186 243 ELEGIACI.

197 327 262 358 145
290 313 461 358 Βούλεο
496 312 536 357 δ’
573 311 792 369 εὐσεβέων
825 312 993 370 ὀλίγοις
1024 312 1110 358 σὺν
1141 312 1362 371 χρήμασιν
1396 316 1550 370 οἰκεῖν,

348 383 375 442 ἢ
408 390 639 440 πλουτεῖν,
673 382 837 437 ἀδίκως
868 384 1070 442 χρήματα
1102 383 1366 441 πασάμενος.

293 458 341 501 ἐν
374 456 423 500 δὲ
456 456 719 513 δικαιοσύνῃ
755 451 1150 512 συλλήβδηνπᾶσ’
1187 454 1319 513 ἀρετή
1349 454 1484 512 ’στιν,
1660 469 1730 502 494

349 530 434 579 πᾶς
467 528 519 571 δέ
546 525 585 570 τ’
622 525 740 584 ἀνὴρ
773 525 967 583 ἀγαθός,
1000 526 1175 585 Κύρνε,
1207 529 1378 580 δίκαιος
1411 527 1510 574 ἐών.

291 670 506 729 Χρήματα
537 670 618 728 μὲν
652 673 825 727 δαίμων
857 669 930 713 καὶ
962 669 1172 730 παγκάκςο
1205 668 1338 728 ἀνδρὶ
1371 674 1580 729 δίδωσιν,

196 755 263 787 150
348 740 517 798 Κύρν’”
551 740 709 800 ἀρετῆς
741 739 782 785 δ’
818 739 986 798 ὀλίγοις
1018 739 1211 799 ἀνδράσι
1243 740 1363 800 μοῖρ’
1399 743 1556 789 ἕπεται.

278 884 456 943 ’Τβριν,
489 886 663 943 Κύρνε,
695 883 803 937 θεὸς
833 887 1011 943 πρῶτον
1042 883 1183 929 κακὸν
1216 884 1393 930 ω’πασεν
1426 884 1581 947 ἀνδρί,

350 957 405 1001 οὐ
437 957 585 1014 μέλλει
617 955 767 1016 χώρην
800 958 1021 1013 μηδεμίαν
1052 957 1253 1013 θέμεναι.

195 1113 307 1148 τοῦτο
342 1108 560 1169 Θεόγνιδος
595 1112 741 1156 εἴρηται
772 1110 815 1146 δὲ
853 1107 986 1151 οὕτως’
1021 1109 1203 1157 βούλομαι
1234 1108 1272 1146 δ’
1309 1105 1351 1147 εὖ
1385 1109 1484 1169 μαλα
1518 1111 1653 1159 σεμνὸς
1679 1111 1731 1152 ὄλ.

196 1187 203 1194 .
235 1190 241 1196 .
275 1156 417 1199 ἀδίκως
454 1157 626 1205 χρήματα
663 1157 907 1204 κεκτημένος·
947 1156 986 1194 ἐν
1019 1158 1061 1195 δὲ
1101 1157 1323 1206 δικαιοσύνῃ
1365 1157 1590 1219 συλλήβδην
1605 1162 1733 1197 πᾶσαν

196 1204 336 1266 ἀρετὴν
376 1205 487 1242 εἶναι.
542 1207 634 1242 1138111
667 1206 716 1243 ib.
756 1207 789 1241 V
821 1210 889 1241 356
928 1218 972 1242 ex
1011 1207 1091 1242 cod.
1127 1207 1241 1242 Oxon.
1281 1207 1345 1242 ubi
1381 1205 1514 1265 βούλεο
1552 1205 1590 1243 δ’
1627 1206 1732 1245 εὗσε-

199 1254 325 1303 βέως.
348 1283 355 1290 .
377 1283 384 1290 .
411 1251 659 1311 πασάμενος.
711 1254 843 1289 .πᾶσα
869 1251 994 1299 αρετή.
1024 1275 1067 1279 -—
1100 1254 1137 1288 V.
1162 1258 1239 1290 145.
1267 1251 1465 1301 εὐσεβέων,
1492 1252 1732 1304 εὐσεβέωςς.

196 1324 239 1329 —-
266 1303 310 1338 V
334 1307 415 1338 146.
441 1299 660 1348 πασάμενος
692 1301 858 1344 Brunck,
890 1301 978 1337 libri
1009 1314 1259 1347 πασσαμενος.
1293 1323 1336 1328 -
1372 1302 1413 1338 V.
1442 1307 1521 1338 147.
1550 1307 1617 1339 148
1644 1315 1732 1341 con-

194 1350 298 1386 iunxi
330 1361 413 1385 cum
445 1350 671 1395 praegressis
691 1330 878 1384 Brunckio
904 1351 1124 1395 praeeunte:
1150 1350 1244 1385 illud
1264 1349 1363 1385 enim
1382 1353 1624 1396 praeceptum
1645 1353 1732 1388 sub-

197 1399 363 1434 secutam
392 1409 470 1433 esse
502 1397 668 1432 iustitiae
693 1397 842 1432 laudem
873 1398 1023 1442 praeter
1047 1397 1142 1432 illud
1168 1397 1336 1433 scholion
1363 1398 1621 1434 Aristoteliam
1647 1411 1732 1435 8011-

195 1446 321 1481 firmat
351 1445 465 1480 etiam
498 1444 607 1480 Isocr.
646 1445 692 1479 ad
724 1444 914 1480 Demonic.
949 1448 1011 1479 38:
1056 1444 1240 1479 Μᾶλλον
1273 1441 1507 1490 ἀποδέχου
1540 1447 1732 1482 δικαίαν

196 1494 364 1529 πενίαν
377 1490 420 1549 ἢ
453 1493 653 1528 πλοῦτον
686 1489 868 1527 ἄδικον·
901 1490 1065 1537 τοσούτῳ
1092 1489 1164 1550 γὰρ
1190 1494 1370 1537 κρείσσων
1396 1491 1620 1550 δικαιοσύνη
1646 1508 1733 1552 χρη·
1761 1486 1774 1499 “

197 1539 346 1587 μάτων,
374 1536 449 1586 ὅσῳ
475 1554 520 1575 τα
548 1540 617 1586 μέν
643 1540 786 1583 ζῶντας
811 1537 929 1585 μόνον
955 1530 1111 1585 ὠφελεῖ,
1137 1537 1160 1585 ἡ
1188 1538 1230 1576 δὲ
1258 1539 1322 1574 καὶ
1347 1538 1590 1586 τελευτήσασι
1615 1540 1733 1586 δόξαν

197 1578 480 1633 παρασκευάζει
504 1591 579 1623 κτλ.
602 1609 644 1613 -
672 1588 715 1622 V.
746 1591 811 1623 147
840 1586 952 1623 affert-
976 1587 1169 1623 Aristotel.
1189 1587 1274 1622 Eth.
1301 1586 1382 1624 Nic.
1404 1588 1437 1622 V
1457 1592 1494 1623 3:
1521 1589 1586 1623 καὶ
1605 1602 1680 1634 παρ
1683 1603 1734 1625 οι-

199 1634 425 1682 μιαζόμενοί
448 1645 592 1681 φαμεν·
621 1632 662 1670 ἐν
689 1634 730 1671 δε
759 1637 831 1670 δικ.
859 1638 938 1692 κτλ,
984 1636 1080 1670 Usus
1106 1627 1239 1670 eodem
1259 1646 1367 1670 versu
1385 1637 1428 1671 ut
1447 1635 1594 1671 videtur
1618 1636 1733 1672 etiam

201 1683 441 1729 phocylides,
464 1683 538 1719 vid.
565 1683 608 1718 fr.
638 1687 691 1718 11.
719 1703 763 1708 —
789 1680 837 1726 ἄρ
818 1679 904 1727 ρετή
927 1679 1043 1728 ’στιν,
1069 1679 1184 1728 (ἰρετή
1212 1680 1289 1718 ἐστι
1315 1683 1496 1740 Abfgmn,
1522 1679 1627 1729 ἀρέτ’
1657 1682 1735 1720 ἐστι

199 1731 228 1766 O
255 1733 327 1776 (ap.
355 1731 508 1766 Aristot.
539 1729 699 1765 KblbOb
725 1729 812 1773 ἐνι,
839 1730 954 1765 ceteri
981 1711 1088 1787 ἐστί).
1115 1751 1162 1756 -
1191 1730 1230 1766 V.
1260 1734 1337 1766 150.
1365 1727 1483 1788 Κύρν’
1496 1741 1503 1749 ·
1531 1732 1667 1789 αρετῆς
1691 1729 1728 1767 δ’

198 1782 337 1824 ολιγοις
362 1776 527 1822 α’νδρασι
551 1774 653 1823 μοῖρ’
683 1776 815 1813 ἕπεται
833 1777 878 1820 A,
900 1777 1014 1813 ceteri
1033 1774 1055 1822 ἡ
1079 1774 1116 1812 δ’
1145 1773 1260 1831 ᾇρετὴ
1281 1774 1420 1823 ὀλίγοις
1434 1775 1601 1834 ανδρασι
1620 1776 1731 1823 κύρν’

200 1825 342 1862 ἕπεται.
371 1847 415 1851 -
442 1826 484 1860 V.
516 1829 594 1861 151.
621 1823 752 1868 κακόν,
779 1825 884 1872 κακῷ
904 1824 938 1859 Α
957 1827 995 1860 813
1015 1836 1031 1859 8
1052 1824 1188 1870 (sedin
1207 1835 1323 1871 marg.
1350 1822 1496 1881 κακὸν).
1520 1846 1563 1852 -
1585 1826 1628 1862 V.
1652 1831 1733 1863 152.

199 1868 331 1919 οὗ,ον
359 1885 461 1909 8.-
489 1872 631 1919 μέλλει,
656 1854 876 1908 Heirhsoeth
899 1872 1049 1930 μέμνευ
1083 1872 1252 1908 coniecit.
1280 1893 1323 1898 —-
1357 1869 1496 1918 χώρην,
1529 1871 1653 1919 χώραν
1686 1875 1731 1910 81.

270 1922 477 1967 δμηε’μιαν,
502 1920 535 1954 Α
561 1921 758 1966 μηδεμίην,
785 1941 829 1946 —
855 1918 1020 1965 θέμεναι
1045 1920 1179 1964 vulgo,
1212 1920 1311 1965 quod
1342 1920 1520 1966 perpauci
1552 1932 1597 1956 ex
1630 1922 1731 1958 dete-

197 1968 357 2004 rioribus
390 1949 496 2003 libris
526 1968 672 2003 firmare
703 1967 896 2011 videntur,
928 1967 960 2001 A
991 1965 1178 2012 θέμενον,
1211 1980 1254 2002 ον
1280 1979 1303 2003 a
1328 1979 1399 2003 888.
1426 1980 1474 2002 111.
1501 1979 1593 2004 corr.
1625 1970 1663 2004 in
1691 1984 1730 2014 ω,

198 2028 241 2052 ac
286 2014 454 2062 θέμενον
498 2016 647 2072 praeter
686 2015 715 2050 O
761 2015 876 2051 etiam
919 2015 1170 2050 bcdefhlmns.
1225 2012 1338 2060 Χώρη
1383 2014 1555 2051 similiter
1591 1998 1732 2052 (1181311111

197 2063 296 2099 infra
326 2077 360 2100 v.
395 2068 463 2099 822
502 2060 646 2098 τούτων
678 2076 735 2098 τοι
767 2060 866 2108 χώρη
906 2060 1027 2105 Κύρν’
1062 2058 1167 2107 ὀλίγη
1206 2062 1357 2098 τελέθει
1391 2062 1510 2098 visum
1545 2065 1601 2099 est
1633 2064 1732 2100 idem

199 2124 278 2147 esse
310 2112 410 2156 quod
443 2108 536 2156 ὤρη,
569 2111 682 2155 idque
716 2110 839 2156 ipsum
873 2110 1146 2145 restituendum
1178 2110 1323 2145 censuit
1358 2109 1503 2146 Ahrens
1535 2111 1605 2147 hoc
1637 2112 1730 2155 loco,

200 2158 327 2194 Corais
371 2158 487 2200 infra
530 2159 646 2203 utque
683 2158 808 2193 hiatus
846 2158 1028 2203 asperitas
1065 2158 1195 2214 procul
1233 2158 1449 2201 haberetur,
1487 2158 1554 2193 alii
1590 2157 1632 2204 γὲ
1676 2159 1731 2195 111-

199 2208 413 2249 seruerunt,
439 2217 508 2241 nec
533 2206 686 2241 meliore
707 2216 881 2241 successu
900 2200 1102 2260 Hartung
1090 2201 1136 2240 ἂν
1161 2218 1205 2250 μ
1194 2202 1319 2240 ’λλει’
1323 2219 1345 2239 ν
1371 2202 1447 2252 ὥρῃ
1474 2207 1640 2254 μηδεμία
1663 2205 1731 2243 θέ-

199 2267 311 2300 μεναι
335 2253 492 2289 refinxit.
519 2253 744 2288 Herwerden
765 2254 967 2298 aliquando
985 2250 1094 2297 saion
1120 2253 1260 2287 dictum
1282 2263 1361 2287 esse
1383 2254 1519 2298 censet,
1539 2254 1580 2288 at
1604 2255 1733 2300 guttu—

202 2302 271 2337 rali
297 2302 420 2347 potius
444 2301 574 2336 littera
599 2301 769 2336 orbatam
797 2311 876 2336 esse
902 2312 1033 2336 vocem
1057 2300 1215 2335 latinum
1241 2300 1465 2335 vocabulum
1491 2312 1600 2336 curae
1625 2303 1731 2338 vide-

201 2351 261 2385 tur
286 2360 461 2394 arguere.
495 2349 622 2393 itaque
649 2348 738 2384 olim
765 2348 972 2393 suspicatus
1003 2360 1083 2383 sum
1114 2347 1368 2392 Theognidem
1399 2348 1597 2383 retinuisse
1627 2350 1730 2394 prin—

132 2423 142 2430 .
200 2396 359 2441 cipalem
391 2396 574 2440 litteram,
606 2396 670 2431 sed
701 2396 880 2440 ambigua
910 2396 1030 2431 forma
1071 2395 1326 2448 incommoda,
1365 2398 1403 2430 et
1441 2397 1731 2432 consentaneum

198 2443 365 2479 litteram
393 2443 445 2486 X,
478 2443 508 2478 si
536 2425 630 2478 011111
662 2444 850 2487 adhaesit,
884 2443 1023 2478 dudum
1056 2441 1265 2485 evanuisse3
1299 2442 1461 2486 accedit,
1494 2443 1594 2487 quod
1630 2441 1731 2490 ω”ρην

200 2489 345 2526 θέσθαι
370 2471 495 2536 potius
522 2502 633 2535 quam
659 2494 791 2526 θεῖναι
810 2471 885 2526 dici
904 2491 1110 2536 oportebat
1149 2489 1280 2535 Itaque
1300 2471 1484 2525 assentior
1502 2490 1729 2537 Hermanno,

201 2539 263 2583 qui
288 2539 470 2574 usitatum
496 2536 618 2583 χώρης
642 2538 866 2574 vocabulum
894 2538 1075 2595 agnoscit,
1100 2536 1328 2594 Theognidis
1354 2548 1481 2572 versus
1507 2549 1731 2584 componens

200 2598 284 2621 cum
309 2585 516 2630 Aeschyleo
541 2585 610 2630 Ag.
639 2590 682 2621 78
706 2582 811 2631 ’Ἇρης
837 2582 875 2620 δ’
903 2582 973 2621 οὐκ
1000 2582 1056 2620 ἐνὶ
1082 2581 1193 2634 χώρα,
1218 2586 1262 2619 ut
1287 2585 1337 2620 sit
1361 2585 1464 2620 locus
1490 2585 1567 2621 sive
1604 2598 1730 2623 nume-

200 2646 279 2677 rus,
305 2635 344 2668 in
369 2645 443 2678 quo
470 2633 559 2678 quid
585 2633 754 2668 habetur.
806 2632 901 2668 Saue
934 2630 1036 2677 χώρα
1067 2632 1142 2668 dici
1162 2621 1268 2668 801813
1299 2632 1420 2676 108118,
1454 2643 1565 2687 quem
1597 2634 1730 2680 cuique

199 2682 238 2716 in
264 2680 344 2716 acie
377 2681 438 2716 vel
472 2681 583 2716 choro
610 2680 819 2726 praefectus
853 2680 1043 2723 attribuit,
1077 2679 1176 2715 unde
1208 2676 1413 2724 οἷχώριστος
1443 2681 1508 2724 qui
1539 2681 1642 2716 nullo
1675 2684 1732 2717 est

200 2729 282 2764 loco
309 2728 456 2763 dicitur.
498 2727 621 2773 Atque
642 2728 891 2772 Aeschyleum
912 2725 969 2763 ἔνι
989 2741 1090 2773 χωρα
1114 2726 1215 2762 idem
1239 2727 1317 2762 fere
1343 2727 1542 2773 significat,
1563 2729 1662 2786 quod
1689 2727 1730 2764 ἐν

201 2777 329 2835 μοίρᾳ,
357 2776 420 2811 sed
446 2775 494 2810 ad
520 2775 760 2832 Theognidea
784 2775 1006 2810 illustranda
1031 2763 1190 2810 adhibeo
1215 2773 1392 2817 Hesychii
1423 2775 1605 2819 glossam·
1632 2773 1730 2821 ἅχω-

200 2835 278 2867 ρος·
307 2821 348 2858 έν
374 2836 520 2877 καταρα
545 2823 694 2868 λέγεται
719 2819 739 2858 ὁ
767 2820 857 2868 μήτε
884 2820 991 2865 τάξιν
1010 2824 1094 2868 βίον
1114 2819 1204 2868 μήτε
1225 2833 1453 2857 καταστασιν
1480 2821 1662 2868 οἰκίαςέχ
1665 2837 1727 2859 ων.

202 2871 383 2906 Videntur
408 2870 524 2914 enim,
551 2882 635 2905 cum
660 2882 772 2916 quem
797 2870 886 2905 diris
913 2871 1140 2906 devoverent
1164 2872 1203 2905 et
1228 2870 1412 2904 extorrem
1437 2869 1620 2915 facerent,
1646 2882 1729 2916 pre-

201 2918 276 2952 cati
307 2929 404 2962 esse,
439 2920 483 2952 ut
517 2918 690 2953 scelerati
723 2917 884 2953 hominis
919 2919 1083 2963 μηδεμία
1117 2930 1219 2962 χωρα
1254 2918 1370 2960 esset,
1409 2928 1583 2962 quorsum
1615 2919 1730 2954 etiam

200 2962 379 3012 οἷ’ίδρυτος
415 2966 514 3011 apud
552 2959 743 3001 Cratinum
779 2967 818 3000 et
855 2965 1140 3012 Aristophanem
1182 2965 1340 3012 spectat.
1390 2965 1514 3011 Atque
1551 2964 1730 3013 Hesychii
