<?xml version="1.0" encoding="UTF-8"?>
<!DOCTYPE html PUBLIC "-//W3C//DTD XHTML 1.0 Transitional//EN"
    "http://www.w3.org/TR/xhtml1/DTD/xhtml1-transitional.dtd">
<html xmlns="http://www.w3.org/1999/xhtml" xml:lang="en" lang="en">
 <head>
  <title>
</title>
<meta http-equiv="Content-Type" content="text/html;charset=utf-8" />
  <meta name='ocr-system' content='tesseract 3.04.00' />
  <meta name='ocr-capabilities' content='ocr_page ocr_carea ocr_par ocr_line ocrx_word'/>
</head>
<body>
  <div class='ocr_page' id='page_1' title='image "./poetaelyricigrae02berguoft_0266.png"; bbox 0 0 1890 3216; ppageno 0'>
   <div class='ocr_carea' id='block_1_1' title="bbox 205 197 1202 242">
    <p class='ocr_par' dir='ltr' id='par_1_1' title="bbox 205 197 1202 242">
     <span class='ocr_line' id='line_1_1' title="bbox 205 197 1202 242; baseline -0.008 0"><span class='ocrx_word' id='word_1_1' title='bbox 205 201 292 242; x_wconf 78' lang='lat' dir='ltr'><em>25ss</em></span> <span class='ocrx_word' id='word_1_2' title='bbox 746 197 938 235; x_wconf 83' lang='grc' dir='ltr'><strong>ΡΟΕΤΑΕ</strong></span> <span class='ocrx_word' id='word_1_3' title='bbox 963 198 1202 235; x_wconf 83' lang='lat' dir='ltr'>ELEGIACI.</span> 
     </span>
    </p>
   </div>
   <div class='ocr_carea' id='block_1_2' title="bbox 195 306 1738 431">
    <p class='ocr_par' dir='ltr' id='par_1_2' title="bbox 195 306 1738 431">
     <span class='ocr_line' id='line_1_2' title="bbox 205 306 1738 365; baseline -0.003 -13"><span class='ocrx_word' id='word_1_4' title='bbox 205 309 535 365; x_wconf 79' lang='grc' dir='ltr'><em>διθυράμβοις</em></span> <span class='ocrx_word' id='word_1_5' title='bbox 573 311 906 363; x_wconf 83' lang='grc' dir='ltr'><em>καταπρησθῆναί</em></span> <span class='ocrx_word' id='word_1_6' title='bbox 942 323 1064 362; x_wconf 89' lang='grc' dir='ltr'><em>φησιν</em></span> <span class='ocrx_word' id='word_1_7' title='bbox 1102 306 1326 362; x_wconf 75' lang='grc' dir='ltr'><em>ἀμφοτέρας</em></span> <span class='ocrx_word' id='word_1_8' title='bbox 1363 307 1407 349; x_wconf 82' lang='grc' dir='ltr'><em>έν</em></span> <span class='ocrx_word' id='word_1_9' title='bbox 1449 311 1501 365; x_wconf 78' lang='grc' dir='ltr'><em>τῷ</em></span> <span class='ocrx_word' id='word_1_10' title='bbox 1541 309 1632 365; x_wconf 77' lang='grc' dir='ltr'><em>ἱερῷ</em></span> <span class='ocrx_word' id='word_1_11' title='bbox 1670 311 1738 360; x_wconf 83' lang='grc' dir='ltr'><em>τῆς</em></span> 
     </span>
     <span class='ocr_line' id='line_1_3' title="bbox 195 372 1144 431; baseline -0.003 -13"><span class='ocrx_word' id='word_1_12' title='bbox 195 375 325 431; x_wconf 57' lang='grc' dir='ltr'><em>θ’Ἠρας</em></span> <span class='ocrx_word' id='word_1_13' title='bbox 356 374 435 417; x_wconf 75' lang='grc' dir='ltr'><em>ὑπὸ</em></span> <span class='ocrx_word' id='word_1_14' title='bbox 470 373 759 428; x_wconf 77' lang='grc' dir='ltr'><em>Λαοδάμαντος</em></span> <span class='ocrx_word' id='word_1_15' title='bbox 788 379 859 416; x_wconf 80' lang='grc' dir='ltr'><em>τοῦ</em></span> <span class='ocrx_word' id='word_1_16' title='bbox 886 372 1144 424; x_wconf 82' lang='grc' dir='ltr'><em>Ἐτεοκλέους.</em></span> 
     </span>
    </p>
   </div>
   <div class='ocr_carea' id='block_1_3' title="bbox 927 481 1029 560">
    <p class='ocr_par' dir='ltr' id='par_1_3' title="bbox 927 481 1029 560">
     <span class='ocr_line' id='line_1_4' title="bbox 927 481 1029 560; baseline 0 -25"><span class='ocrx_word' id='word_1_17' title='bbox 927 493 1006 560; x_wconf 45' lang='grc'><em>43.</em></span> <span class='ocrx_word' id='word_1_18' title='bbox 1027 481 1029 485; x_wconf 80' lang='grc'>’</span> 
     </span>
    </p>
   </div>
   <div class='ocr_carea' id='block_1_4' title="bbox 200 579 1742 1103">
    <p class='ocr_par' dir='ltr' id='par_1_4' title="bbox 200 579 1742 1103">
     <span class='ocr_line' id='line_1_5' title="bbox 324 579 1739 645; baseline -0.002 -14"><span class='ocrx_word' id='word_1_19' title='bbox 324 593 453 632; x_wconf 82' lang='lat' dir='ltr'>Sohol.</span> <span class='ocrx_word' id='word_1_20' title='bbox 492 592 629 642; x_wconf 86' lang='lat' dir='ltr'>Eurip.</span> <span class='ocrx_word' id='word_1_21' title='bbox 667 591 790 632; x_wconf 88' lang='lat' dir='ltr'><strong>Andr.</strong></span> <span class='ocrx_word' id='word_1_22' title='bbox 831 593 960 645; x_wconf 17' lang='lat'><strong>6312&amp;</strong></span> <span class='ocrx_word' id='word_1_23' title='bbox 980 586 1145 641; x_wconf 72' lang='grc' dir='ltr'><em>ἄμεινον</em></span> <span class='ocrx_word' id='word_1_24' title='bbox 1182 584 1429 644; x_wconf 78' lang='grc' dir='ltr'><em>ᾠκονόμηται</em></span> <span class='ocrx_word' id='word_1_25' title='bbox 1472 590 1593 628; x_wconf 76' lang='grc' dir='ltr'><em>ταῦτα</em></span> <span class='ocrx_word' id='word_1_26' title='bbox 1632 579 1739 640; x_wconf 74' lang='grc' dir='ltr'><em>παρᾶ</em></span> 
     </span>
     <span class='ocr_line' id='line_1_6' title="bbox 200 649 1740 713; baseline -0.003 -14"><span class='ocrx_word' id='word_1_27' title='bbox 200 655 360 713; x_wconf 80' lang='grc' dir='ltr'><em>Ἰβύκῳ·</em></span> <span class='ocrx_word' id='word_1_28' title='bbox 395 658 449 706; x_wconf 86' lang='grc' dir='ltr'><em>εἰς</em></span> <span class='ocrx_word' id='word_1_29' title='bbox 479 653 554 710; x_wconf 80' lang='grc' dir='ltr'><em>γὰρ</em></span> <span class='ocrx_word' id='word_1_30' title='bbox 581 653 816 709; x_wconf 83' lang='grc' dir='ltr'><em>Ἀφροδίτης</em></span> <span class='ocrx_word' id='word_1_31' title='bbox 847 652 948 696; x_wconf 88' lang='grc' dir='ltr'><em>ναὸν</em></span> <span class='ocrx_word' id='word_1_32' title='bbox 972 650 1209 707; x_wconf 80' lang='grc' dir='ltr'><em>καταφεύγει</em></span> <span class='ocrx_word' id='word_1_33' title='bbox 1234 649 1418 706; x_wconf 78' lang='grc' dir='ltr'><em>ἧἙλένη</em></span> <span class='ocrx_word' id='word_1_34' title='bbox 1444 650 1629 694; x_wconf 74' lang='grc' dir='ltr'><em>κάκεῖθεν</em></span> <span class='ocrx_word' id='word_1_35' title='bbox 1654 654 1740 694; x_wconf 90' lang='grc' dir='ltr'><em>δια-</em></span> 
     </span>
     <span class='ocr_line' id='line_1_7' title="bbox 205 716 1740 779; baseline -0.004 -15"><span class='ocrx_word' id='word_1_36' title='bbox 205 723 352 778; x_wconf 83' lang='grc' dir='ltr'><em>λέγεται</em></span> <span class='ocrx_word' id='word_1_37' title='bbox 382 725 434 779; x_wconf 78' lang='grc' dir='ltr'><em>τῷ</em></span> <span class='ocrx_word' id='word_1_38' title='bbox 467 718 681 777; x_wconf 78' lang='grc' dir='ltr'><em>Μενελάῳ·</em></span> <span class='ocrx_word' id='word_1_39' title='bbox 715 718 736 762; x_wconf 84' lang='grc' dir='ltr'>ὁ</span> <span class='ocrx_word' id='word_1_40' title='bbox 769 718 807 761; x_wconf 85' lang='grc' dir='ltr'><em>δ’</em></span> <span class='ocrx_word' id='word_1_41' title='bbox 840 717 909 762; x_wconf 82' lang='grc' dir='ltr'><em>ὑπ’</em></span> <span class='ocrx_word' id='word_1_42' title='bbox 951 719 1092 772; x_wconf 72' lang='grc' dir='ltr'><em>ἔρωτος</em></span> <span class='ocrx_word' id='word_1_43' title='bbox 1131 716 1273 772; x_wconf 81' lang='grc' dir='ltr'><em>ἆφίησι</em></span> <span class='ocrx_word' id='word_1_44' title='bbox 1309 716 1351 760; x_wconf 88' lang='grc' dir='ltr'><em>τὸ</em></span> <span class='ocrx_word' id='word_1_45' title='bbox 1389 720 1504 771; x_wconf 79' lang='grc' dir='ltr'><em>ξίφος</em></span> <span class='ocrx_word' id='word_1_46' title='bbox 1535 716 1605 773; x_wconf 80' lang='lat' dir='ltr'><em>(ad</em></span> <span class='ocrx_word' id='word_1_47' title='bbox 1635 721 1740 759; x_wconf 78' lang='lat' dir='ltr'><strong>hune</strong></span> 
     </span>
     <span class='ocr_line' id='line_1_8' title="bbox 205 781 1738 839; baseline -0.001 -11"><span class='ocrx_word' id='word_1_48' title='bbox 205 791 367 830; x_wconf 85' lang='lat' dir='ltr'>modum</span> <span class='ocrx_word' id='word_1_49' title='bbox 392 789 666 828; x_wconf 77' lang='lat' dir='ltr'>restituendus</span> <span class='ocrx_word' id='word_1_50' title='bbox 686 789 809 838; x_wconf 83' lang='lat' dir='ltr'>locus,</span> <span class='ocrx_word' id='word_1_51' title='bbox 842 787 918 827; x_wconf 84' lang='lat' dir='ltr'>vid.</span> <span class='ocrx_word' id='word_1_52' title='bbox 939 787 1053 837; x_wconf 87' lang='lat' dir='ltr'>Ibyci</span> <span class='ocrx_word' id='word_1_53' title='bbox 1072 787 1121 826; x_wconf 84' lang='lat' dir='ltr'><em>fr.</em></span> <span class='ocrx_word' id='word_1_54' title='bbox 1144 781 1237 839; x_wconf 90' lang='lat'>35)·</span> <span class='ocrx_word' id='word_1_55' title='bbox 1270 782 1316 824; x_wconf 81' lang='grc' dir='ltr'><em>τὰ</em></span> <span class='ocrx_word' id='word_1_56' title='bbox 1341 782 1448 838; x_wconf 81' lang='grc' dir='ltr'><em>παρὰ</em></span> <span class='ocrx_word' id='word_1_57' title='bbox 1473 801 1503 825; x_wconf 89' lang='grc' dir='ltr'><strong><em>π</em></strong></span> <span class='ocrx_word' id='word_1_58' title='bbox 1530 818 1538 826; x_wconf 94' lang='grc'><strong>.</strong></span> <span class='ocrx_word' id='word_1_59' title='bbox 1559 818 1567 826; x_wconf 94' lang='grc'><em>.</em></span> <span class='ocrx_word' id='word_1_60' title='bbox 1587 818 1597 827; x_wconf 89' lang='grc'><em>,</em></span> <span class='ocrx_word' id='word_1_61' title='bbox 1627 787 1652 825; x_wconf 87' lang='grc' dir='ltr'><em>δ</em></span> <span class='ocrx_word' id='word_1_62' title='bbox 1671 818 1679 826; x_wconf 95' lang='grc'><strong>.</strong></span> <span class='ocrx_word' id='word_1_63' title='bbox 1701 818 1708 825; x_wconf 96' lang='grc'><em>.</em></span> <span class='ocrx_word' id='word_1_64' title='bbox 1731 818 1738 826; x_wconf 94' lang='grc'><strong>.</strong></span> 
     </span>
     <span class='ocr_line' id='line_1_9' title="bbox 205 849 1740 907; baseline -0.003 -12"><span class='ocrx_word' id='word_1_65' title='bbox 205 871 228 895; x_wconf 81' lang='grc' dir='ltr'><em>κ</em></span> <span class='ocrx_word' id='word_1_66' title='bbox 249 887 258 895; x_wconf 89' lang='grc'><strong>.</strong></span> <span class='ocrx_word' id='word_1_67' title='bbox 279 887 288 896; x_wconf 93' lang='grc'><strong>.</strong></span> <span class='ocrx_word' id='word_1_68' title='bbox 308 887 317 895; x_wconf 92' lang='grc'><strong><em>.</em></strong></span> <span class='ocrx_word' id='word_1_69' title='bbox 336 854 414 894; x_wconf 81' lang='grc' dir='ltr'><em>καδ</em></span> <span class='ocrx_word' id='word_1_70' title='bbox 433 885 441 894; x_wconf 92' lang='grc'><strong>.</strong></span> <span class='ocrx_word' id='word_1_71' title='bbox 463 886 472 894; x_wconf 95' lang='grc'>.</span> <span class='ocrx_word' id='word_1_72' title='bbox 492 883 500 893; x_wconf 90' lang='grc'><strong><em>.</em></strong></span> <span class='ocrx_word' id='word_1_73' title='bbox 521 857 644 906; x_wconf 83' lang='grc' dir='ltr'><em>ιχῐνος</em></span> <span class='ocrx_word' id='word_1_74' title='bbox 675 852 718 892; x_wconf 83' lang='grc' dir='ltr'><em>ἐν</em></span> <span class='ocrx_word' id='word_1_75' title='bbox 744 849 981 907; x_wconf 79' lang='grc' dir='ltr'><em>διθυράμβῳ</em></span> <span class='ocrx_word' id='word_1_76' title='bbox 1008 851 1142 902; x_wconf 86' lang='grc' dir='ltr'><em>φησίν.</em></span> <span class='ocrx_word' id='word_1_77' title='bbox 1181 851 1413 890; x_wconf 81' lang='lat' dir='ltr'>Novissima</span> <span class='ocrx_word' id='word_1_78' title='bbox 1443 851 1544 891; x_wconf 81' lang='lat' dir='ltr'><strong>haee</strong></span> <span class='ocrx_word' id='word_1_79' title='bbox 1565 865 1646 891; x_wconf 89' lang='lat' dir='ltr'><em>non</em></span> <span class='ocrx_word' id='word_1_80' title='bbox 1677 865 1740 890; x_wconf 84' lang='lat' dir='ltr'><em>ex-</em></span> 
     </span>
     <span class='ocr_line' id='line_1_10' title="bbox 203 913 1740 975; baseline -0.003 -15"><span class='ocrx_word' id='word_1_81' title='bbox 203 922 320 972; x_wconf 86' lang='lat' dir='ltr'>pedio</span> <span class='ocrx_word' id='word_1_82' title='bbox 353 917 570 975; x_wconf 86' lang='lat' dir='ltr'>(Dindorfii</span> <span class='ocrx_word' id='word_1_83' title='bbox 595 919 822 958; x_wconf 73' lang='lat' dir='ltr'>coniectura</span> <span class='ocrx_word' id='word_1_84' title='bbox 857 913 904 957; x_wconf 75' lang='grc' dir='ltr'><em>τὰ</em></span> <span class='ocrx_word' id='word_1_85' title='bbox 934 913 1042 970; x_wconf 79' lang='grc' dir='ltr'><em>παρὰ</em></span> <span class='ocrx_word' id='word_1_86' title='bbox 1076 913 1268 972; x_wconf 78' lang='grc' dir='ltr'><em>Πινδάρῳ</em></span> <span class='ocrx_word' id='word_1_87' title='bbox 1305 930 1448 967; x_wconf 84' lang='lat' dir='ltr'>parum</span> <span class='ocrx_word' id='word_1_88' title='bbox 1479 913 1740 971; x_wconf 80' lang='lat' dir='ltr'>verisimilis),</span> 
     </span>
     <span class='ocr_line' id='line_1_11' title="bbox 206 980 1742 1039; baseline -0.003 -14"><span class='ocrx_word' id='word_1_89' title='bbox 206 987 284 1026; x_wconf 84' lang='lat' dir='ltr'>nisi</span> <span class='ocrx_word' id='word_1_90' title='bbox 317 987 422 1037; x_wconf 87' lang='lat' dir='ltr'>quod</span> <span class='ocrx_word' id='word_1_91' title='bbox 455 980 599 1039; x_wconf 81' lang='grc' dir='ltr'><em>(Ἴων)</em></span> <span class='ocrx_word' id='word_1_92' title='bbox 631 980 652 1024; x_wconf 84' lang='grc' dir='ltr'>ὁ</span> <span class='ocrx_word' id='word_1_93' title='bbox 685 986 802 1032; x_wconf 85' lang='grc' dir='ltr'><em>Χῖος</em></span> <span class='ocrx_word' id='word_1_94' title='bbox 834 983 1085 1023; x_wconf 80' lang='lat' dir='ltr'>scribendum</span> <span class='ocrx_word' id='word_1_95' title='bbox 1117 983 1308 1032; x_wconf 82' lang='lat' dir='ltr'>suspicor,</span> <span class='ocrx_word' id='word_1_96' title='bbox 1340 982 1407 1032; x_wconf 89' lang='lat' dir='ltr'><em>qui</em></span> <span class='ocrx_word' id='word_1_97' title='bbox 1438 984 1558 1032; x_wconf 73' lang='lat' dir='ltr'>poeta</span> <span class='ocrx_word' id='word_1_98' title='bbox 1581 983 1742 1023; x_wconf 77' lang='lat' dir='ltr'>videtur</span> 
     </span>
     <span class='ocr_line' id='line_1_12' title="bbox 206 1049 1187 1103; baseline -0.006 -10"><span class='ocrx_word' id='word_1_99' title='bbox 206 1055 248 1094; x_wconf 87' lang='lat' dir='ltr'><em>in</em></span> <span class='ocrx_word' id='word_1_100' title='bbox 280 1052 535 1103; x_wconf 73' lang='lat' dir='ltr'>dithyrambo</span> <span class='ocrx_word' id='word_1_101' title='bbox 569 1050 735 1090; x_wconf 81' lang='lat' dir='ltr'>eandem</span> <span class='ocrx_word' id='word_1_102' title='bbox 766 1050 915 1089; x_wconf 83' lang='lat' dir='ltr'><strong>famam</strong></span> <span class='ocrx_word' id='word_1_103' title='bbox 946 1049 1187 1088; x_wconf 78' lang='lat' dir='ltr'>narravisse.</span> 
     </span>
    </p>
   </div>
   <div class='ocr_carea' id='block_1_5' title="bbox 614 1239 1363 1384">
    <p class='ocr_par' dir='ltr' id='par_1_5' title="bbox 614 1239 1363 1384">
     <span class='ocr_line' id='line_1_13' title="bbox 614 1239 1363 1287; baseline -0.005 0"><span class='ocrx_word' id='word_1_104' title='bbox 614 1241 862 1287; x_wconf 82' lang='grc' dir='ltr'>ΥΜΝΟΣ</span> <span class='ocrx_word' id='word_1_105' title='bbox 899 1241 1020 1285; x_wconf 84' lang='grc' dir='ltr'><em>ΕΙΣ</em></span> <span class='ocrx_word' id='word_1_106' title='bbox 1056 1239 1363 1285; x_wconf 76' lang='grc' dir='ltr'><strong>ΚΑΙΡΟΝ.’</strong></span> 
     </span>
     <span class='ocr_line' id='line_1_14' title="bbox 945 1342 1010 1384; baseline 0 0"><span class='ocrx_word' id='word_1_107' title='bbox 945 1342 1010 1384; x_wconf 91' lang='grc'><em>14.</em></span> 
     </span>
    </p>
   </div>
   <div class='ocr_carea' id='block_1_6' title="bbox 209 1435 1740 1626">
    <p class='ocr_par' dir='ltr' id='par_1_6' title="bbox 209 1435 1740 1626">
     <span class='ocr_line' id='line_1_15' title="bbox 325 1435 1738 1495; baseline -0.004 -13"><span class='ocrx_word' id='word_1_108' title='bbox 325 1445 497 1483; x_wconf 78' lang='lat' dir='ltr'><strong>Pausan.</strong></span> <span class='ocrx_word' id='word_1_109' title='bbox 522 1442 559 1480; x_wconf 91' lang='lat' dir='ltr'><strong>V</strong></span> <span class='ocrx_word' id='word_1_110' title='bbox 588 1443 655 1492; x_wconf 86' lang='lat'><em>14,</em></span> <span class='ocrx_word' id='word_1_111' title='bbox 689 1443 732 1480; x_wconf 84' lang='lat'><em>9:</em></span> <span class='ocrx_word' id='word_1_112' title='bbox 754 1437 865 1480; x_wconf 85' lang='grc' dir='ltr'><em>Ἴωνι</em></span> <span class='ocrx_word' id='word_1_113' title='bbox 897 1437 940 1479; x_wconf 79' lang='grc' dir='ltr'><em>δὲ</em></span> <span class='ocrx_word' id='word_1_114' title='bbox 972 1435 1063 1479; x_wconf 84' lang='grc' dir='ltr'><em>οἶδα</em></span> <span class='ocrx_word' id='word_1_115' title='bbox 1094 1441 1146 1495; x_wconf 80' lang='grc' dir='ltr'><em>τῷ</em></span> <span class='ocrx_word' id='word_1_116' title='bbox 1173 1439 1260 1494; x_wconf 86' lang='grc' dir='ltr'><em>Χίῳ</em></span> <span class='ocrx_word' id='word_1_117' title='bbox 1293 1437 1358 1478; x_wconf 86' lang='grc' dir='ltr'><em>καὶ</em></span> <span class='ocrx_word' id='word_1_118' title='bbox 1389 1435 1545 1491; x_wconf 73' lang='grc' dir='ltr'><em>ὕμνον</em></span> <span class='ocrx_word' id='word_1_119' title='bbox 1575 1451 1738 1489; x_wconf 83' lang='grc' dir='ltr'><em>πεποιη-</em></span> 
     </span>
     <span class='ocr_line' id='line_1_16' title="bbox 209 1501 1740 1563; baseline -0.005 -13"><span class='ocrx_word' id='word_1_120' title='bbox 209 1509 328 1563; x_wconf 86' lang='grc' dir='ltr'><em>μένον</em></span> <span class='ocrx_word' id='word_1_121' title='bbox 371 1509 574 1559; x_wconf 86' lang='grc' dir='ltr'><em>Καιροῦ·</em></span> <span class='ocrx_word' id='word_1_122' title='bbox 612 1509 838 1560; x_wconf 74' lang='grc' dir='ltr'><em>γενεαλογεῖ</em></span> <span class='ocrx_word' id='word_1_123' title='bbox 869 1503 912 1545; x_wconf 80' lang='grc' dir='ltr'><em>δὲ</em></span> <span class='ocrx_word' id='word_1_124' title='bbox 950 1504 993 1545; x_wconf 81' lang='grc' dir='ltr'><em>ἐν</em></span> <span class='ocrx_word' id='word_1_125' title='bbox 1030 1508 1082 1562; x_wconf 80' lang='grc' dir='ltr'><em>τῷ</em></span> <span class='ocrx_word' id='word_1_126' title='bbox 1121 1502 1233 1560; x_wconf 73' lang='grc' dir='ltr'><em>ὕμνῳ</em></span> <span class='ocrx_word' id='word_1_127' title='bbox 1277 1501 1512 1544; x_wconf 81' lang='grc' dir='ltr'><em>νεώτατον</em></span> <span class='ocrx_word' id='word_1_128' title='bbox 1550 1502 1740 1542; x_wconf 82' lang='grc' dir='ltr'><em>παίδων</em></span> 
     </span>
     <span class='ocr_line' id='line_1_17' title="bbox 209 1568 704 1626; baseline -0.008 -10"><span class='ocrx_word' id='word_1_129' title='bbox 209 1572 323 1623; x_wconf 90' lang='grc' dir='ltr'><em>Διὸς</em></span> <span class='ocrx_word' id='word_1_130' title='bbox 354 1569 538 1626; x_wconf 83' lang='grc' dir='ltr'><em>Καιρὸν</em></span> <span class='ocrx_word' id='word_1_131' title='bbox 570 1568 704 1612; x_wconf 84' lang='grc' dir='ltr'><em>εἶναι.</em></span> 
     </span>
    </p>
   </div>
   <div class='ocr_carea' id='block_1_7' title="bbox 474 1761 1478 1811">
    <p class='ocr_par' dir='ltr' id='par_1_7' title="bbox 474 1761 1478 1811">
     <span class='ocr_line' id='line_1_18' title="bbox 474 1761 1478 1811; baseline -0.005 -1"><span class='ocrx_word' id='word_1_132' title='bbox 474 1765 852 1811; x_wconf 84' lang='grc' dir='ltr'><strong>ΕΓΚΩΜΙΟΝ</strong></span> <span class='ocrx_word' id='word_1_133' title='bbox 889 1764 1008 1809; x_wconf 84' lang='grc' dir='ltr'><em>ΕΙΣ</em></span> <span class='ocrx_word' id='word_1_134' title='bbox 1044 1761 1478 1808; x_wconf 83' lang='grc' dir='ltr'><strong>ΣΚΥΘΙΑΔΗΝ.</strong></span> 
     </span>
    </p>
   </div>
   <div class='ocr_carea' id='block_1_8' title="bbox 210 1865 1744 2085">
    <p class='ocr_par' dir='ltr' id='par_1_8' title="bbox 210 1865 1744 2085">
     <span class='ocr_line' id='line_1_19' title="bbox 950 1865 1014 1907; baseline 0 0"><span class='ocrx_word' id='word_1_135' title='bbox 950 1865 1014 1907; x_wconf 86' lang='lat'><em>15.</em></span> 
     </span>
     <span class='ocr_line' id='line_1_20' title="bbox 329 1953 1744 2018; baseline -0.006 -14"><span class='ocrx_word' id='word_1_136' title='bbox 329 1966 597 2018; x_wconf 84' lang='lat' dir='ltr'>Paroemiogr.</span> <span class='ocrx_word' id='word_1_137' title='bbox 637 1978 699 2016; x_wconf 78' lang='lat' dir='ltr'><em>ap.</em></span> <span class='ocrx_word' id='word_1_138' title='bbox 738 1965 871 2003; x_wconf 81' lang='lat' dir='ltr'>Miller</span> <span class='ocrx_word' id='word_1_139' title='bbox 903 1964 1012 2003; x_wconf 81' lang='lat' dir='ltr'>Miso.</span> <span class='ocrx_word' id='word_1_140' title='bbox 1047 1965 1150 2002; x_wconf 85' lang='lat'>364:</span> <span class='ocrx_word' id='word_1_141' title='bbox 1192 1959 1345 2015; x_wconf 84' lang='grc' dir='ltr'><em>Αἰγιέες</em></span> <span class='ocrx_word' id='word_1_142' title='bbox 1377 1956 1466 2000; x_wconf 74' lang='grc' dir='ltr'><em>οὔτε</em></span> <span class='ocrx_word' id='word_1_143' title='bbox 1507 1958 1625 2010; x_wconf 86' lang='grc' dir='ltr'><em>τρίτοι</em></span> <span class='ocrx_word' id='word_1_144' title='bbox 1656 1953 1744 1997; x_wconf 73' lang='grc' dir='ltr'><em>οὔτε</em></span> 
     </span>
     <span class='ocr_line' id='line_1_21' title="bbox 210 2020 1744 2085; baseline -0.007 -13"><span class='ocrx_word' id='word_1_145' title='bbox 210 2031 394 2085; x_wconf 83' lang='grc' dir='ltr'><em>τέταρτοι·</em></span> <span class='ocrx_word' id='word_1_146' title='bbox 429 2063 437 2071; x_wconf 97' lang='grc'><em>.</em></span> <span class='ocrx_word' id='word_1_147' title='bbox 465 2064 472 2071; x_wconf 94' lang='grc'><strong>.</strong></span> <span class='ocrx_word' id='word_1_148' title='bbox 501 2062 509 2071; x_wconf 97' lang='grc'><strong>.</strong></span> <span class='ocrx_word' id='word_1_149' title='bbox 541 2028 563 2072; x_wconf 70' lang='grc' dir='ltr'><em>’ό</em></span> <span class='ocrx_word' id='word_1_150' title='bbox 595 2047 629 2070; x_wconf 89' lang='grc' dir='ltr'><em>τι</em></span> <span class='ocrx_word' id='word_1_151' title='bbox 668 2027 743 2084; x_wconf 79' lang='grc' dir='ltr'><em>γὰρ</em></span> <span class='ocrx_word' id='word_1_152' title='bbox 780 2026 932 2077; x_wconf 82' lang='grc' dir='ltr'><em>τούτοις</em></span> <span class='ocrx_word' id='word_1_153' title='bbox 970 2024 1145 2081; x_wconf 77' lang='grc' dir='ltr'><em>ἐχρήσθη</em></span> <span class='ocrx_word' id='word_1_154' title='bbox 1183 2025 1248 2067; x_wconf 82' lang='grc' dir='ltr'><em>καὶ</em></span> <span class='ocrx_word' id='word_1_155' title='bbox 1287 2022 1335 2066; x_wconf 82' lang='grc' dir='ltr'><em>οὐ</em></span> <span class='ocrx_word' id='word_1_156' title='bbox 1367 2025 1641 2078; x_wconf 83' lang='grc' dir='ltr'><em>Μεγαρεῦσιν,</em></span> <span class='ocrx_word' id='word_1_157' title='bbox 1678 2020 1744 2062; x_wconf 82' lang='grc' dir='ltr'><em>καὶ</em></span> 
     </span>
    </p>
   </div>
   <div class='ocr_carea' id='block_1_9' title="bbox 202 2091 1250 2152">
    <p class='ocr_par' dir='ltr' id='par_1_9' title="bbox 202 2091 1250 2152">
     <span class='ocr_line' id='line_1_22' title="bbox 202 2091 1250 2152; baseline -0.005 -15"><span class='ocrx_word' id='word_1_158' title='bbox 202 2095 295 2137; x_wconf 88' lang='grc' dir='ltr'><em>Ἴων</em></span> <span class='ocrx_word' id='word_1_159' title='bbox 326 2095 514 2150; x_wconf 84' lang='grc' dir='ltr'><em>μέμνηται</em></span> <span class='ocrx_word' id='word_1_160' title='bbox 547 2095 590 2136; x_wconf 81' lang='grc' dir='ltr'><em>έν</em></span> <span class='ocrx_word' id='word_1_161' title='bbox 619 2099 672 2152; x_wconf 79' lang='grc' dir='ltr'><em>τῷ</em></span> <span class='ocrx_word' id='word_1_162' title='bbox 704 2096 758 2144; x_wconf 83' lang='grc' dir='ltr'><em>εἰς</em></span> <span class='ocrx_word' id='word_1_163' title='bbox 790 2091 1030 2146; x_wconf 86' lang='grc' dir='ltr'><em>Σκυθιάδην</em></span> <span class='ocrx_word' id='word_1_164' title='bbox 1061 2092 1250 2148; x_wconf 77' lang='grc' dir='ltr'><em>ἐγκωμίῳ.</em></span> 
     </span>
    </p>
   </div>
   <div class='ocr_carea' id='block_1_10' title="bbox 943 2201 1120 2204">
    <p class='ocr_par' dir='ltr' id='par_1_10' title="bbox 943 2201 1120 2204">
     <span class='ocr_line' id='line_1_23' title="bbox 943 2201 1120 2204; baseline 0 0"><span class='ocrx_word' id='word_1_165' title='bbox 943 2201 1120 2204; x_wconf 95' lang='lat' dir='ltr'><em> </em></span> 
     </span>
    </p>
   </div>
   <div class='ocr_carea' id='block_1_11' title="bbox 947 2283 1742 2324">
    <p class='ocr_par' dir='ltr' id='par_1_11' title="bbox 947 2283 1742 2324">
     <span class='ocr_line' id='line_1_24' title="bbox 947 2283 1742 2324; baseline -0.009 0"><span class='ocrx_word' id='word_1_166' title='bbox 947 2283 1012 2324; x_wconf 86' lang='grc'><em>16.</em></span> <span class='ocrx_word' id='word_1_167' title='bbox 1674 2286 1742 2317; x_wconf 76' lang='lat'><em>582</em></span> 
     </span>
    </p>
   </div>
   <div class='ocr_carea' id='block_1_12' title="bbox 282 2378 879 2455">
    <p class='ocr_par' dir='ltr' id='par_1_12' title="bbox 282 2378 879 2455">
     <span class='ocr_line' id='line_1_25' title="bbox 283 2378 591 2395; baseline -0.003 0"><span class='ocrx_word' id='word_1_168' title='bbox 283 2378 591 2395; x_wconf 39' lang='lat' dir='ltr'><em>„ww—uu.-</em></span> 
     </span>
     <span class='ocr_line' id='line_1_26' title="bbox 282 2435 879 2455; baseline -0.005 0"><span class='ocrx_word' id='word_1_169' title='bbox 282 2435 879 2455; x_wconf 62' lang='lat' dir='ltr'>UU-UU-UU...UU...-</span> 
     </span>
    </p>
   </div>
   <div class='ocr_carea' id='block_1_13' title="bbox 282 2495 781 2514">
    <p class='ocr_par' dir='ltr' id='par_1_13' title="bbox 282 2495 781 2514">
     <span class='ocr_line' id='line_1_27' title="bbox 282 2495 781 2514; baseline -0.006 0"><span class='ocrx_word' id='word_1_170' title='bbox 282 2498 448 2514; x_wconf 32' lang='grc' dir='ltr'>ἡυυ...</span> <span class='ocrx_word' id='word_1_171' title='bbox 472 2495 781 2513; x_wconf 54' lang='lat' dir='ltr'><em>UUUUUUU</em></span> 
     </span>
    </p>
   </div>
   <div class='ocr_carea' id='block_1_14' title="bbox 282 2549 1183 2728">
    <p class='ocr_par' dir='ltr' id='par_1_14' title="bbox 282 2549 1183 2728">
     <span class='ocr_line' id='line_1_28' title="bbox 282 2549 878 2574; baseline -0.008 0"><span class='ocrx_word' id='word_1_172' title='bbox 282 2549 878 2574; x_wconf 57' lang='grc' dir='ltr'><em>υυέυυ-υυ-υυ..-Ψ</em></span> 
     </span>
     <span class='ocr_line' id='line_1_29' title="bbox 286 2598 1183 2656; baseline -0.008 -12"><span class='ocrx_word' id='word_1_173' title='bbox 286 2598 409 2644; x_wconf 81' lang='grc' dir='ltr'><em>Οὐδέ</em></span> <span class='ocrx_word' id='word_1_174' title='bbox 436 2616 485 2656; x_wconf 90' lang='grc' dir='ltr'><em>γε</em></span> <span class='ocrx_word' id='word_1_175' title='bbox 517 2601 643 2655; x_wconf 77' lang='grc' dir='ltr'><em>σῶμα</em></span> <span class='ocrx_word' id='word_1_176' title='bbox 674 2600 823 2649; x_wconf 84' lang='grc' dir='ltr'><em>τυπείς</em></span> <span class='ocrx_word' id='word_1_177' title='bbox 1181 2640 1183 2642; x_wconf 72' lang='grc'><em>,</em></span> 
     </span>
     <span class='ocr_line' id='line_1_30' title="bbox 284 2665 1175 2728; baseline -0.007 -13"><span class='ocrx_word' id='word_1_178' title='bbox 284 2674 459 2728; x_wconf 77' lang='grc' dir='ltr'><em>διφυεῖς</em></span> <span class='ocrx_word' id='word_1_179' title='bbox 489 2688 534 2715; x_wconf 88' lang='grc' dir='ltr'><em>τε</em></span> <span class='ocrx_word' id='word_1_180' title='bbox 566 2669 703 2727; x_wconf 85' lang='grc' dir='ltr'><em>κόρας</em></span> <span class='ocrx_word' id='word_1_181' title='bbox 734 2667 991 2713; x_wconf 79' lang='grc' dir='ltr'><em>ἐπιλάθεται</em></span> <span class='ocrx_word' id='word_1_182' title='bbox 1023 2665 1175 2721; x_wconf 77' lang='grc' dir='ltr'><em>ἀλκᾶς,</em></span> 
     </span>
    </p>
   </div>
   <div class='ocr_carea' id='block_1_15' title="bbox 212 2802 1744 2930">
    <p class='ocr_par' dir='ltr' id='par_1_15' title="bbox 212 2802 1744 2930">
     <span class='ocr_line' id='line_1_31' title="bbox 309 2802 1744 2866; baseline -0.009 -5"><span class='ocrx_word' id='word_1_183' title='bbox 309 2827 366 2862; x_wconf 79' lang='lat' dir='ltr'><em>Fr.</em></span> <span class='ocrx_word' id='word_1_184' title='bbox 397 2829 451 2861; x_wconf 86' lang='lat'><em>16.</em></span> <span class='ocrx_word' id='word_1_185' title='bbox 502 2825 610 2860; x_wconf 68' lang='lat' dir='ltr'>Philo</span> <span class='ocrx_word' id='word_1_186' title='bbox 643 2824 721 2859; x_wconf 77' lang='lat' dir='ltr'><strong>lud.</strong></span> <span class='ocrx_word' id='word_1_187' title='bbox 749 2827 818 2858; x_wconf 83' lang='lat'><em>885</em></span> <span class='ocrx_word' id='word_1_188' title='bbox 845 2821 871 2857; x_wconf 87' lang='lat' dir='ltr'>c</span> <span class='ocrx_word' id='word_1_189' title='bbox 898 2822 970 2866; x_wconf 76' lang='lat' dir='ltr'><strong>(ed.</strong></span> <span class='ocrx_word' id='word_1_190' title='bbox 996 2819 1164 2855; x_wconf 81' lang='lat' dir='ltr'>Francos.</span> <span class='ocrx_word' id='word_1_191' title='bbox 1193 2802 1316 2863; x_wconf 57' lang='grc'>1691),</span> <span class='ocrx_word' id='word_1_192' title='bbox 1352 2816 1430 2851; x_wconf 78' lang='grc' dir='ltr'><em>Τοῦ</em></span> <span class='ocrx_word' id='word_1_193' title='bbox 1464 2813 1506 2850; x_wconf 67' lang='grc' dir='ltr'><em>δὲ</em></span> <span class='ocrx_word' id='word_1_194' title='bbox 1539 2814 1625 2859; x_wconf 71' lang='grc' dir='ltr'><em>περὶ</em></span> <span class='ocrx_word' id='word_1_195' title='bbox 1656 2810 1744 2854; x_wconf 65' lang='grc' dir='ltr'><em>τοὺς</em></span> 
     </span>
     <span class='ocr_line' id='line_1_32' title="bbox 212 2857 1741 2930; baseline -0.01 -20"><span class='ocrx_word' id='word_1_196' title='bbox 212 2870 375 2930; x_wconf 52' lang='lat' dir='ltr'><em>{qmbus-</em></span> <span class='ocrx_word' id='word_1_197' title='bbox 401 2871 610 2918; x_wconf 77' lang='grc' dir='ltr'><em>ἐναγωνίου</em></span> <span class='ocrx_word' id='word_1_198' title='bbox 637 2870 821 2918; x_wconf 81' lang='grc' dir='ltr'><em>μέμνηται</em></span> <span class='ocrx_word' id='word_1_199' title='bbox 847 2869 911 2905; x_wconf 74' lang='grc' dir='ltr'><em>καὶ</em></span> <span class='ocrx_word' id='word_1_200' title='bbox 937 2866 957 2903; x_wconf 86' lang='grc' dir='ltr'><strong>ὁ</strong></span> <span class='ocrx_word' id='word_1_201' title='bbox 984 2864 1202 2914; x_wconf 82' lang='grc' dir='ltr'><em>τραγικὸς</em></span> <span class='ocrx_word' id='word_1_202' title='bbox 1225 2862 1320 2900; x_wconf 80' lang='grc' dir='ltr'><em>’Ἰων</em></span> <span class='ocrx_word' id='word_1_203' title='bbox 1347 2861 1410 2899; x_wconf 77' lang='grc' dir='ltr'><em>διὰ</em></span> <span class='ocrx_word' id='word_1_204' title='bbox 1436 2859 1597 2897; x_wconf 77' lang='grc' dir='ltr'><em>τούτων·</em></span> <span class='ocrx_word' id='word_1_205' title='bbox 1633 2857 1741 2897; x_wconf 71' lang='grc' dir='ltr'><em>Οὐδ’</em></span> 
     </span>
    </p>
   </div>
   <div class='ocr_carea' id='block_1_16' title="bbox 213 2909 1744 3016">
    <p class='ocr_par' dir='ltr' id='par_1_16' title="bbox 213 2909 1744 3016">
     <span class='ocr_line' id='line_1_33' title="bbox 213 2909 1743 2967; baseline -0.01 -10"><span class='ocrx_word' id='word_1_206' title='bbox 213 2935 290 2967; x_wconf 67' lang='lat' dir='ltr'><em>oye</em></span> <span class='ocrx_word' id='word_1_207' title='bbox 317 2925 391 2957; x_wconf 84' lang='grc' dir='ltr'><em>κτλ.</em></span> <span class='ocrx_word' id='word_1_208' title='bbox 441 2921 485 2957; x_wconf 90' lang='lat' dir='ltr'><em>V.</em></span> <span class='ocrx_word' id='word_1_209' title='bbox 514 2925 545 2957; x_wconf 86' lang='lat'><em>1.</em></span> <span class='ocrx_word' id='word_1_210' title='bbox 580 2917 670 2955; x_wconf 74' lang='grc' dir='ltr'><em>οὐδὲ</em></span> <span class='ocrx_word' id='word_1_211' title='bbox 704 2931 744 2964; x_wconf 82' lang='grc' dir='ltr'><em>γε</em></span> <span class='ocrx_word' id='word_1_212' title='bbox 772 2917 919 2964; x_wconf 80' lang='lat' dir='ltr'>scripsi,</span> <span class='ocrx_word' id='word_1_213' title='bbox 951 2916 1149 2962; x_wconf 75' lang='lat' dir='ltr'>legebatur</span> <span class='ocrx_word' id='word_1_214' title='bbox 1181 2909 1266 2949; x_wconf 78' lang='grc' dir='ltr'><em>οὐδ’</em></span> <span class='ocrx_word' id='word_1_215' title='bbox 1303 2909 1381 2957; x_wconf 79' lang='grc' dir='ltr'><em>ὅγε,</em></span> <span class='ocrx_word' id='word_1_216' title='bbox 1414 2910 1477 2946; x_wconf 85' lang='lat' dir='ltr'><em>sed</em></span> <span class='ocrx_word' id='word_1_217' title='bbox 1512 2909 1743 2955; x_wconf 77' lang='lat' dir='ltr'>geminatum</span> 
     </span>
     <span class='ocr_line' id='line_1_34' title="bbox 214 2957 1744 3016; baseline -0.009 -11"><span class='ocrx_word' id='word_1_218' title='bbox 214 2965 278 3016; x_wconf 74' lang='grc' dir='ltr'><em>ὅγε</em></span> <span class='ocrx_word' id='word_1_219' title='bbox 307 2982 338 3005; x_wconf 88' lang='lat' dir='ltr'><em>v.</em></span> <span class='ocrx_word' id='word_1_220' title='bbox 369 2974 385 3004; x_wconf 92' lang='lat'>1</span> <span class='ocrx_word' id='word_1_221' title='bbox 416 2970 453 3003; x_wconf 75' lang='lat' dir='ltr'><em>et</em></span> <span class='ocrx_word' id='word_1_222' title='bbox 478 2972 499 3002; x_wconf 88' lang='grc'>4</span> <span class='ocrx_word' id='word_1_223' title='bbox 525 2979 599 3003; x_wconf 89' lang='lat' dir='ltr'><em>non</em></span> <span class='ocrx_word' id='word_1_224' title='bbox 625 2966 829 3002; x_wconf 82' lang='lat' dir='ltr'>ferendum.</span> <span class='ocrx_word' id='word_1_225' title='bbox 879 2965 921 3000; x_wconf 93' lang='lat' dir='ltr'><em>V.</em></span> <span class='ocrx_word' id='word_1_226' title='bbox 945 2969 961 2998; x_wconf 96' lang='lat'>1</span> <span class='ocrx_word' id='word_1_227' title='bbox 985 2964 1024 2998; x_wconf 76' lang='lat' dir='ltr'><em>et</em></span> <span class='ocrx_word' id='word_1_228' title='bbox 1042 2967 1076 3005; x_wconf 83' lang='lat'><em>2,</em></span> <span class='ocrx_word' id='word_1_229' title='bbox 1097 2972 1190 3008; x_wconf 83' lang='lat' dir='ltr'>quos</span> <span class='ocrx_word' id='word_1_230' title='bbox 1208 2962 1321 2996; x_wconf 79' lang='lat' dir='ltr'>antea</span> <span class='ocrx_word' id='word_1_231' title='bbox 1339 2958 1522 3002; x_wconf 84' lang='lat' dir='ltr'>coniunxi,</span> <span class='ocrx_word' id='word_1_232' title='bbox 1547 2958 1590 2991; x_wconf 81' lang='lat' dir='ltr'><em>ut</em></span> <span class='ocrx_word' id='word_1_233' title='bbox 1614 2957 1744 3002; x_wconf 78' lang='lat' dir='ltr'><strong>hepta-</strong></span> 
     </span>
    </p>
   </div>
  </div>
 </body>
</html>
