1890 3216
720 201 1095 241 DEMOSTHENES.
1593 201 1680 245 333

140 312 244 349 brem
269 311 382 347 istam
416 311 767 357 lamentationem*)
795 310 1037 348 Demostheni
1062 309 1359 347 adversariorum
1389 309 1595 346 calumnias
1628 320 1681 345 re-

139 358 286 396 fellenti
311 358 407 395 nulli
439 359 549 406 plane
581 359 663 395 usui
697 359 828 402 fnisse,
861 358 990 405 itaque
1022 369 1106 395 cum
1139 359 1313 402 conatur,
1346 369 1454 393 suum
1485 357 1680 394 inventum

140 418 225 453 cum
251 406 515 443 Demosthenis
542 407 664 444 verbis
689 407 907 452 conciliare,
932 407 1148 453 interpretis
1175 405 1300 443 officio
1319 405 1391 442 'fun
1421 416 1485 442 ens
1505 404 1545 441 id
1565 418 1678 441 unum

139 455 221 502 agit
238 456 282 491 ut
300 454 542 491 difficultates
569 455 779 501 argutando
806 458 844 491 et
869 453 1081 491 cavillando
1107 454 1254 498 eludat;
1282 465 1370 490 nam
1432 453 1681 498 emosthenes,

167 504 340 549 ostquam
367 502 489 539 scriba
524 503 758 550 epigramma
789 502 977 546 recitavit,
1010 502 1186 539 continuo
1220 502 1258 538 in
1290 502 1546 538 adversarium
1579 501 1679 538 inve-

139 515 257 587 hitur:
290 546 461 596 ἀκούεις,
499 550 668 597 Αἰσχίνη,
708 551 773 587 καὶ
806 548 847 587 ἐν
883 548 986 599 αὐτῷ
1021 547 1141 598 τούτῳ
1177 547 1219 586 τὸ
1257 548 1417 596 Μηδὲν
1451 546 1682 596 ἁμαρτεῖν

140 595 236 635 ἔστι
267 598 390 634 θεῶν
424 599 503 634 καὶ
535 596 683 635 πάντα
714 599 983 643 κατορθοῦν
1015 595 1059 634 ού
1089 599 1138 647 τῷ
1165 595 1361 647 συμβούλῳ
1387 595 1456 644 τὴν
1489 597 1557 634 τοῦ
1590 611 1678 634 κατ·

140 646 288 692 ορθοῦν
318 643 410 688 τοὺς
434 643 735 693 ἀγωνιζομένους
766 643 973 692 ἀνέθηκε
1000 644 1183 692 δύναμιν,
1216 642 1309 682 ἀλλὰ
1342 650 1421 687 τοῖς
1444 647 1565 687 θεοῖς.
1592 645 1681 682 Pla·

144 694 298 732 nissime
324 697 484 741 apparet
509 706 673 738 versum,
701 705 813 741 quem
838 694 994 731 adhibet
1019 695 1159 736 orator,
1187 694 1389 740 repetitum
1416 704 1495 730 esse
1523 705 1567 730 ex
1602 693 1678 740 epi-

139 743 366 789 grammate,
391 743 491 788 quod
518 743 628 779 modo
659 743 698 778 in
724 742 900 779 concione
934 741 1206 787 recitatum.**)
1257 740 1510 778 Nihilominus
1548 740 1683 779 Kaibel

70 788 78 796 '
139 800 185 827 eo
208 790 435 827 temeritatis
467 801 684 837 progressus
715 791 790 835 est,
819 792 863 826 ut
894 789 1123 826 confidenter
1154 789 1371 835 affirmaret,
1397 789 1558 825 scribam
1590 790 1682 826 reci-

139 837 279 875 tavisse
299 832 339 873 'a
365 836 489 884 χρόνε,
509 839 700 875 παντοίων
728 841 816 882 κτλ.,
843 838 1064 874 insimulans
1088 837 1210 874 virum
1236 837 1539 874 honestissimum
1566 837 1679 873 simul

139 885 263 922 malae
287 885 433 922 fraudis
459 888 498 923 et
523 886 725 922 stultitiae:
751 897 838 922 nam
858 885 1129 922 Demosthenes
1149 885 1180 921 si
1200 897 1286 921 usus
1307 884 1578 932 epigrammate
1604 884 1678 922 isto

140 932 304 970 alienum
331 944 500 977 versum,
527 934 591 980 qui
617 945 691 970 non
716 933 854 969 incisus
880 935 963 970 erat
986 933 1024 969 in
1051 933 1195 979 lapide,
1228 933 1440 969 clanculum
1472 933 1681 978 substituit,

140 992 280 1028 poenas
307 981 417 1017 huius
442 981 653 1018 calumniae
678 981 807 1018 statim
834 981 989 1018 daturus
1016 980 1158 1023 fuisset,
1179 991 1341 1027 namque
1365 979 1468 1016 fraus
1494 981 1681 1017 neminem

139 1030 291 1075 poterat
315 1029 442 1066 latere.
493 1029 698 1066 Laboranti
732 1028 905 1065 Kaibelio
932 1029 1031 1064 visus
1057 1029 1114 1064 est
1146 1028 1344 1065 Kirchhoff
1370 1029 1584 1074 subvenire,
1616 1029 1681 1068 do—

140 1076 220 1113 cuit
245 1076 346 1113 enim
378 1077 521 1113 scholio
553 1077 696 1114 inedito
722 1076 894 1123 Gregorii
919 1077 1008 1113 Naz.
1042 1088 1130 1112 usus
1162 1087 1311 1112 versum
1344 1075 1465 1123 μηδὲν
1496 1073 1681 1123 ἁμαρτεῖν

142 1120 221 1160 ἐστὶ
251 1124 359 1160 θεῶν
393 1124 519 1171 (θεοῦ)
552 1125 617 1160 καὶ
648 1123 773 1160 πάντα
805 1125 1025 1170 κατορθοῦν
1059 1135 1103 1160 ex
1137 1124 1338 1160 Simonidis
1371 1125 1493 1171 elegia
1525 1124 1580 1166 εἰς
1610 1124 1680 1170 τὴν

141 1172 363 1218 Μαραθῶνι
388 1170 513 1219 μάχην
539 1172 742 1219 repetitum
769 1184 862 1218 esse,
882 1172 1010 1219 itaque
1036 1172 1266 1208 existimavit
1283 1172 1572 1209 Demosthenem
1598 1184 1680 1219 per-

141 1221 282 1267 vagato
319 1220 390 1256 hoc
427 1232 554 1266 versu,
592 1221 696 1257 cuius
735 1222 866 1257 auctor
896 1232 971 1257 non
1002 1220 1154 1267 ignotus
1185 1222 1284 1265 erat,
1315 1220 1364 1256 ad
1400 1231 1504 1256 suam
1530 1232 1680 1257 causam

140 1267 325 1314 agendam
350 1279 459 1304 usum
491 1279 581 1305 esse.
632 1270 683 1305 At
714 1270 885 1316 apertum
918 1270 990 1314 est,
1024 1271 1212 1305 oratorem
1247 1279 1321 1304 non
1356 1268 1586 1305 Simonidem
1619 1269 1680 1306 vel

137 1315 253 1352 alium
279 1317 445 1352 veterem
468 1318 619 1362 poetam
645 1319 781 1353 testem
808 1317 1003 1362 adhibere,
1038 1316 1103 1353 sed
1130 1316 1414 1363 epigrammatis
1447 1316 1679 1363 scriptorem.

138 1363 270 1409 Itaque
288 1363 493 1408 Kirchhoff,
513 1366 557 1400 ut
582 1376 685 1401 suam
713 1365 901 1401 obtineret
926 1375 1088 1409 causam,
1109 1364 1216 1401 clavo
1244 1365 1391 1400 clavum
1417 1365 1578 1401 tundens
1599 1376 1678 1402 ver·

138 1423 218 1448 sum
244 1412 341 1448 hunc
366 1411 415 1448 ab
439 1412 564 1448 aliena
589 1424 701 1448 manu
721 1412 984 1449 Demosthenis
1008 1412 1132 1449 verbis
1157 1412 1339 1448 insertum
1365 1423 1446 1448 esse
1473 1412 1678 1450 arbitratur

139 1459 228 1506 (vid.
253 1459 390 1496 Kaibel
414 1460 541 1506 Epigr.
567 1473 602 1496 n.
629 1464 707 1506 27),
733 1460 974 1496 subditicium
1000 1459 1146 1497 scilicet
1171 1460 1422 1506 epigramma,
1449 1471 1522 1506 quo
1549 1463 1678 1498 carent

138 1509 176 1543 Σ
192 1507 333 1553 aliique
353 1508 452 1552 libri,
471 1508 753 1554 interpolationi
780 1520 910 1544 ansam
936 1508 1095 1553 dedisse,
1115 1520 1211 1554 quae
1237 1508 1285 1543 ad
1311 1519 1439 1545 omnes
1465 1508 1581 1545 libros
1602 1509 1674 1546 De-

139 1555 393 1592 mosthenicos
419 1555 560 1602 pariter
585 1556 632 1592 sit
657 1557 878 1603 propagata.
930 1557 1004 1593 Sed
1035 1557 1106 1593 hoc
1137 1568 1286 1602 quoque
1317 1567 1456 1592 vanum
1489 1567 1677 1594 commen-

142 1605 241 1639 tum:
278 1614 366 1638 nam
405 1603 521 1640 etiam
554 1604 586 1639 si
617 1606 769 1641 auctore
799 1603 1032 1640 Kirchhoffio
1064 1604 1327 1641 Demosthenis
1360 1605 1476 1641 verba
1514 1604 1553 1640 in
1579 1605 1678 1642 hunc

140 1651 291 1688 modum
317 1651 611 1687 circumcideris:
638 1649 794 1693 ἀκούεις
818 1651 988 1698 Αἰσχίνη,
1025 1648 1070 1688 ού
1097 1652 1147 1701 τῷ
1174 1649 1372 1710 συμβούλῳ
1398 1649 1467 1698 τὴν
1493 1654 1561 1689 τοῦ
1589 1666 1678 1689 κατ-

140 1699 287 1745 ορθοῦν
327 1697 414 1740 τοὺς
452 1696 756 1746 ἀγωνιζομένους
781 1697 951 1746 ἀνέθηκε
985 1697 1168 1747 δύναμιν,
1208 1698 1302 1736 αλλὰ
1339 1705 1415 1741 τοῖς
1445 1703 1564 1745 θεοῖς,
1593 1712 1674 1748 per-

139 1746 309 1793 spicuum
335 1750 403 1793 est,
429 1749 615 1783 oratorem
641 1748 847 1784 clausulam
872 1748 1064 1794 poematii,
1090 1747 1191 1794 quod
1209 1749 1474 1784 Demosthenis
1498 1748 1586 1785 libri
1618 1760 1679 1785 ex—

139 1794 282 1840 hibent,
307 1806 381 1831 non
406 1795 500 1831 illud
527 1795 704 1842 elogium,
724 1796 824 1840 quod
845 1796 980 1832 Kaibel
1001 1796 1207 1840 substituit,
1227 1796 1444 1842 respexisse.
1454 1796 1533 1842 ***)
1560 1797 1680 1843 Igitur

139 1842 171 1878 si
196 1842 257 1878 cui
282 1842 515 1889 epigramma
540 1843 579 1879 in
605 1843 711 1880 libris
739 1843 1038 1880 Demosthenicis
1074 1846 1326 1890 propagatum
1359 1844 1600 1880 subditicium
1627 1846 1680 1881 vi-

138 1889 257 1936 detur,
283 1901 368 1926 eum
395 1892 545 1937 oportet
570 1892 784 1937 concedere,
811 1904 925 1941 unum
951 1892 1050 1928 hunc
1078 1903 1225 1928 versum
1253 1903 1332 1928 esse
1357 1892 1516 1928 liberum
1536 1904 1559 1929 a
1577 1893 1676 1928 frau-

234 2023 267 2070 *)
294 2023 451 2061 Carmen
476 2024 657 2070 permolle
684 2026 723 2061 et
747 2024 944 2071 querulum
977 2024 1154 2070 (ludentis
1187 2027 1244 2061 est
1275 2026 1466 2062 παντοίων
1489 2052 1496 2060 .
1517 2054 1525 2061 .
1549 2054 1556 2061 .
1583 2038 1677 2060 παν·

140 2073 334 2115 επίσκοπε,
359 2071 452 2108 item
476 2072 570 2108 πᾶσι
597 2101 603 2109 .
625 2099 632 2108 .
655 2100 663 2108 .
690 2071 866 2117 παθέων)
890 2085 965 2109 non
990 2073 1142 2119 publico
1168 2073 1232 2108 sed
1258 2074 1407 2119 privato
1433 2075 1676 2109 monumento

139 2121 287 2157 videtur
311 2119 563 2165 subscriptum
589 2119 713 2165 fuisse,
739 2120 899 2156 fortasse
926 2121 1060 2156 statuis
1089 2121 1252 2157 virorum
1278 2121 1442 2165 fortium,
1464 2121 1530 2166 qui
1549 2121 1676 2157 Lami-

136 2179 204 2205 aco
229 2167 330 2203 bello
357 2167 456 2213 apud
481 2167 654 2204 Plataeas
689 2168 921 2204 occiderunt:
955 2169 1249 2205 necessariorum
1284 2169 1407 2216 pietas
1439 2169 1512 2204 hoc
1543 2181 1673 2205 monu-

137 2216 306 2270 mentum
337 2214 485 2270 erexit‚·
503 2216 818 2270 quemadmodum
851 2215 1042 2262 Aphareus
1074 2216 1249 2253 Isocratis
1280 2217 1399 2262 patris
1431 2218 1594 2253 statuam
1629 2218 1676 2253 ad

138 2263 676 2365 OlymAEYUNssqicigdilrffiglriatur
707 2311 971 2358 gravissimum
1001 2312 1074 2348 hoc
1106 2314 1389 2358 argumentum,
1423 2313 1454 2348 si
1480 2312 1564 2358 quis
1591 2324 1674 2348 cum

137 2358 290 2396 Reiskio
317 2361 356 2395 et
381 2358 581 2405 Spengelio
606 2359 723 2395 verba
747 2359 813 2395 καὶ
840 2357 882 2395 ἐν
907 2356 1010 2408 αύτῷ
1035 2358 1156 2408 τούτῳ
1181 2361 1364 2407 tanquam
1390 2360 1512 2397 otiosa
1539 2372 1676 2406 expun-

138 2407 244 2444 xerit.
297 2407 433 2444 Orator
458 2406 537 2452 ipse
562 2407 733 2452 proxima
757 2408 994 2466 paragrapho
1021 2411 1089 2444 288
1115 2408 1315 2445 manifesto
1341 2408 1554 2455 praemunit
1578 2409 1675 2444 hanc

138 2455 344 2491 adversarii
362 2453 642 2491 refutationem:
669 2448 698 2503 ᾧ
717 2468 789 2500 γαρ
811 2452 981 2496 ἐκείνους
999 2456 1175 2501 σωθῆναι
1193 2456 1258 2492 καὶ
1277 2457 1579 2502 κατορθῶσαι
1605 2455 1675 2502 μά-

104 2517 109 2522 ·
135 2505 241 2539 λιστα
261 2500 452 2548 διέφερεν,
471 2495 580 2543 οὗτος
598 2502 663 2538 καὶ
682 2501 890 2539 παθόντων
916 2498 940 2539 ἃ
966 2500 1017 2550 μή
1043 2500 1129 2540 ποτ’
1158 2501 1308 2550 ὤφελον
1333 2505 1399 2550 τῆς
1425 2501 1521 2550 ὑπὲρ
1547 2501 1672 2539 ἀποίν-

139 2564 213 2586 των
244 2547 362 2596 λύπης
397 2553 570 2586 πλεῖστον
608 2555 790 2596 μετεῖχεν.
823 2551 957 2597 quibus
989 2552 1113 2587 verbis
1145 2551 1430 2598 epigrammatis
1465 2552 1672 2587 clausulam

138 2598 273 2645 respici
298 2600 465 2645 apparet.
516 2598 599 2634 Huc
624 2598 720 2634 adde
746 2598 927 2635 Themist.
961 2596 1058 2645 τάχα
1084 2596 1131 2645 δὴ
1157 2597 1199 2635 τὸ
1227 2596 1443 2646 ἐπίγραμμα
1469 2596 1674 2656 ἄληθέστε·

141 2658 219 2690 ρον,
246 2641 266 2681 ὃ
289 2642 487 2691 Ἀθήνησιν
514 2643 786 2691 ἐπιγέγραπται
819 2643 860 2682 ἕν
885 2646 936 2695 τῷ
961 2644 1070 2694 τάφῳ
1102 2647 1153 2695 τῷ
1179 2648 1364 2695 δημοσίῳ·
1398 2647 1463 2682 καὶ
1493 2661 1566 2692 γαρ
1597 2652 1677 2688 τοῖς

140 2696 249 2734 θεοῖς
274 2691 404 2740 μόνοις
428 2691 470 2729 τὸ
496 2691 623 2730 πάντα
655 2693 874 2740 κατορθοῦν
907 2691 1102 2740 ἀπονέμει.
1142 2694 1207 2739 qui
1238 2695 1342 2731 locus
1375 2697 1475 2731 certe
1501 2696 1678 2739 ostentat,

141 2741 453 2786 quemadmodum
479 2741 568 2777 olim
595 2742 697 2777 docti
721 2741 891 2778 homines
916 2741 1155 2788 interpretati
1180 2742 1256 2778 sint
1280 2742 1581 2779 Demosthenem.

236 2788 314 2835 ***)
343 2788 399 2825 Ex
430 2788 488 2825 his
521 2789 706 2836 angustiis
739 2790 771 2825 si
803 2789 886 2835 quis
912 2789 1186 2826 Kirchhoffium
1213 2789 1388 2836 expedire
1414 2792 1586 2834 conetur,
1613 2802 1677 2826 ne-

142 2846 244 2873 cesse
277 2837 334 2872 est
366 2838 528 2882 statuat,
553 2839 620 2873 aut
644 2837 860 2873 universum
886 2837 985 2873 hunc
1010 2837 1133 2873 locum
1160 2837 1340 2874 orationis
1365 2837 1677 2875 Demosthe-nicae

146 2886 180 2927 (ἓ
206 2887 288 2921 289.
309 2886 394 2929 290)
419 2885 468 2920 ab
492 2884 762 2931 interpolatore
788 2896 867 2921 esse
892 2885 1084 2930 insertum,
1105 2886 1172 2921 aut
1195 2885 1427 2931 epigramma
1444 2886 1558 2932 istud,
1577 2887 1678 2932 quod

145 2931 187 2967 in
217 2931 331 2968 Anth.
364 2932 442 2968 Pal.
476 2932 633 2978 legitur,
665 2933 834 2969 clausula
865 2943 943 2969 esse
974 2932 1163 2978 orbatam,
1196 2944 1307 2979 quarn
1340 2932 1609 2970 Demosthenes
1641 2936 1679 2972 et

145 2978 307 3025 scriptor
332 2979 524 3016 subditicii
550 2980 834 3026 epigrammatis
858 2981 1099 3017 servaverint.
