1890 3216
777 204 1119 243 XENOPHANES.
1637 210 1654 251 1
1666 209 1719 251 13

309 311 493 371 ἀνδρῶν
526 311 598 371 ἠδ’
634 315 782 359 ἵππων
814 312 1002 374 ἡμετέρη
1036 318 1185 373 σοφίη.

246 382 345 430 ἀλλ’
380 387 476 442 εἰκῆ
510 385 629 443 μάλα
660 389 793 432 τοῦτο
826 391 1067 445 νομίζεται·
1102 386 1210 432 οὐδὲ
1242 389 1419 433 δίκαιον

306 461 568 516 προκρίνειν
600 458 758 517 ῥώμην
789 462 867 517 τῆς
899 457 1075 517 ἀγαθῆς
1106 462 1280 517 σοφίης.

176 539 220 573 16
246 526 351 573 οὔτε
381 527 468 587 γὰρ
502 532 544 574 εί
573 530 741 588 πύκτης
772 529 949 588 ἀγαθος
979 536 1127 576 λαοῖσι
1160 535 1329 589 μετείη,

306 598 401 645 οὔτ’
438 604 479 645 ει’
508 608 797 659 πενταθλεῖν,
832 601 935 648 οὔτε
967 602 1362 661 παλαισμοσύνην,

248 670 357 718 οὐδὲ
388 672 471 731 μὲν
503 677 543 718 εί
572 677 781 733 ταχυτῆτι
813 677 988 732 ποδῶν,
1020 675 1072 721 τό
1104 676 1185 733 πέρ
1219 677 1310 720 ἐστι
1342 674 1562 734 πρότιμον

307 745 460 803 ῥώμης
492 744 589 792 ὅσσ’
626 745 808 804 ἀνδρῶν
841 745 932 805 ἔργ’
969 749 1017 792 ἐν
1050 745 1194 804 ἀγῶνι
1226 748 1367 804 πέλει,

245 815 459 862 τοῦνεκεν
492 815 550 863 ἄν
583 816 639 875 δὴ
671 820 844 876 μᾶλλον
878 820 926 863 ἐν
959 817 1147 877 εὐνομίῃ
1180 819 1308 872 πόλις
1340 825 1430 876 εἴη·

174 899 220 933 20
306 888 495 948 σμικρὸν
528 887 570 934 δ’
605 888 664 934 ἄν
694 907 736 934 τι
767 888 896 934 πόλει
928 888 1077 948 χάρμα
1108 889 1273 947 γένοιτ’
1310 891 1380 936 ἐπὶ
1411 894 1494 952 τῷ,

246 966 291 1006 εί
316 978 382 1014 τις
413 960 649 1006 ἀεθλεύων
680 964 792 1022 νικῷ
825 965 974 1006 Πίσαο
1006 960 1111 1020 παρ’
1148 961 1307 1020 ὄχθας·

307 1030 363 1077 οὐ
393 1031 481 1092 γὰρ
513 1037 682 1078 πιαίνει
711 1035 853 1078 ταῦτα
884 1031 1056 1091 μυχοὺς
1087 1032 1270 1086 πόλεως.

932 1144 973 1188 3.

245 1213 517 1272 Αβροσύνας
548 1213 598 1258 δὲ
630 1213 857 1271 μαθόντες
887 1212 1146 1272 ἀνωφελέας
1177 1211 1296 1272 παρὰ
1330 1218 1519 1272 Λυδῶν,
1648 1229 1717 1262 479

306 1284 428 1345 ὄφρα
457 1289 703 1345 τυραννίης
732 1279 850 1343 ἦσαν
882 1284 996 1330 ἄνευ
1028 1289 1264 1344 στυγερῆς,

245 1357 381 1416 ἤϊσαν
414 1361 477 1411 εἰς
508 1356 682 1416 ἀγορὴν
714 1359 1030 1417 παναλουργέα
1061 1356 1194 1418 φάρε’
1230 1361 1425 1416 ἔχοντες,

307 1429 363 1476 οὐ
395 1434 547 1489 μείους
579 1427 727 1488 ὥσπερ
759 1434 895 1488 χίλιοι
927 1433 990 1484 εἰς
1022 1431 1204 1488 ἐπίπαν,

175 1550 233 1587 ed.
259 1554 294 1586 2.
321 1546 393 1586 οὐκ
419 1563 482 1586 ων.
510 1571 555 1576 -
581 1550 625 1586 V.
649 1554 720 1586 14.
737 1546 900 1595 ἀγαθῆς,
927 1550 1164 1587 Valckenaer
1187 1547 1344 1596 ἀγανῆς.
1371 1572 1415 1577 -
1444 1551 1486 1587 V.
1516 1555 1569 1588 15.
1597 1555 1718 1588 λαοῖσι

175 1599 304 1645 μετείη
325 1597 549 1655 Stephanus,
569 1584 766 1644 legebatur
783 1601 930 1633 λαοῖσιν
952 1595 1004 1634 ε”τ
999 1600 1099 1656 εἴη.
1120 1598 1224 1635 —V.
1248 1603 1301 1636 17.
1326 1599 1505 1658 ταχυτῆτι
1530 1600 1719 1659 Schweig-

177 1646 350 1691 haeuser,
364 1658 399 1682 v.
415 1643 604 1692 ταχύτητι.
620 1645 717 1683 -V.
734 1649 788 1683 19.
804 1659 853 1681 αν
866 1646 974 1691 ΑΒΡ,
994 1660 1042 1692 αρ
1057 1646 1133 1684 VL.
1148 1646 1245 1682 V.
1260 1651 1318 1682 20.
1337 1644 1491 1692 γένοιτ’,
1512 1647 1541 1682 Ρ
1560 1646 1717 1693 μένοιτῖ

177 1715 222 1722 --
248 1694 293 1731 V.
320 1697 378 1729 2.1
405 1695 528 1730 Πίσαο
554 1690 662 1739 παρ’,
688 1694 718 1728 Β
744 1694 856 1735 πίσας
881 1707 997 1738 παρα.
1023 1715 1069 1720 --
1095 1694 1139 1730 V.
1161 1699 1218 1730 22.
1243 1694 1400 1741 respicit
1425 1695 1719 1740 Eust.11.1299,

176 1746 233 1778 22.
271 1741 418 1778 Deinde
436 1741 689 1788 Xenophanes
709 1741 859 1778 videtur
878 1742 1018 1778 dixisse
1037 1742 1163 1788 potius
1182 1742 1283 1778 viros
1305 1744 1349 1778 de
1370 1743 1525 1779 civitate
1545 1742 1719 1779 universa

175 1800 221 1826 ac
245 1789 408 1836 publicis
433 1790 545 1825 rebus
577 1790 672 1826 bene
703 1790 858 1825 meritos
890 1790 949 1826 his
972 1790 1158 1845 ‚praemiis
1189 1791 1376 1826 ornandos
1409 1802 1517 1835 esse,
1540 1793 1651 1836 plane
1677 1794 1719 1827 ut

175 1839 234 1874 est
258 1837 359 1884 apud
384 1837 604 1892 Euripidem
627 1837 667 1873 in
692 1836 890 1883 Autolyco,
917 1838 982 1883 qui
1008 1840 1051 1874 ut
1074 1841 1176 1874 recte
1202 1838 1472 1874 animadvertit
1493 1839 1718 1883 Athenaeus,

177 1884 420 1931 Xenophanis
444 1885 610 1932 vestigia
635 1886 813 1931 sequitur.
865 1885 1024 1922 Carmen
1050 1887 1149 1922 enim
1175 1886 1247 1925 hoc
1269 1886 1428 1945 longius
1454 1887 1569 1922 etiam
1593 1887 1718 1932 fuisse,

176 1932 366 1992 significat
388 1933 472 1979 ipse
497 1934 732 1970 Athenaeus.
758 1931 910 1969 Πολλα
943 1932 992 1970 δὲ
1018 1933 1095 1970 καὶ
1119 1931 1230 1970 α”λλα
1263 1931 1284 1970 ὁ
1318 1932 1595 1992 Ξενοφάνης
1620 1934 1716 1970 κατὰ

175 1979 246 2038 τὴν
273 1977 414 2017 ἑαυτοῦ
441 1982 582 2027 σοφίαν
603 1978 889 2026 ἐπαγωνίζεται,
910 1979 1124 2029 διαβάλλων
1145 1979 1194 2023 ὡς
1213 1978 1402 2028 ἄχρηστον
1422 1982 1487 2017 καὶ
1506 1979 1719 2024 ἀλυσιτελες

175 2026 218 2064 τὸ
244 2026 310 2075 τὴς
323 2025 534 2075 vemas-mg
559 2027 670 2069 εἶδος.
722 2041 950 2075 quamquam
977 2029 1137 2066 fortasse
1164 2030 1279 2066 etiam
1305 2029 1408 2075 alibi,
1428 2031 1532 2066 velut
1557 2030 1595 2065 in
1616 2030 1717 2066 Sillis

175 2076 277 2112 idem
301 2079 566 2123 argumentum
590 2077 730 2124 attigit.
785 2077 879 2113 Vide
905 2076 1261 2114 commentationem
1288 2089 1411 2114 meam
1444 2077 1489 2113 de
1515 2078 1650 2113 Babrio
1676 2078 1714 2114 in

178 2124 259 2160 The
284 2124 464 2160 Classical
490 2125 660 2161 Museum
686 2124 895 2171 N.V111p
936 2130 1014 2162 116.

272 2172 332 2208 Fr.
359 2177 392 2208 3.
441 2173 578 2208 Athen.
611 2172 681 2208 XII
713 2176 782 2208 526
816 2174 865 2209 Α·
870 2137 1138 2231 ΡΚολοφώνιοι
1170 2169 1221 2217 δ’,
1254 2170 1304 2214 ὥς
1335 2185 1428 2218 φησι
1444 2170 1717 2228 Φύλαρχος,

175 2217 246 2276 τὴν
271 2216 392 2266 ἀρχὴν
418 2217 525 2262 ὄντες
550 2220 698 2266 σκληροὶ
738 2219 780 2257 ἐν
805 2226 888 2262 ταῖς
914 2218 1098 2279 ἀγωγαῖς,
1133 2201 1221 2258 ἐπεὶ7
1248 2220 1302 2262 εἰς
1332 2218 1481 2278 τρυφὴν
1514 2202 1717 2263 ἕξωκειλαν

175 2265 270 2312 πρὸς
294 2264 447 2309 Λυδους
472 2270 603 2313 φιλίαν
628 2268 694 2304 καὶ
720 2271 935 2326 συμμαχίαν
961 2267 1229 2327 ποιησάμενοι,
1254 2266 1445 2327 προῄεσαν
1473 2270 1717 2326 διησκημένοι

178 2314 246 2356 τὰς
269 2313 392 2362 κόμας
416 2317 539 2365 χρυσῷ
559 2314 698 2370 κόσμῳ,
719 2314 769 2358 ὡς
794 2317 858 2353 καὶ
885 2315 1161 2362 Ξενοφανης
1187 2318 1320 2362 φησίν·
1344 2314 1616 2361 Ἀφροσύνας
1640 2319 1715 2353 κτλ.

178 2362 353 2399 Ceterum
378 2364 447 2400 hos
471 2376 600 2400 versus
625 2363 775 2400 videtur
799 2365 1032 2411 Phylarchus
1057 2365 1300 2410 descripsisse
1332 2376 1379 2400 ex
1409 2364 1589 2408 carmine,
1607 2365 1717 2409 quod

179 2412 298 2453 κτίσις
322 2412 553 2457 Κολοφῶνος
577 2412 800 2457 inscriptum
825 2413 915 2456 fuit,
941 2413 979 2448 in
1005 2425 1079 2458 quo
1111 2414 1275 2448 carmine
1309 2424 1392 2448 cum
1423 2416 1537 2458 poeta
1571 2413 1716 2458 patriae

122 2480 127 2486 ·
178 2458 341 2513 origines
367 2460 407 2496 et
430 2459 637 2515 primordia
662 2460 865 2506 diligenter
888 2461 1173 2504 illustravisset‚
1199 2460 1314 2496 etiam
1339 2471 1385 2495 ea
1405 2462 1594 2516 tempora,
1620 2471 1716 2504 quae

177 2505 349 2543 insecuta
374 2511 475 2552 suut,
499 2507 662 2565 strictim
687 2509 860 2554 attigisse
886 2507 1048 2544 videtur.
1076 2529 1120 2534 —
1141 2508 1184 2543 V.
1213 2513 1243 2543 1.
1265 2504 1486 2553 Ἅβροσύνας
1512 2507 1716 2543 Schneider

179 2554 288 2612 Saxo,
313 2555 401 2590 libri
425 2553 656 2600 ἀφροσύνας.
679 2577 719 2581 -
743 2556 786 2591 V.
808 2560 840 2592 2.
860 2557 1076 2601 τυραννίης,
1102 2556 1274 2591 Meineke
1299 2555 1522 2600 τυραννείης
1550 2576 1587 2580 -
1620 2548 1716 2599 ἦσαν

178 2615 274 2638 ανευ
301 2604 483 2648 στυγερῆς
508 2602 683 2646 Dindorf‚
715 2603 748 2638 A
773 2616 869 2649 ησσα
893 2616 962 2639 νευ
988 2604 1186 2649 στυγερῆς,
1220 2604 1249 2638 Β
1274 2614 1438 2648 ησσανευ
1465 2603 1659 2647 στυγερῆς,
1686 2602 1715 2637 Ρ

176 2661 302 2705 ῃσσαν
329 2651 568 2696 εὕστυγερῆς,
589 2651 652 2687 Vl.
679 2644 776 2696 ἦσαν
773 2618 866 2686 ηέπὶ
893 2651 1082 2696 στυγερῆς
1133 2650 1383 2696 Tyrannidem
1411 2657 1522 2695 poeta
1547 2649 1716 2695 appellat

204 2698 241 2733 el
265 2698 434 2744 ipsorum
459 2699 646 2754 Lydorum
672 2698 869 2744 imperium
904 2698 964 2734 vel
997 2698 1241 2734 domesticam
1274 2696 1586 2739 dominationem,
1619 2708 1715 2741 quae

222 2746 247 2781 b
279 2747 469 2790 Lydorum
493 2746 650 2792 imperio
684 2745 801 2792 Colop
805 2746 938 2782 honios
969 2746 1171 2792 oppressit.
1207 2757 1293 2780 nam
1325 2745 1418 2780 haec
1450 2744 1596 2779 luxuria
1627 2748 1714 2779 ante

178 2793 323 2828 bellum
349 2805 432 2830 cum
458 2794 573 2840 Lydis
599 2794 779 2830 effloruit:
779 2760 959 2830 pAristot.
986 2794 1066 2829 Pol.
1094 2793 1143 2828 IV
1170 2798 1202 2838 3,
1229 2796 1266 2827 8:
1295 2788 1377 2827 οὔτ’
1406 2788 1455 2826 ἂν
1482 2789 1520 2827 οἱ
1542 2790 1715 2827 πλούσιοι

179 2838 244 2876 διὰ
270 2838 312 2877 τὸ
340 2854 436 2877 κατα
463 2842 612 2887 πλῆθος
636 2839 853 2897 υπερέχειν,
873 2842 1019 2902 δῆμος·
1052 2839 1134 2876 οἷον
1168 2823 1209 2876 ἐν
1235 2839 1439 2884 Κολοφῶνι
1465 2837 1506 2874 τὸ
1533 2837 1714 2874 παλαιόν·

181 2884 265 2924 ἐπεὶ
288 2902 362 2946 γαρ
388 2880 591 2947 ἐκέκτηντο
613 2888 767 2947 μακρὰν
795 2886 927 2925 οὐσίαν
954 2887 993 2924 οἷ
1016 2889 1169 2928 πλείους
1187 2888 1276 2933 πρὶν
1302 2886 1487 2944 γενέσθαι
1511 2884 1577 2922 τὸν
1604 2884 1714 2922 πόλι-τ

181 2948 252 2991 μον
276 2934 344 2972 τὸν
369 2934 462 2981 πρὸς
492 2938 654 2978 Λυδους.
680 2957 725 2963 —
752 2937 795 2973 V.
823 2941 855 2972 3.
882 2934 996 2982 ἤϊσαν
1021 2935 1209 2978 Meineke,
1236 2936 1350 2980 vulgo
1380 2931 1509 2981 ᾔεσαν.
1539 2955 1580 2960 -
1609 2934 1653 2971 V.
1679 2938 1713 2969 4.

181 2994 305 3030 ωσπερ
330 2984 408 3028 ΑΒ,
433 2982 529 3031 ἥπερ
554 2985 661 3029 PVL,
686 2985 761 3022 vid.
788 2984 912 3020 Solon.
938 2984 983 3019 fr.
1010 2988 1066 3027 36,
1096 2988 1150 3019 18.
1178 2983 1223 3018 cf.
1251 2982 1485 3020 Schoemann
1518 2982 1564 3018 de
1596 2982 1715 3018 Parti-

251 3049 382 3076 romu
401 3049 480 3077 Ln.
510 3051 554 3078 11.
1407 3046 1429 3079 8
