1890 3216
818 182 1079 221 THEOGNIS.
1629 183 1715 227 209

353 294 408 351 σῇ
441 292 575 350 φρενὶ
606 290 850 350 βούλευσαι
883 294 947 353 σῷ
980 290 1142 353 ἀγαθῷ
1175 308 1221 337 τε
1253 290 1360 352 νόῳ.

292 365 384 409 τῶν
416 361 502 422 γὰρ
534 364 821 422 μαινομένων
835 364 1025 426 ,πέτεται
1056 362 1205 421 θυμός
1236 381 1282 408 τε
1313 362 1421 417 νόος
1450 381 1517 420 τε,

304 448 311 456 ·
352 433 494 493 βουλὴ
529 434 572 479 δ’
609 438 672 489 εἰς
703 433 883 494 ἀγαθὸν
914 435 987 480 καὶ
1019 434 1128 488 νόος
1160 434 1330 481 ἐσθλὸν
1363 434 1475 493 ἄγει.

175 603 267 638 1055
289 588 419 636 Ἀλλὰ
451 577 589 648 λόγον
621 590 704 648 μὲν
735 593 898 636 τοῦτον
931 590 1145 650 ἐάσομεν,
1178 588 1321 650 αὐτὰρ
1355 591 1454 648 ἐμοὶ
1486 589 1544 635 σύ

352 661 502 719 αὔλει,
533 663 608 707 καὶ
643 665 846 708 Μουσῶν
878 660 1131 721 μνησόμεθ’
1167 661 1428 722 ἀμφότεροι.

294 728 427 780 αὗται
458 733 546 793 γὰρ
577 732 678 780 τάδ’
715 737 889 780 ἔδωκαν
921 738 1038 793 ἔχειν
1069 734 1367 794 κεχαρισμένα
1401 736 1526 794 δῶρα

357 806 429 852 σοὶ
460 806 534 851 καὶ
567 806 665 864 ἐμοὶ
695 805 830 864 τιμὴν
861 804 1297 866 κᾶμφιπερικτίοσιν.

301 960 551 1020 Τιμαγόρα,
583 964 764 1007 πολλῶν
797 959 942 1020 ὀργὴν
974 959 1231 1020 ἀπάτερθεν
1264 959 1430 1020 ὁρῶντι
1655 975 1725 1006 550

175 1046 268 1079 1060
352 1046 596 1092 γινωσκειν
626 1032 843 1092 χαλεπόν,
873 1037 1032 1093 καίπερ
1065 1033 1186 1079 ἐόντι
1218 1036 1360 1094 σοφῷ.

271 1224 316 1261 V.
346 1228 447 1260 1052.
491 1222 710 1271 βούλευσαι,
744 1225 774 1261 O
801 1225 1023 1280 βουλεῦσαι,
1055 1225 1092 1260 el
1125 1223 1384 1273 βεβούλευσαι.
1424 1245 1468 1251 ——-
1503 1225 1556 1273 σῷ
1588 1223 1726 1274 ἀγαθῷ

174 1286 214 1309 τε
246 1270 324 1321 νόῳ
356 1273 443 1309 libri
473 1273 546 1308 nisi
577 1273 676 1319 quod
702 1275 735 1308 A
762 1285 837 1309 σωτ
889 1272 978 1319 (fuit
1012 1272 1110 1309 olins
1136 1284 1221 1317 σωι,
1261 1274 1304 1308 ut
1337 1285 1371 1309 v.
1398 1276 1468 1309 498
1503 1262 1595 1319 πίνη
1599 1287 1629 1318 ι,
1662 1263 1726 1308 ub‘i

175 1322 208 1356 A
245 1309 403 1367 πίνητᾛ)
440 1320 470 1356 O
501 1319 633 1357 τέκνω.
691 1321 828 1357 Hiatus
863 1321 1048 1367 asperitas
1082 1320 1299 1367 mitigatur,
1338 1321 1440 1366 quod
1483 1321 1563 1357 iota
1607 1301 1725 1356 dativi

176 1370 266 1405 nota.
299 1368 390 1404 olim
425 1379 501 1405 non
534 1369 646 1415 plane
678 1369 885 1414 obmutuit,
917 1368 1045 1414 itaque
1078 1369 1164 1404 huie
1190 1368 1320 1414 generi
1346 1368 1470 1405 hiatus
1496 1380 1571 1404 non
1605 1369 1727 1404 solum

178 1416 217 1452 in
243 1415 452 1452 Homericis
485 1416 729 1461 carminibus,
762 1417 826 1453 sed
858 1416 997 1462 passim
1032 1416 1148 1452 etiam
1173 1416 1214 1452 in
1243 1415 1407 1452 Pindaro
1432 1416 1544 1452 venia
1575 1419 1728 1462 parata3

179 1464 228 1500 ad
272 1463 433 1500 eundem
482 1465 635 1500 modum
679 1445 871 1511 Theognis
912 1469 1026 1511 supra.
1067 1476 1102 1500 v.
1147 1467 1218 1500 977
1262 1465 1400 1511 κραδίῃ
1446 1458 1490 1501 εὖ
1534 1465 1726 1521 πείσομαι.

177 1512 287 1548 Haud
325 1511 401 1548 scio
438 1523 486 1548 an
524 1513 640 1548 verba
682 1512 720 1547 in
764 1512 864 1548 hunc
897 1512 1051 1548 modum
1095 1511 1322 1548 traiicienda.
1364 1512 1440 1548 sint
1478 1512 1529 1561 σῷ
1568 1525 1607 1548 τε
1647 1509 1725 1561 νόῳ

177 1556 333 1608 αγαθῷ,
372 1570 457 1595 cum
495 1561 607 1596 antea
637 1560 786 1601 inverso
828 1559 963 1596 ordine
989 1562 1105 1605 poeta
1135 1559 1185 1595 sit
1215 1571 1303 1595 usus
1321 1561 1479 1643 ἅβαθείῃ
1517 1560 1578 1615 σῇ
1602 1549 1727 1615 φρενζ.

177 1607 246 1643 Est
277 1607 376 1642 enim
415 1607 607 1654 Theognis
648 1607 828 1644 orationis
872 1608 1075 1644 artificiose
1108 1618 1317 1662 componen
1347 1618 1392 1643 ae
1428 1608 1600 1653 inprimis
1633 1608 1729 1653 peri-

176 1656 238 1691 tus
263 1656 378 1701 atque
404 1655 453 1691 ob
483 1655 524 1690 id
556 1655 680 1701 ipsum
714 1654 870 1691 Isocrati
902 1655 1104 1701 probatus,
1138 1655 1205 1700 qui
1236 1655 1316 1691 iure
1348 1656 1417 1691 has
1442 1655 1583 1702 elegias
1609 1668 1672 1701 τεχ
1675 1669 1730 1691 νι-

179 1702 254 1744 κῶς
277 1701 539 1759 πεποιημένας
573 1703 787 1739 arbitratur.
826 1702 983 1739 Hiatum
1007 1703 1119 1738 huius
1145 1702 1222 1739 loci
1240 1702 1402 1739 sustulit
1411 1703 1559 1739 Ahrens
1586 1714 1655 1739 scr.
1677 1704 1728 1750 σῷ

176 1746 395 1834 ἑαᾱῖἔὲἕέἔ
408 1747 1728 1857 1321531‘1}²33?¹³.32¹¹;2⁶}.2¹2¹2,2¹¹¹.÷:'‘52¹3ss5533321⁵¹22..¹¹2‘;.¹32³.¹2

176 1842 253 1894 νόῳ
279 1857 348 1882 scr.
375 1866 420 1872 —-
454 1845 499 1882 V.
528 1850 632 1883 1053.
658 1844 731 1892 γὰρ
757 1858 831 1882 om.
856 1846 882 1883 f.
919 1868 960 1872 —
988 1859 1233 1892 μαινομενων
1258 1859 1416 1882 πετεται
1427 1847 1499 1904 A,
1534 1846 1728 1905 μαρναμέ-

177 1906 254 1929 νων
274 1891 478 1952 μαχεται*.
501 1892 662 1940 μάχεται
679 1894 838 1931 fortasse
857 1895 1124 1937 revocandum,
1152 1894 1198 1930 cf.
1218 1905 1252 1930 v.
1274 1897 1341 1930 631
1371 1888 1437 1952 ᾧτ’
1467 1893 1526 1930 ἔνι
1545 1892 1594 1941 μὴ
1618 1893 1725 1940 κρέσ-

178 1953 254 1977 σων
278 1941 408 1998 θυμοῦ
433 1939 524 1983 νόος
548 1945 624 1979 κτλ.
651 1963 696 1969 -
721 1940 828 1987 νόος,
854 1940 931 1978 νόω
959 1943 1005 1978 el.
1039 1963 1081 1969 -
1106 1924 1151 1978 V.
1180 1946 1284 1978 1054.
1311 1939 1364 1988 δ’,
1389 1938 1426 1978 σ’
1450 1943 1492 1979 O.
1516 1964 1558 1968 -
1587 1941 1654 1999 εἰς,
1682 1954 1730 1989 cg
1784 1960 1788 1963 -

179 1986 229 2030 ἔς.
251 2009 295 2016 -
314 1987 406 2030 νόος
426 1986 565 2026 ἐσθλὸν
585 1990 730 2047 scripsi,
756 1990 845 2025 libri
871 1987 964 2026 νόον
990 1987 1145 2036 ἐσθλὸν,
1170 1990 1347 2036 Hartung
1371 1988 1461 2031 νόος
1487 1987 1625 2031 ἐσθλὸς
1649 2002 1728 2026 cor-

179 2037 288 2082 rexit,
314 2039 414 2074 recte
440 2049 528 2074 sane
553 2035 643 2079 νόος
667 2038 886 2081 restituens,
911 2038 977 2074 sed
997 2019 1145 2073 ἐσθλὸν
1160 2049 1236 2073 non
1254 2040 1338 2074 erat
1356 2038 1591 2082 mutandum,
1617 2049 1730 2083 quem

178 2087 292 2131 poeta
317 2084 410 2120 dicit
435 2085 592 2121 consilio
618 2087 658 2122 et
681 2087 808 2121 mente
833 2097 922 2131 pros
952 2097 1016 2122 ero
1043 2096 1218 2121 successu
1241 2085 1316 2131 uti,
1349 2097 1434 2121 cum
1460 2086 1729 2131 desipientium

178 2132 287 2168 irrita
319 2132 394 2169 sint
432 2133 599 2170 consilia.
634 2155 677 2161 -
710 2133 755 2169 V.
784 2137 887 2169 1055.
922 2098 1105 2192 Ξάσομεν,
1138 2114 1316 2188 ἐάσομαι
1332 2134 1380 2179 0,
1414 2130 1586 2179 ἐάσωμεν
1612 2133 1647 2168 h.
1686 2154 1731 2160 ·—-

181 2180 224 2217 V.
254 2184 356 2216 1056.
389 2181 570 2238 Μουσῶν,
604 2182 644 2217 in
675 2180 875 2228 proecdosi
906 2179 1096 2217 Μουσέων
1129 2180 1270 2227 scripsi.
1309 2201 1355 2207 —
1390 2181 1434 2218 V.
1464 2186 1567 2218 1057.
1601 2175 1733 2226 αὗται,

179 2228 228 2264 Μ.
257 2228 428 2264 Schmidt
453 2225 594 2270 αὐτοῖς.
624 2250 668 2255 —-
697 2229 737 2264 V.
761 2232 864 2266 1058.
891 2226 1004 2275 τιμὴν
1030 2226 1390 2275 καμφιπερικτίοσιν
1416 2230 1568 2265 auctore
1597 2228 1727 2265 Came-

179 2275 279 2312 rario
309 2276 443 2312 timide
476 2277 607 2313 refinxi
639 2277 809 2313 adhibito
840 2287 915 2312 non
950 2277 1063 2322 plane
1098 2276 1274 2312 dissimili
1309 2277 1392 2313 loco
1427 2288 1461 2313 v.
1492 2281 1584 2312 1346
1610 2278 1674 2313 σοί
1695 2290 1731 2312 τι

179 2321 359 2370 περισσὸν
386 2321 482 2366 Ζευς
513 2321 600 2360 τόδε
633 2322 791 2371 τιμήσας
823 2289 975 2370 δῶρονΡ
982 2323 1126 2360 ἔδωκεν
1158 2322 1271 2370 ἔχειν.
1322 2325 1373 2361 Ut
1405 2325 1467 2360 hic
1499 2322 1610 2371 τιμὴν
1643 2325 1728 2360 sub-

179 2371 360 2418 iunctum,
390 2371 447 2408 ita
477 2382 537 2419 ap.
564 2373 673 2409 Hom.
700 2372 743 2408 Il.
771 2376 804 2408 A
832 2377 898 2408 197
925 2371 1044 2413 κλέος.
1081 2371 1317 2418 Quamquam
1343 2373 1420 2408 alia.
1451 2384 1601 2418 quoque
1636 2372 1728 2408 licet

180 2419 398 2473 periclitari,
418 2420 523 2456 velut
542 2431 624 2457 cum
646 2420 735 2456 Ahr.
756 2419 953 2466 μελέμεν
974 2416 1010 2454 δ’
1032 2432 1129 2465 αμφ.
1166 2419 1294 2456 Satius
1313 2420 1474 2456 fortasse
1497 2421 1728 2456 emendatio-

136 2507 139 2512 ·
181 2466 239 2503 nis
256 2467 423 2514 periculo
443 2468 645 2514 abstinere,
666 2480 751 2504 cum
756 2434 862 2513 μςιιιά
882 2467 1091 2525 antiquitus
1112 2466 1162 2503 sit
1181 2468 1363 2503 traditum
1386 2468 1612 2524 ignoremus
1639 2479 1727 2503 nam

178 2515 295 2551 testes
309 2526 459 2561 prorsus
472 2515 709 2560 dissentiunt,
724 2515 759 2550 A
772 2528 841 2561 μεν
858 2512 895 2550 δ’
901 2515 955 2559 ‚0
970 2516 1041 2550 νῦν
1045 2513 1264 2561 ,proletarii
1277 2512 1352 2562 μὴν
1371 2516 1434 2562 (cg
1452 2513 1530 2561 μὴν
1544 2517 1610 2550 καὶ
1626 2516 1728 2550 haud

179 2562 292 2599 dubie
318 2574 364 2598 ex
390 2565 511 2608 corr.‚)
537 2575 654 2610 prava.
672 2545 741 2599 illa
760 2529 911 2608 quideni
937 2562 1090 2608 pariter,
1115 2574 1203 2599 nam
1222 2574 1342 2608 neque
1362 2563 1580 2599 sententiae
1605 2574 1727 2620 neque

179 2621 334 2647 numero
359 2623 489 2647 versus
515 2612 703 2648 laboranti
728 2611 965 2647 subveniunt.
1015 2609 1167 2646 Brunck
1199 2610 1348 2656 scripsit
1379 2610 1444 2646 καὶ
1479 2608 1554 2667 μὴν
1590 2607 1729 2656 udum„

181 2657 331 2694 Bekker
355 2658 421 2694 καὶ
446 2656 534 2706 μὴν,
560 2659 781 2715 {Ieimsoeth
801 2656 864 2694 διὰ
887 2658 962 2706 νῷν
983 2654 1021 2693 δ’
1043 2654 1092 2701 ἆ.,
1123 2658 1264 2694 Ahrens
1285 2657 1446 2704 μελέμεν
1472 2654 1524 2702 δ’,
1551 2658 1726 2704 Hartung

183 2704 353 2752 μέλπειν,
379 2706 429 2743 Μ.
457 2707 629 2743 Schmidt
653 2720 785 2753 νωμαν
811 2702 848 2741 δ’
878 2695 939 2742 vel
964 2685 1156 2750 μεταδοῦν
1182 2702 1233 2741 δ’.
1278 2705 1430 2742 Conieci
1457 2706 1548 2741 olim
1574 2705 1633 2741 σοὶ
1662 2705 1727 2741 καὶ

185 2751 252 2800 ἒμο
254 2755 287 2799 ί,
314 2756 355 2790 Ν
361 2758 512 2799 αννοι
545 2750 922 2811 καμφιπερικτίοσινε
954 2755 997 2788 ut
1029 2753 1246 2789 Mimnermi
1277 2754 1318 2788 hi
1342 2752 1483 2789 fuerint
1507 2756 1646 2798 versus,
1688 2753 1727 2789 id

183 2767 287 2847 quod,
308 2802 421 2838 etiam
447 2814 544 2838 nunc
575 2804 693 2839 tueor.
733 2822 778 2829 —
817 2798 1162 2847 ἀμφιπερικτίοσιν,
1187 2798 1524 2857 ἄμφιπερικατίοσι
1551 2801 1593 2843 0,
1628 2799 1728 2846 ἀμφὶ

183 2846 431 2894 περιπτύουσι
454 2849 482 2894 f,
508 2846 610 2896 ἀμφὶ
634 2851 843 2907 περικτίοσι
868 2849 964 2884 deln.
989 2869 1032 2874 —
1053 2847 1096 2883 V.
1116 2852 1217 2885 1069.
1249 2845 1456 2894 Τιμαγόρα,
1482 2849 1630 2884 πολλῶν
1658 2847 1728 2885 Ca-

185 2897 376 2942 merarius,
400 2910 564 2943 τιμαγαρ
590 2895 763 2934 απόλλων
790 2900 834 2940 A,
871 2896 960 2942 τιμᾶ
987 2893 1059 2941 γὰρ
1086 2893 1301 2931 ἀπόλλων*.
1333 2917 1378 2922 -
1414 2896 1454 2932 V.
1485 2900 1588 2932 1060.
1619 2893 1729 2942 γινώ-

195 2955 299 2979 σκειν
326 2944 406 2989 ΑΟ,
431 2958 464 2981 v.
490 2943 725 2990 γιγνώσκειν.
1393 2964 1396 2968 ·

259 3011 392 3036 Porum
413 3011 490 3037 Iani.
519 3011 560 3036 11.
1399 3007 1442 3038 14
