1890 3216
201 207 229 249 4
282 227 288 234 ·
743 209 933 246 ΡΟΕΤΑΕ
959 208 1198 247 ELEGIACI.
1255 238 1259 242 .

274 319 362 362 ώδε
393 322 494 375 λιήν
526 319 766 405 μεθιέντες,
800 320 847 363 ἐν
880 318 1034 378 εἰρήνῃ
1068 318 1117 363 δε
1149 321 1316 363 δοκεῖτε
1664 333 1734 366 390

331 383 491 446 ἧσθαι,
525 388 635 447 ἀτὰρ
666 389 858 447 πόλεμος
888 399 1022 447 γαῖαν
1054 382 1233 449 ἃπασαν
1266 393 1365 448 ἔχει.

812 465 838 492 21<
1105 464 1127 488 a<

960 493 983 518 ,κ

225 545 245 575 5
330 537 407 576 καί
435 550 499 584 τις
531 532 834 589 ἀποθνήσκων
865 531 1017 577 ὕστατ’
1053 531 1340 578 ἀκοντισάτω.

270 605 425 660 τιμῆέν
456 606 512 647 τε
533 603 618 661 γάρ
651 605 740 648 ἐστι
772 604 845 648 καὶ
877 603 1049 661 ἀγλαὸν
1081 605 1213 663 ἀνδρὶ
1245 604 1466 662 μάχεσθαι

329 678 410 731 γῆς
440 676 539 733 πέρι
571 675 851 719 καὶ-παίδων
882 678 1113 733 κουριδίης
1143 677 1179 719 τ’
1215 675 1383 734 ἀλόχου

272 747 554 802 δυσμενέσιν·
586 746 786 798 θάνατος
819 746 868 791 δὲ
899 745 990 791 τότ’
1026 750 1218 803 ἔσσεται,
1252 745 1417 791 ὁππότε
1447 764 1524 790 κεν
1557 746 1612 803 δή

330 821 503 875 Μοῖραι
536 817 824 874 έπικλώσωσ’,
857 815 970 861 ἀλλά
1002 835 1068 870 τις
1100 816 1206 869 ἰθὺς
1238 822 1315 861 ἴτω

139 886 143 890 ’
202 901 243 932 10
269 891 395 945 ἔγχος
427 886 731 946 ἀνασχόμενος
761 889 835 933 καὶ
867 887 942 933 ὑπ’
978 890 1165 941 ἀσπίδος
1196 887 1385 945 ἄλκιμον
1417 883 1526 947 ἦτορ

330 963 479 1015 ἔλσας,
512 959 561 1004 τὸ
594 963 772 1019 πρῶτον
805 961 1081 1017 μιγνυμένου
1112 961 1321 1017 πολέμου.

197 1115 280 1150 dine
306 1114 436 1150 tritum
463 1114 697 1159 vocabulum,
724 1125 837 1159 quare
863 1114 961 1160 epici
985 1116 1119 1160 poetae
1143 1125 1226 1150 raro
1253 1114 1454 1150 admodum
1479 1115 1645 1160 utuntur,
1666 1115 1732 1160 qui

196 1159 338 1207 ὀλίγος,
365 1159 487 1208 βαιός,
513 1159 653 1202 τυτθός
684 1143 806 1197 dicere
831 1163 1060 1198 maluerunt:
1086 1161 1278 1207 perspexit
1309 1162 1379 1197 hoc
1409 1162 1484 1197 iam
1510 1162 1734 1198 Aristoteles

196 1210 299 1245 Poet
328 1221 358 1245 c.
386 1214 442 1254 23,
469 1210 536 1265 qui
558 1211 658 1244 recte
685 1209 876 1244 existimat
900 1209 1015 1245 vilem
1040 1210 1121 1245 fieri
1152 1209 1356 1245 orationem
1391 1210 1421 1244 si
1453 1211 1566 1255 poeta
1590 1210 1661 1245 νῦν
1688 1208 1732 1246 δέ

196 1255 236 1302 μ’
272 1254 345 1293 ε’ὠν
378 1253 565 1313 σμικρός
595 1269 633 1291 τε
667 1256 731 1291 καὶ
763 1253 968 1297 ἀσθενικὸς
998 1257 1064 1292 καὶ
1096 1254 1228 1302 ἀειδὴς
1261 1257 1322 1292 vel
1358 1258 1495 1303 δίφρον
1532 1254 1702 1303 μοχθη

197 1304 381 1345 καταθεὶς
406 1317 572 1362 μικραν
605 1317 642 1339 τε
670 1302 860 1361 τράπεζαν
891 1305 1042 1350 proprio
1074 1317 1161 1340 usus
1192 1304 1304 1340 verbo
1338 1305 1510 1349 dixisset,
1542 1316 1625 1340 cum
1658 1271 1732 1340 5:33

196 1349 350 1397 ὀλίγος
383 1354 421 1387 01,
452 1348 611 1397 ὀλίγην
643 1365 681 1387 τε
715 1349 903 1396 τράπεζαν
935 1354 1089 1388 venuste
1121 1353 1243 1387 dicere
1275 1351 1415 1388 liceret.
1466 1352 1596 1397 Neque
1632 1353 1733 1398 quod

196 1400 359 1435 Callinus
385 1396 508 1444 ὀλίγος
533 1400 570 1434 01,
595 1398 714 1444 μέγας
733 1399 863 1444 iunxit,
883 1400 963 1434 iure
983 1400 1248 1456 reprehendas:
1274 1410 1361 1435 nam
1386 1401 1457 1436 hoc
1477 1411 1624 1457 quoque
1644 1401 1732 1436 ante

197 1446 384 1482 Callinum
419 1447 493 1482 iam
527 1447 711 1482 Homerus
743 1447 916 1482 adhibuit
948 1446 1016 1482 Od.
1043 1461 1065 1482 κ
1092 1451 1152 1483 93:
1191 1443 1235 1483 οὗ
1268 1445 1337 1491 μὲν
1372 1460 1442 1492 γαρ
1474 1444 1558 1483 ποτ’
1598 1444 1731 1490 ἀέξετο

196 1491 296 1540 κῦμά
322 1490 359 1539 γ’
390 1490 430 1529 έν
457 1491 558 1541 αὐτῷ
586 1507 673 1529 ουτε
701 1491 785 1539 μέγ’
814 1491 895 1530 οὔτ’
930 1493 1067 1540 ὀλίγον.
1119 1494 1234 1530 Porro
1259 1493 1479 1540 Bernhardy
1503 1507 1537 1530 v.
1567 1499 1609 1530 19
1634 1494 1732 1541 θνή-
1770 1499 1774 1503 ⁴

195 1554 347 1582 σκοντος
372 1530 579 1597 vituperat,
612 1542 710 1595 quod
736 1542 771 1576 ei
797 1541 995 1578 videbatur
1025 1543 1139 1588 poeta
1170 1541 1282 1577 metri
1315 1541 1532 1577 necessitati
1556 1542 1734 1578 obediens

195 1595 261 1634 pro
296 1586 487 1629 θανόντος
519 1589 705 1634 posuisse:
738 1591 778 1624 at
808 1601 883 1624 non
915 1591 1001 1625 sunt
1030 1589 1124 1624 talia
1155 1590 1203 1624 ad
1236 1589 1363 1625 vivum
1394 1589 1613 1625 resecanda:
1643 1601 1732 1625 nam

195 1637 309 1673 etiam
334 1635 517 1671 Pindarus
544 1636 639 1671 dixit
665 1637 720 1672 01.
747 1635 799 1670 IX
825 1641 870 1672 34
884 1635 1033 1691 βρότεα
1060 1633 1209 1682 σώμαθ’
1244 1630 1268 1695 ᾇ
1295 1634 1454 1682 κατάγει
1478 1639 1610 1672 κοίλαν
1635 1634 1733 1682 πρὸς

194 1681 335 1742 ἀγυιὰν
360 1681 620 1719 θνασκόντων.
650 1683 856 1729 Aeschylus
881 1684 920 1719 in
947 1684 1098 1729 Septem
1118 1688 1186 1719 242
1213 1683 1262 1730 μή
1289 1697 1371 1729 νυν,
1399 1682 1468 1720 ἐὰν
1493 1681 1733 1741 θνήσκοντας

193 1728 216 1776 ἢ
257 1731 512 1791 τετρωμένους
537 1728 728 1776 πύθησθε.
775 1731 976 1777 Sophocles
1007 1732 1046 1766 in
1077 1731 1227 1775 Electra
1257 1743 1341 1767 011111
1372 1744 1406 1766 v.
1434 1735 1478 1766 59
1510 1745 1603 1766 οταν
1633 1729 1731 1780 λόγῳ

193 1776 327 1814 θανών
365 1778 505 1834 ἔργοισι
536 1779 648 1814 σωθῶ
677 1778 906 1836 scripsisset,
940 1779 1073 1814 deinde
1105 1776 1180 1824 ἤδη
1210 1777 1283 1825 γὰρ
1321 1777 1425 1814 εἶδον
1457 1777 1636 1820 πολλάκις
1666 1769 1731 1814 καὶ

193 1825 281 1867 τοὺς
320 1824 462 1871 σοφοὺς
498 1824 596 1872 λόγῳ
635 1839 756 1871 ματην
790 1824 1029 1871 θνήσκοντας
1065 1827 1212 1884 posuit3
1248 1827 1339 1862 item
1380 1826 1419 1861 in
1460 1826 1730 1872 epigrammate
1798 1857 1801 1859 ,
1858 1864 1859 1870 ,

126 1877 141 1892 ”
193 1874 320 1909 Attico
353 1874 465 1909 Anth
491 1873 529 1908 P.
558 1873 719 1909 V11247
752 1872 943 1918 αγγελος.
995 1875 1163 1920 ,γενοῦ,
1190 1871 1273 1915 ὡς.
1361 1874 1536 1909 Βοιωτων
1569 1877 1730 1915 κλεινοῖς

193 1919 410 1967 θνήσκομεν
433 1919 473 1956 ἐν
495 1920 687 1965 δαπέδοις,
708 1922 808 1966 quod
827 1921 972 1960 Kaibel
986 1933 1179 1966 perperam
1200 1923 1249 1957 ad
1267 1922 1450 1967 proelium
1471 1921 1728 1958 Chaeronense

193 1969 351 2004 rettulit.
390 1968 443 2003 Ac
464 1969 524 2003 vel
545 1949 726 2014 pedest’ris
746 1968 923 2004 orationis
944 1969 1142 2014 scriptores
1161 1968 1260 2005 hunc
1280 1969 1385 2004 verbi
1403 1981 1512 2004 usum
1530 1980 1604 2004 non
1623 1968 1729 2015 igno-

192 2018 287 2059 rant,
313 2017 418 2052 velut
442 2017 566 2051 Isaeus
593 2016 638 2051 de
663 2015 870 2051 Nicostrati
894 2016 971 2051 her.
998 2020 1042 2051 21
1070 2016 1232 2073 scripsit:
1259 2014 1352 2052 ἀλλὰ
1379 2016 1443 2051 καὶ
1469 2013 1574 2052 ἄλλοι
1599 2016 1729 2052 πολλοὶ

192 2061 265 2121 ἤδη
292 2065 365 2098 τῶν
393 2061 434 2098 ἐν
459 2064 503 2110 τῇ
530 2060 713 2109 ὑπερορίᾳ
739 2060 1063 2108 ἀποθνησκόντων
1091 2061 1180 2099 οὐδὲ
1207 2062 1477 2109 γιγνώσκοντες
1509 2061 1634 2104 ένίους
1664 2065 1729 2109 τῆς

193 2109 322 2151 οὐσίας
347 2108 647 2159 ἠμφισβήτησαν.
697 2111 785 2146 Alia
819 2112 991 2156 exempla
1018 2111 1204 2156 congessit
1236 2113 1368 2147 Iacobs
1401 2111 1449 2147 ad
1480 2110 1633 2147 Anthol.
1660 2111 1729 2147 V11

192 2163 273 2203 207,
300 2162 320 2193 5
347 2159 386 2193 et
410 2170 521 2216 quem
546 2158 611 2193 ille
637 2158 779 2203 laudat,
807 2159 981 2194 Schaefer
1012 2159 1059 2193 ad
1087 2159 1240 2195 Theocr.
1269 2159 1338 2194 VII
1364 2163 1397 2195 2.
1446 2159 1562 2194 Porro
1586 2158 1728 2194 ibidem

191 2218 225 2241 v.
255 2187 297 2241 19
323 2202 429 2248 αξιος
453 2202 624 2251 ἡμιθέων
651 2217 715 2240 0111·
733 2205 975 2259 improbetur,
995 2218 1069 2242 non
1088 2206 1214 2242 video:
1241 2219 1327 2242 nam
1353 2206 1481 2260 pulcre
1501 2205 1597 2242 dixit
1614 2208 1728 2252 poeta

191 2253 311 2288 virum
337 2253 471 2288 fortem
499 2253 587 2288 dum
613 2252 717 2288 vivat
741 2251 924 2288 heroibus
940 2253 1103 2298 antiquis
1129 2253 1383 2300 aequiparari:
1414 2253 1478 2289 hic
1502 2265 1591 2289 usus
1618 2264 1725 2289 voca-

191 2301 271 2335 buli
296 2297 401 2343 ἄξιος
426 2300 657 2353 notissimus:
691 2312 811 2346 neque
835 2299 1007 2346 ἡμιθέων
1032 2312 1167 2337 nomen
1199 2302 1246 2337 ab
1271 2302 1379 2337 huius
1410 2302 1543 2347 poetae
1575 2301 1724 2336 80001110

190 2348 372 2391 alienum,
405 2348 517 2393 quod
537 2350 575 2382 et
605 2347 644 2382 in
674 2348 792 2383 Iliade
825 2350 863 2383 et
894 2349 994 2394 apud
1018 2349 1223 2384 Hesiodum
1254 2350 1410 2395 legitur3
1442 2360 1529 2384 nam
1554 2347 1724 2393 quamvis

191 2396 328 2441 largiar
354 2396 461 2430 illum
486 2390 609 2430 locum
635 2405 708 2430 non
735 2406 814 2430 esse
840 2395 1015 2441 antiquae
1036 2396 1174 2442 Iliadis,
1195 2400 1322 2432 tamen
1341 2396 1478 2432 veteris
1498 2397 1634 2441 poetae
1653 2397 1722 2432 est.

192 2443 359 2487 Denique
386 2443 486 2487 quod
511 2456 543 2478 v.
572 2447 591 2478 9
619 2442 831 2478 adhortatio
856 2443 895 2478 in
921 2443 1045 2479 medio
1070 2444 1306 2490 pentametro
1332 2444 1546 2487 inchoatur,
1570 2453 1720 2478 monen-

190 2490 277 2525 dum
313 2492 368 2525 est
400 2492 544 2525 veteres
575 2490 861 2536 elegiographos
892 2491 1115 2527 Graecorum
1148 2491 1262 2527 etiam
1292 2491 1364 2527 hac
1395 2491 1434 2527 in
1464 2501 1504 2525 re
1528 2490 1723 2525 varietatis

191 2537 376 2573 studiosos
402 2538 526 2580 fuisse,
552 2549 672 2583 neque
698 2538 828 2573 cadere
853 2539 892 2573 in
917 2539 1002 2574 illos
1027 2539 1198 2585 putidam
1225 2538 1478 2585 diligentiam,
1510 2549 1623 2582 quam
1649 2537 1720 2572 Ro-

190 2585 292 2620 mani
317 2585 444 2620 sedulo
471 2586 677 2620 sectantur:
703 2585 775 2620 nisi
799 2586 895 2621 forte
921 2587 1035 2622 etiam
1055 2587 1284 2642 Theognidis
1303 2597 1451 2622 versum
1471 2585 1719 2630 culpabimus:

190 2626 263 2668 ὧδε
291 2631 332 2668 δὲ
359 2633 434 2673 πᾶς
457 2646 511 2672 τις
538 2630 631 2678 ἐρεῖ·
660 2630 868 2678 Θεύγνιδός
894 2631 992 2669 ἐστιν
1019 2633 1090 2680 ἔπη
1117 2635 1182 2670 τοῦ
1210 2633 1430 2679 Μεγαρέως.
1480 2632 1720 2670 Manifestum

188 2691 277 2715 vero
303 2680 436 2715 vitium
463 2680 650 2715 contraxit
676 2679 824 2725 ἔρχεται
842 2693 875 2717 v.
899 2685 955 2726 15,
977 2682 1021 2717 de
1041 2693 1114 2727 quo
1135 2693 1200 2717 suo
1226 2682 1309 2718 loco
1335 2680 1423 2716 dixi.
1442 2700 1490 2706 —
1510 2680 1553 2715 V.
1576 2684 1594 2714 1
1622 2676 1719 2723 κότ’,

189 2727 343 2762 Ursinus
369 2728 443 2764 καί.
475 2748 514 2753 —
542 2727 585 2762 V.
613 2733 645 2764 2.
673 2726 855 2773 αἰδεῖσθ’,
881 2728 914 2763 Α
940 2694 1063 2765 αἰδεῖ(1
1067 2726 1118 2765 δ’.
1140 2750 1184 2755 -
1205 2729 1295 2764 Post
1318 2741 1353 2764 v.
1376 2732 1398 2763 4
1425 2726 1657 2763 Camerarius
1677 2728 1720 2762 ut
1743 2763 1750 2772 ,

188 2775 360 2810 lacunam
398 2775 686 2821 redintegraret,
725 2757 918 2831 addidit-5·
922 2790 964 2812 ευ
998 2774 1044 2812 νύ
1075 2791 1140 2818 τις·
1155 2773 1298 2812 ἀσπίδα
1329 2774 1464 2811 θέσθω
1501 2772 1720 2820 ἐναντιβίως

187 2824 406 2866 πολεμίζων.
456 2823 496 2858 at
520 2823 646 2868 plures
671 2834 796 2858 versus
823 2825 1056 2870 exciderunt,
1083 2824 1217 2870 quibus
1241 2824 1353 2870 poeta
1386 2822 1634 2868 descripserat
1659 2832 1718 2856 ca-

189 2869 378 2904 lamitates
382 2870 550 2914 ,quibus
576 2871 700 2916 patria
725 2872 824 2907 terra
848 2873 938 2906 tunc
963 2872 1226 2928 premebatur,
1239 2871 1337 2906 bello
1356 2871 1399 2906 ut
1416 2869 1566 2905 videtur
1585 2871 1716 2904 contra

187 2916 409 2975 Magnetas
418 2918 574 2953 adversa
594 2918 754 2954 fortuna
788 2920 906 2976 gesto.
932 2941 979 2945 —
1010 2919 1055 2956 V.
1081 2924 1113 2956 8.
1147 2915 1226 2954 τότ’
1253 2919 1314 2954 vel
1338 2914 1415 2980 τοτ’
1450 2917 1478 2951 Β
1515 2919 1554 2952 et
1584 2915 1717 2961 Ursin,

187 2965 299 3010 vulgo
325 2961 422 3000 ποτ’.
451 2987 494 2991 -
522 2962 676 3011 ὁππότε,
702 2966 804 3002 Bach
830 2963 975 3004 ὁκκότε.
