1890 3216
184 189 272 231 476
774 162 1127 227 IAMBOGRAPHI.

845 312 914 354 40.
949 313 1053 366 [22]

274 396 462 452 Σπονὸᾗ
495 410 539 437 τε
571 393 645 437 καὶ
678 380 1001 451 σπλάγχνοισιν
1022 392 1191 453 ἀγρίης
1221 398 1391 453 χοίρου.

844 539 915 581 41.
949 540 1053 594 [27.]

640 620 841 678 Βακκάρι
875 620 925 666 δὲ
955 620 1034 674 τὰς
1065 622 1195 679 ρ”ἴνας

270 690 478 749 ἤλειφον·
510 694 602 736 ἔστι
635 690 678 735 δῖ
715 687 788 737 οἷά
821 708 902 751 περ
934 692 1095 752 κρόκος
1127 729 1136 738 .
1168 729 1177 738 .

912 839 982 881 42.
1649 850 1717 884 764

266 916 359 962 Ἐπ’
395 917 607 977 ἁρμάτων
639 936 685 964 τε
715 920 790 964 καὶ
822 923 1049 978 Θρηϊκίων
1081 920 1244 966 πώλων

268 993 439 1035 λευκῶν
472 989 556 1034 ι’ω’ν
587 989 679 1034 κοτ’
717 990 849 1048 ἐγγὺς
876 990 1011 1037 Ἰλίου
1042 991 1229 1050 πύργων

269 1060 558 1120 άπηναρίσθη
586 1060 763 1120 Ῥῆσος,
796 1066 993 1109 Αίνειῶν
1025 1063 1208 1122 πάλμυς.

913 1210 983 1253 43.

269 1295 462 1334 Κακοῖσι
495 1290 627 1335 δώσω
661 1289 745 1347 τὴν
778 1289 1062 1336 πολύστονον
1093 1291 1259 1349 ψυχήν,

267 1358 324 1418 ἢν
357 1360 415 1418 μὴ
450 1359 716 1420 άποπέμψῃς
749 1360 809 1414 ὡς
839 1362 1023 1421 τάχιστά
1056 1380 1131 1421 μοι
1164 1363 1360 1421 κριθέων

274 1518 332 1552 Fr.
360 1521 416 1554 40.
467 1516 604 1553 Athen.
630 1516 682 1552 IX
708 1517 836 1554 3750:
864 1521 1009 1578 Χοῖρον
1042 1517 1084 1554 δὲ
1104 1516 1229 1559 Ἴωνες
1262 1518 1420 1554 καλοῦσι
1451 1533 1493 1565 τη
1497 1532 1518 1554 ν
1543 1516 1717 1567 θήλειαν,

179 1562 227 1606 ὡς
248 1562 453 1608 Ιππῶναξ·
478 1561 542 1600 Ἑν
569 1565 713 1612 σπονδῇ
741 1568 816 1602 κτλ.
857 1563 898 1602 ἐν
931 1565 1072 1603 delevit
1096 1566 1273 1624 Dindorf‚
1305 1567 1370 1602 sed
1395 1566 1468 1602 fuit
1472 1533 1648 1604 ”fortasse
1674 1566 1717 1605 ἐν

179 1610 213 1648 α’
240 1613 264 1649 i.
280 1625 310 1650 e.
333 1610 374 1649 ἐν
390 1626 437 1658 πρ
442 1626 533 1660 ωτῳ.
571 1613 714 1649 Deinde
735 1611 867 1671 ἀγρίης
886 1613 1027 1670 scripsi,
1053 1614 1166 1660 vulgo
1186 1611 1333 1670 ἀγρίας,
1358 1613 1530 1651 Meineke
1549 1612 1723 1675 άγρείης,

274 1661 330 1696 Fr.
359 1665 415 1696 41.
459 1661 594 1697 Αίῑὴθῐι.
616 1660 684 1696 XV
699 1661 830 1697 690A:
842 1658 1103 1718 Ὀνομάζεταί
1124 1675 1159 1697 τι
1184 1659 1302 1708 μύρον
1330 1659 1527 1710 βάκκαρις·
1554 1659 1601 1699 οὖ
1627 1677 1718 1722 μνη-

179 1705 334 1754 μονεύει
359 1707 424 1744 καὶ
444 1705 668 1751 Ιππῶναξ
696 1706 760 1744 διὰ
786 1706 950 1745 τούτων·
977 1708 1212 1756 Βακκάρει
1237 1713 1311 1746 κτλ.
1339 1730 1382 1735 -
1411 1710 1454 1745 V.
1483 1714 1513 1746 1.
1542 1709 1715 1759 βακκάρι,

177 1756 374 1803 legebatur
419 1753 591 1814 ακκάρει,
612 1756 706 1792 sed
695 1769 734 1792 m
756 1756 782 1792 C
805 1755 965 1811 βακκάρι
989 1769 1101 1803 supra
1120 1758 1311 1803 scriptum,
1337 1757 1383 1794 cf.
1404 1756 1542 1794 Simon.
1563 1759 1715 1806 Amorg.

175 1804 221 1841 fr.
250 1808 304 1840 16.
327 1825 369 1830 -
433 1808 495 1840 ..2
524 1802 585 1839 οἷά
613 1817 683 1850 περ
710 1804 853 1850 scripsi,
881 1806 993 1850 vulgo
1020 1806 1080 1850 οἵη
1101 1818 1182 1850 περ.
1221 1805 1367 1840 Hecker
1385 1816 1580 1851 perperam
1600 1807 1715 1843 verba

179 1850 258 1887 ἔστι
282 1854 358 1887 κτλ
384 1852 432 1887 ab
457 1851 663 1897 interprete
688 1851 819 1887 addita
843 1854 979 1888 censet.

271 1900 330 1934 Fr.
357 1903 414 1935 42.
464 1899 584 1935 Tzetz.
612 1899 670 1934 ad.
697 1900 888 1938 Posthom
914 1912 948 1946 p
977 1903 1027 1958 65
1057 1899 1252 1936 Schirach:
1279 1896 1320 1935 Ο
1345 1899 1386 1934 δὲ
1409 1896 1535 1945 Ρῆσος
1553 1900 1714 1937 Αἰνειῶν

180 1945 333 2008 Θρᾴκης
358 1940 406 1991 ἦν
433 1945 622 2004 βασιλεύς,
648 1943 730 1987 υἷός
755 1944 974 2003 Στρύμονος
1005 1944 1028 1993 ἢ
1051 1945 1219 1988 Ἠιονεος
1244 1946 1308 1982 καὶ
1337 1946 1641 2004 Τερψιχόρης..
1670 1967 1674 1973 ·

176 1992 266 2035 τοὺς
292 1996 431 2035 ἵππους
457 1993 499 2030 δε
522 1991 654 2040 Ρήσου
676 1991 877 2036 Ὀδυσσευς
907 1995 973 2031 καὶ
985 1993 1198 2055 Διομήδης
1230 1991 1382 2040 ἐλήϊσαν
1407 1993 1565 2036 λευκοὺς
1590 1993 1712 2042 ὄντας,

178 2040 228 2083 ὥς
244 2039 407 2087 ’Όμηρός
433 2054 527 2087 φησι
552 2071 559 2077 .
588 2071 596 2079 .
625 2071 632 2078 .
659 2042 724 2077 καὶ
744 2039 949 2086 Ιππιόναξι
977 2040 1045 2079 ἐπ’
1074 2039 1289 2089 ἁρμάτων
1315 2045 1392 2079 κτλ.
1417 2042 1464 2077 cf.
1491 2043 1608 2079 Brink
1626 2044 1715 2080 Phi-

178 2091 243 2126 lol.
270 2090 320 2125 VI
346 2093 401 2126 38
441 2110 485 2115 -
520 2089 562 2125 V
593 2094 610 2125 1
639 2089 749 2126 affert
772 2090 872 2126 idem
898 2091 977 2126 sine
1002 2092 1142 2149 poetae
1164 2102 1261 2126 nom.
1288 2090 1327 2125 in
1338 2090 1533 2149 Exeg.11.
1562 2094 1623 2128 78·
1649 2091 1715 2128 καὶ

177 2135 265 2173 άντὶ
290 2138 364 2173 τῶν
391 2136 539 2172 δασέων
564 2135 665 2194 ψιλὰ
687 2134 918 2183 ἑξεφώνουν,
945 2135 994 2179 ὡς
1019 2137 1097 2196 ἔχει
1123 2135 1147 2184 ἡ
1165 2135 1314 2195 ἀρχαία
1338 2134 1498 2183 Ἰωνική,
1526 2136 1713 2187 ἐπιβρύ-

177 2199 267 2221 κων
293 2182 380 2220 άντὶ
406 2186 474 2220 τοῦ
502 2182 781 2242 ἐπιβρύχων,
807 2186 870 2222 καὶ
897 2183 938 2222 τὸ
967 2183 1029 2222 ἐπ’
1058 2183 1271 2245 άρμάτων
1295 2198 1340 2221 τε
1373 2185 1450 2220 καὶ
1482 2187 1712 2232 Θρηϊκίων

177 2231 357 2278 πώλων,
393 2232 458 2268 καὶ
496 2231 788 2279 μεταρμόσας
826 2234 998 2280 (fortasse
1036 2234 1151 2270 etiam
1189 2230 1449 2281 ἐπιβρύκων
1481 2236 1520 2270 et
1550 2247 1713 2280 μεταρ

176 2262 1134 2388 5323“‹529’52{.012³v¹.p³l'¹¹{3⁰t2⁰.{³33⁶33u33H313131k‘1n
1147 2281 1727 2388 ᾈῆἷὲἓῃὲῗρῗξέἑξέὲηέαέἓῗῖᾗῗ

175 2377 273 2412 unde
305 2376 478 2412 Meineke
510 2378 659 2420 συθείς,
699 2377 959 2413 Schneidewin
984 2374 1078 2422 ὄναρ
1110 2373 1209 2412 κάτ’.
1248 2398 1294 2402 -
1332 2374 1413 2412 κοτ’
1443 2373 1555 2422 ἐγγὺς
1583 2376 1712 2423 Brink,

175 2424 372 2481 legebatur
408 2419 494 2459 κατ’
535 2421 663 2483 ἐγγὺς,
700 2426 733 2459 Α
759 2437 958 2470 κατεγγυς,
995 2424 1169 2460 Meineke
1194 2422 1394 2470 κάτεγγυς,
1425 2424 1601 2470 Hartung
1632 2406 1712 2460 ἰών.

180 2468 279 2507 κᾶτ’
303 2467 424 2517 ἐγγὺς
445 2491 490 2497 —
516 2472 560 2508 V.
582 2476 615 2507 3.
635 2469 881 2518 άπηναρίσθη
903 2472 975 2518 CA,
1001 2469 1244 2529 άπεναρίσθη
1265 2472 1454 2508 Schirach.
1475 2493 1518 2498 —
1539 2471 1711 2518 Αἰνειῶν,

177 2519 438 2555 Schneidewin
462 2518 655 2566 Αἰνειέων,
680 2519 797 2555 Brink
822 2519 972 2559 Αἰνίων.
999 2541 1042 2545 ——
1069 2518 1215 2565 πάλμυς
1241 2519 1511 2564 Schneidewin,
1537 2501 1712 2562 παλάμας

178 2567 366 2610 Schirach,
406 2564 582 2621 βασιλεὺς
618 2567 765 2603 Brinkii
795 2567 893 2604 libri.
945 2568 1118 2604 Ceterum
1150 2569 1263 2603 antea
1293 2566 1503 2603 existimavi
1537 2578 1710 2603 versuum

177 2594 400 2650 sententiam
424 2613 685 2660 imperfectam
711 2627 754 2651 ac
779 2615 1043 2672 fragmentum
1055 2614 1361 2650 conformandum
1387 2626 1466 2651 esse
1491 2614 1562 2650 hoc
1580 2615 1710 2651 modo.

178 2659 240 2697 ἐπ’
268 2660 446 2708 ἁρμάτων
473 2662 537 2698 καὶ
565 2663 738 2708 Θρηκίων
762 2659 896 2698 πώλων
921 2662 1068 2699 λευκῶν
1090 2659 1274 2703 Ἠϊονέος·
1301 2657 1386 2711 κᾷτ’
1415 2659 1527 2708 ἐγγὺς
1551 2665 1626 2698 κτλ.

271 2710 328 2745 Fr.
356 2714 412 2745 43.
463 2710 585 2745 ΤΖθίῡΖ.
613 2700 731 2747 Cram.
758 2712 828 2746 An.
857 2711 922 2747 Ox.
950 2711 999 2745 ΙΙΙ
1025 2713 1110 2746 308:
1143 2698 1338 2768 Δέχονται
1355 2709 1420 2745 καὶ
1445 2707 1711 2771 τρισυλλάβους

178 2756 327 2814 (πόδας)
355 2756 408 2798 εἰς
432 2755 479 2813 ς’,
505 2755 601 2803 πλὴν
628 2756 717 2799 τοὺς
742 2755 818 2793 άπὸ
848 2759 1026 2815 βραχείας
1050 2755 1294 2817 άρχομένους,
1326 2754 1393 2792 τὸν
1423 2761 1572 2803 χορεῖον
1597 2758 1708 2803 φημί,

176 2806 241 2840 καὶ
267 2802 332 2840 τὸν
367 2786 622 2851 ἀνάπαιστον,
654 2803 704 2847 ὡς
735 2803 755 2841 ὁ
784 2803 989 2849 Ιππωναξ·
1023 2803 1075 2842 οὔ
1108 2818 1183 2852 μοι
1214 2808 1289 2841 κτλ.
1322 2805 1379 2851 (ft.
1407 2805 1467 2850 74)
1499 2804 1564 2840 καὶ
1594 2806 1709 2840 πᾶσι

413 2865 438 2903 ἃ

176 2911 220 2956 (Β
246 2912 322 2955 πᾶ,-
338 2912 371 2947 Α
396 2925 458 2957 ny,
483 2912 636 2949 Bai-occ.
662 2910 798 2958 πάσας)
828 2916 1023 2949 Κακοῖσι
1047 2910 1172 2949 δώσω
1197 2915 1272 2949 κτλ.
1322 2911 1450 2971 ibaffiue
1481 2911 1546 2948 καὶ
1577 2908 1708 2948 πάλιν·

176 2961 338 2994 Κακοῐσι
369 2959 623 3007 scribendum,
654 2963 697 2997 ut
723 2961 835 2997 etiam
863 2955 1034 2997 Meineke
1060 2960 1154 2998 coni.
1188 2981 1232 2987 —-
1265 2959 1309 2994 V.
1336 2963 1369 2996 2.
1395 2973 1444 3006 ην
1469 2956 1519 3006 μὴ
1546 2958 1708 3005 Cramer,
