1890 3216
204 205 291 246 254
739 206 936 242 POETAE'
962 207 1142 245 ELEGIA
1150 208 1204 243 CI.

275 318 397 371 εἴπερ
431 312 709 372 Πυθαγόρης
741 314 910 372 ἐτύμως
942 314 966 360 ὁ
1000 315 1141 374 σοφὸς
1171 317 1271 376 περὶ
1302 316 1486 363 πάντων

341 383 602 442 ἀνθρώπων
632 387 812 444 γνώμας
844 385 935 431 εἶδε
966 389 1039 432 καὶ
1072 390 1299 446 ἐξέμαθεν.

957 510 996 552 5.

276 585 435 645 Αὐτὰρ
468 586 540 644 ὅγ’
576 589 807 646 ἐμμαπέως
837 589 918 635 τὸν
951 589 1167 649 ὀρίγανον
1199 593 1248 636 ἐν
1278 593 1373 650 χερὶ
1405 594 1573 640 κεύθει.

950 713 989 754 6.
1669 727 1738 760 580

340 790 433 847 Τήν
464 805 569 835 ποτε
602 795 825 851 Θησείδης
853 796 1023 839 ἔκτισεν
1058 797 1297 841 Οἰνοπίων.

952 917 987 959 7.

321 1000 467 1039 Athen.
500 1001 536 1038 X
568 1002 718 1040 436F:
756 999 823 1041 καὶ
860 997 977 1049 αὐτὸς
1016 1000 1058 1042 δὲ
1089 998 1220 1057 (Ἴων)
1251 1001 1294 1043 ἐν
1324 1007 1404 1052 τοῖς
1435 1002 1613 1058 ἐλεγείοις
1643 1003 1739 1057 ἐρᾶν

207 1079 279 1116 μεν
310 1060 497 1118 ὁμολογεῖ
523 1066 796 1118 Χρυσίλλης
826 1069 894 1118 τῆς
925 1067 1168 1120 Κορινθίας,
1209 1067 1380 1109 Τελέου
1413 1067 1461 1109 δὲ
1491 1067 1739 1124 θυγατρός.

950 1209 989 1250 8.

275 1292 413 1345 Χαῖρε
444 1287 814 1345 μελαμπετάλοις,
847 1287 1094 1347 Εὐριπίδη,
1127 1290 1176 1334 ἐν
1208 1289 1445 1346 γυάλοισιν

334 1363 522 1418 Πιερίας
550 1358 631 1404 τὸν
663 1358 732 1404 ἀεὶ
765 1360 927 1413 νυκτὸς
959 1364 1073 1419 ε’χων
1104 1360 1333 1419 θάλαμον·

271 1437 369 1475 ἴσθι
402 1430 444 1475 δ’
479 1429 568 1476 ὑπὸ
601 1430 771 1489 χθονὸς
802 1431 891 1489 ὤν,
925 1431 992 1477 ὅτι
1026 1446 1097 1478 σοι
1129 1433 1255 1486 κλέος
1285 1432 1486 1491 ἄφθιτον
1517 1437 1638 1479 ἔσται

331 1501 431 1547 ἴσον
458 1498 708 1561 Ὁμηρείαις
737 1502 918 1557 άενάοις
919 1504 1139 1607 χάρισιν.

299 1693 343 1731 V.
366 1699 398 1731 3.
424 1691 670 1740 Πυθαγόρης,
697 1694 778 1730 cod.
805 1696 904 1732 Mon.
932 1693 1179 1743 Πυθαγόρας.
1200 1718 1243 1722 -
1273 1694 1432 1744 ἐτύμως,
1458 1697 1632 1745 Hartung
1657 1694 1737 1734 έτύ-

199 1755 301 1788 μους.
361 1741 534 1778 Ce‘cerum
560 1742 756 1789 Goettling
775 1743 828 1788 (in
849 1744 974 1790 scripta.
995 1744 1100 1780 acad.
1125 1746 1231 1790 1851)
1256 1746 1367 1791 putat
1384 1744 1512 1781 Ionem
1531 1745 1736 1792 respexisse

198 1791 256 1826 his
285 1790 452 1827 versibus
478 1790 594 1835 ipsius
619 1789 844 1835 Pherecydis
870 1792 970 1837 quod
1000 1792 1119 1828 fertur
1152 1792 1386 1838 epigramma
1418 1793 1518 1839 apud
1547 1793 1655 1840 Diog.
1683 1794 1723 1830 L.
1716 1822 1738 1840 .,

199 1849 271 1883 quo
301 1838 463 1874 carmine
488 1836 554 1881 ille
580 1838 817 1898 Pysshagprae
843 1839 1076 1897 praeclaram
1100 1840 1277 1876 virtutem
1296 1839 1521 1876 vaticinatus
1546 1852 1626 1877 esse
1645 1840 1737 1877 diei-

196 1888 274 1921 tur:
305 1886 381 1943 Τῆς
406 1886 543 1942 σοφίης
568 1884 690 1944 πάσης
716 1883 757 1921 έν
785 1883 868 1944 ἐμοὶ
894 1886 1015 1928 τέλος·
1047 1883 1094 1933 ἢν
1121 1885 1164 1922 δέ
1189 1901 1224 1923 τι
1248 1891 1378 1924 πλεῖον
1415 1888 1548 1933 (Cobet
1578 1885 1736 1947 πάσχω),

198 1931 412 1991 Πυθαγόρῃ
447 1929 556 1980 τώμῷ
588 1931 670 1977 λέγε
705 1930 840 1979 ταῦθ’,
871 1930 929 1970 ὅτι
952 1935 1100 1994 πρῶτος
1130 1932 1311 1971 ἁπάντων
1330 1933 1457 1972 ”Εστιν
1482 1937 1564 1981 (ser.
1593 1918 1736 1982 ἔσται)

197 1977 263 2016 ἄν’
299 1978 462 2016 Ελλάδα
487 1981 574 2027 γῆν·
603 1978 647 2016 οὗ
673 1962 866 2038 ψεύδομαι
893 1976 962 2018 ὧδ’
991 1980 1197 2040 ἀγορεύων.

295 2029 354 2065 Fr.
380 2033 412 2065 5.
463 2029 599 2064 Athen.
626 2029 659 2064 II
687 2032 731 2065 68
757 2029 804 2065 B:
832 2025 891 2065 ὅτι
917 2031 1062 2076 εἴρηται
1087 2027 1390 2077 ἀρρενικῶς..
1418 2028 1437 2066 ὁ
1466 2027 1675 2077 ὀρίγανος.

192 2074 293 2112 Ἴων·
328 2073 451 2134 αὐτὰρ
477 2072 539 2122 ὅγ’
573 2080 647 2113 κτλ.
677 2098 720 2102 --
746 2077 843 2123 χερὶ,
870 2077 930 2113 CD
957 2078 1064 2124 χειρὶ.
1114 2078 1196 2114 Huc
1227 2078 1376 2115 videtur
1406 2078 1642 2115 referendum
1676 2079 1735 2116 Et.

198 2125 247 2160 M.
273 2137 308 2160 v.
335 2121 512 2184 ὀρίγανος
532 2128 612 2170 630,
633 2128 679 2160 48
698 2124 763 2160 ubi
782 2125 1036 2161 scribendum:
1062 2126 1128 2161 καὶ
1151 2126 1329 2186 θηλυκῶς
1354 2125 1423 2184 μεν
1450 2139 1606 2172 ευρηται
1629 2140 1732 2172 παρα

195 2169 452 2228 Ἀριστοφάνει
478 2169 520 2207 έν
549 2153 920 2231 Ἐκκλησιαζούσαις,
953 2170 1160 2234 ἀρσενικῶς
1192 2172 1234 2210 δε
1267 2187 1370 2231 παρα
1400 2171 1665 2233 Ἀναξανδρίδῃ
1693 2171 1735 2210 έν

194 2216 524 2277 Φαρμακομάντει
550 2219 642 2276 (καὶ
667 2217 787 2277 παρὰ
807 2218 939 2267 Ἴωνι)
967 2219 1014 2256 ἐν
1041 2218 1286 2278 ἐλεγείοις,
1313 2218 1522 2268 οὐδετέρως
1541 2220 1583 2257 δὲ
1610 2219 1733 2268 παρὰ

194 2264 402 2314 Ἀμειψία
427 2267 494 2303 καὶ
519 2265 622 2313 παρὰ
647 2265 862 2317 Ἐπιχάρμῳ
890 2266 931 2304 έν
953 2265 1160 2328 Ἀταλάντῃ.

293 2316 353 2352 Fr.
380 2320 412 2351 6.
463 2315 560 2351 Plub.
587 2315 654 2351 vit.
682 2316 791 2351 Thes.
819 2320 881 2352 20:
900 2315 1011 2374 τένιοι
1038 2315 1080 2352 δε
1107 2317 1173 2352 καὶ
1197 2322 1321 2353 τεκεῖν
1348 2314 1390 2354 ἐκ
1418 2315 1574 2363 Θησέως
1595 2313 1733 2375 Ἀριάδ-

196 2376 267 2409 νην
295 2362 513 2399 Οἰνοπίωνα
539 2362 602 2398 καὶ
628 2361 852 2419 Στάφυλον,
887 2358 940 2399 ὧν
971 2364 1037 2400 καὶ
1054 2361 1140 2400 Ἴων
1166 2362 1185 2400 ὁ
1212 2362 1308 2406 Χῖός
1340 2362 1417 2401 ε’στι
1442 2364 1529 2411 περὶ
1553 2365 1620 2410 τῆς
1646 2361 1733 2399 ἔαυ-

196 2412 263 2446 τοῦ
288 2412 478 2457 πατρίδος
493 2408 629 2456 λέγων·
656 2408 737 2457 τήν
763 2424 874 2447 ποτε
902 2415 977 2448 κτλ.

293 2507 351 2543 Fr.
372 2510 405 2542 8.
443 2506 557 2543 Anth.
581 2507 656 2544 Pal.
676 2506 746 2542 VII
766 2511 829 2543 43.
849 2507 883 2542 A
903 2506 957 2548 εἰς
976 2473 1119 2553 Edem}
1141 2508 1253 2549 ἴωνος
1278 2508 1346 2554 (ita
1372 2507 1487 2544 etiam
1513 2519 1572 2554 ap.
1598 2507 1731 2544 Iriarte

198 2559 242 2591 96
269 2556 308 2590 et
334 2555 437 2600 161);
470 2554 535 2590 sed
560 2566 645 2590 cum
670 2555 904 2602 epigramma
927 2555 968 2590 in
991 2554 1210 2602 Euripidem
1235 2558 1423 2592 mortuum
1450 2555 1498 2591 ab
1522 2556 1612 2591 Ione
1639 2554 1756 2592 Chio*

197 2614 272 2638 non
296 2602 462 2649 potuerit
487 2602 617 2647 scribi,
651 2602 806 2648 Bentley
832 2604 974 2644 Βίωνος
998 2602 1059 2639 vel
1091 2604 1238 2644 Δίωνος
1263 2603 1433 2639 coniecit.
1485 2603 1558 2638 Sed
1583 2603 1733 2638 videtur

198 2650 431 2696 epigramma
457 2648 506 2685 ad
530 2649 657 2686 Ionem
681 2650 884 2696 Ephesium
908 2651 1131 2696 rhapsodum
1161 2651 1406 2695 referendum,
1433 2661 1544 2697 quem
1570 2650 1731 2686 maxime

197 2699 490 2734 consentaneum
516 2699 583 2742 est,
610 2697 829 2743 Euripidem
855 2698 1017 2734 Homero
1043 2698 1285 2745 aequiperare
1304 2709 1435 2734 ausum
1455 2709 1545 2734 esse.
1568 2719 1611 2724 -
1632 2697 1677 2733 V.
1699 2703 1730 2734 1.

197 2743 496 2800 μελαμπετάλοις
536 2745 703 2790 Lobeek,
749 2745 1029 2792 μελαμπέπλοις
1065 2745 1198 2793 vulgo,
1235 2745 1409 2792 Hartung
1452 2746 1732 2791 μελαμπεδίοις,
1779 2790 1782 2793 .

197 2793 318 2838 possis
343 2790 631 2839 μελαμφύλλοις.
657 2774 721 2829 se'd
741 2793 919 2830 Lobeckii
938 2794 1151 2830 emendatio
1171 2792 1294 2840 potior
1315 2795 1380 2829 est.
1431 2793 1572 2828 Eodem
1591 2792 1728 2829 mendo

196 2841 347 2877 laborat
369 2841 482 2876 Anth.
508 2840 547 2875 P.
574 2840 655 2884 VII,
681 2845 747 2876 321
777 2840 842 2876 καὶ
866 2838 938 2887 γὰρ
964 2838 1027 2877 ἀεὶ
1057 2840 1200 2877 πέπλον
1232 2853 1291 2876 σοι
1316 2837 1559 2886 άνεστήριξεν
1587 2837 1727 2898 ε’λαίης,

197 2888 262 2923 ubi
286 2890 473 2924 corrector
497 2901 552 2947 γρ.
578 2887 745 2935 πρέμνον
771 2900 866 2934 quae
892 2900 1009 2946 prava
1033 2892 1091 2925 est
1115 2889 1345 2933 coniectura3
1372 2888 1607 2924 scribendum
1633 2884 1727 2923 ἀει-

197 2934 395 2971 πέταλόν
427 2948 485 2972 σοι
510 2933 569 2972 ἄν.
603 2934 733 2981 ἐλαίη
741 2949 773 2972 ν.
803 2958 846 2962 ——
871 2935 1065 2982 γυάλοισιν
1091 2937 1120 2972 P
1146 2948 1169 2972 a
1193 2949 1241 2971 m.
1267 2948 1321 2982 pr.
1349 2936 1472 2981 Plan.²
1497 2934 1668 2983 γυάλοισι
1695 2935 1724 2970 Ρ

199 2994 289 3019 corr.
320 3005 359 3008 --—
389 2984 432 3021 V.
460 2989 492 3019 2.
519 2980 594 3030 άεὶ,
618 2984 648 3018 Ρ
674 2983 759 3020 αἰεὶ.
