1890 3216
174 161 230 202 56
711 161 904 196 POETAE
931 160 1169 200 ELEGIACI.

247 266 382 326 ὅρους
414 266 596 311 ἀνεῖλον
627 270 834 325 πολλαχῇι
859 266 1125 323 πεπηγότας·

200 350 220 381 5
246 338 447 395 πρόσθεν
482 338 530 382 δὲ
563 336 863 393 δουλεύουσα,
895 341 982 382 νῦν
1016 338 1243 394 ἐλευθέρα.

247 407 440 461 πολλοὺς
473 408 514 453 δ’
546 408 738 465 Ἀθήνας
769 407 945 465 πατρίδ’
965 412 1044 460 ἐἰς
1074 408 1309 453 θεόκτιτον

248 479 476 536 ἀνήγαγον
508 480 781 537 πραθέντας,
814 478 952 523 ἄλλον
985 475 1187 534 ἐκδίκως,

248 551 387 595 ἄλλον
420 554 621 605 δικαίως,
653 548 758 602 τοὺς
791 548 832 593 δ’
869 548 1113 606 ἀναγκαίης
1144 548 1232 594 ὕπο

247 620 447 680 χρησμὸν
480 622 703 677 λέγοντας,
736 622 948 676 γλῶσσαν
982 618 1128 664 οὐκέτ’
1161 619 1360 677 Ἀττικήν

182 706 223 736 10
251 693 415 748 ἱέντας,
450 690 508 744 ὡς
540 688 598 735 ὂέν
629 694 826 750 πολλαχῇ
860 691 1198 748 πλανωμένους,

247 762 352 815 τοὺς
385 761 426 807 δ’
464 761 624 806 ἐνθάδ’
661 761 802 806 αὐτοῦ
824 765 1019 818 ’δουλίης
1051 760 1199 806 ἀεικέα

249 838 431 892 ἔχοντας
461 832 573 891 ἤθη,
608 836 837 877 δεσποτῶν
868 834 1215 891 τρομευμένους,

250 906 517 962 ἐλευθέρους
548 907 707 961 ἔθηκα
739 906 879 948 ταῦτα
910 903 991 961 μὲν
1022 903 1194 961 κράτει,

253 975 367 1033 ὁμοῦ
399 980 503 1033 βίην
535 993 580 1020 τε
611 975 686 1019 καὶ
718 977 848 1032 δίκην
881 975 1188 1032 συναρμόσας,

182 1060 223 1092 15
257 1048 381 1105 ἔρεξα
412 1047 486 1091 καὶ
519 1044 698 1103 διήνυσ’
735 1043 795 1098 ὡς
825 1044 1093 1103 ὑπεσχόμην.

275 1203 318 1240 V.
346 1206 378 1238 4.
406 1202 583 1247 πολλαχῇ,
608 1200 722 1246 vulgo
748 1201 933 1246 πολλαχῆ,
960 1212 1019 1246 ap.
1046 1201 1142 1236 Plut.
1170 1202 1279 1247 Fan
1306 1203 1505 1258 πολλαχοῦ.
1534 1224 1577 1228 -
1604 1170 1649 1239 V.
1677 1208 1709 1240 5.

179 1247 349 1296 πρόσθεν
378 1250 448 1285 ΘΓ
470 1250 508 1284 et
533 1249 642 1291 Plut„
671 1259 730 1293 ap.
758 1247 869 1283 Arist.
896 1261 930 1284 v.
956 1245 1115 1307 πρόσθε.
1142 1270 1186 1275 -
1214 1246 1447 1285 δουλεύουσα
1470 1252 1536 1286 ΓΘ
1556 1252 1594 1286 et
1611 1251 1710 1288 Plut.

179 1298 260 1340 (sed
286 1296 423 1354 CqFaL
451 1293 706 1332 δουλεύουσαν
732 1296 803 1330 νῦν
831 1293 1072 1342 ἐλευθέραν),
1105 1307 1163 1342 ap.
1192 1297 1306 1332 Arist.
1331 1310 1365 1334 v.
1392 1296 1639 1334 δουλεύσασα.
1666 1319 1711 1324 -

178 1346 223 1382 V.
251 1350 283 1381 6.
310 1342 512 1380 θεόκτιτον
540 1345 583 1389 Θ,
610 1343 723 1389 vulgo
748 1341 983 1380 θεόκτιστον.
1012 1365 1055 1369 -
1083 1344 1126 1380 V.
1154 1349 1185 1380 7.
1212 1344 1443 1390 πραθέντας,
1470 1345 1584 1382 Solon
1610 1346 1712 1381 haud

179 1393 291 1428 dubie
317 1390 534 1449 πρηθέντας
559 1391 768 1436 scripserat.
796 1411 839 1416 --
857 1388 1036 1446 ἐκδίκως,
1065 1393 1097 1426 Θ
1123 1389 1290 1432 ἐνδίκως.
1318 1413 1360 1418 —
1388 1392 1431 1427 V.
1460 1397 1491 1429 8.
1518 1390 1630 1429 αλλον
1657 1395 1712 1429 δι-

180 1442 307 1496 καίως,
336 1443 370 1474 Γ
391 1437 503 1474 ἄλλον
530 1438 571 1474 δὲ
599 1439 765 1478 δικαίως.
787 1459 830 1463 -
852 1433 926 1473 ύπο
953 1436 1130 1483 χρησμὸν,
1157 1439 1279 1484 vulgo
1296 1436 1549 1486 ὑποχρησμόν,
1574 1441 1712 1477 Reiske

180 1485 253 1523 ὕπο
280 1485 478 1533 χρησμοὺς,
504 1485 602 1522 male
629 1486 674 1520 de
701 1485 816 1521 servis
842 1485 1134 1521 vaticinantibus
1161 1486 1348 1532 cogitans,
1374 1487 1518 1523 Ahrens
1543 1500 1712 1546 χρησμῳ-

181 1534 349 1578 δέοντας,
375 1545 449 1579 qua
475 1533 688 1569 coniectura
712 1532 823 1568 facile
849 1544 1027 1577 caremus,
1055 1544 1246 1591 perperam
1268 1534 1462 1589 Emperius
1489 1534 1633 1581 χρήμην
1652 1525 1714 1571 vel

181 1579 344 1638 χρῃσμὸν
375 1581 554 1637 λέγοντας
585 1581 645 1616 vel
677 1580 851 1626 Hartung
884 1580 1023 1626 δεσμὸν
1056 1579 1258 1626 φέροντας,
1294 1582 1400 1627 peius
1432 1583 1546 1618 etiam
1579 1582 1714 1619 Sitzler

181 1627 348 1675 δρησμὸν
376 1626 578 1674 φυγόντας.
629 1627 700 1672 Ι111,
726 1628 790 1673 qui
816 1628 916 1672 apud
942 1630 1086 1664 exteros
1107 1629 1445 1675 commorabantur,
1470 1629 1617 1676 patriae
1642 1630 1713 1666 lin-

181 1689 276 1723 guae
300 1676 453 1712 vixdum
479 1675 588 1722 gnari
613 1676 761 1711 obscuri
780 1676 818 1711 et
837 1675 1022 1711 obfuscati
1042 1677 1223 1712 sermonis
1243 1677 1466 1723 ambagibus
1491 1678 1711 1721 utebantur;

181 1726 261 1771 ipse
287 1726 421 1780 poeta
434 1724 528 1759 haec
561 1724 674 1759 verba
706 1719 871 1783 χρησμὸν
905 1722 1083 1769 λέγοντας
1117 1724 1295 1769 explanat
1327 1725 1392 1769 iis,
1426 1736 1522 1770 quae
1555 1725 1715 1762 subiecit

181 1774 351 1818 γλῶσσαν
379 1767 506 1807 οὐκέτ’
533 1768 694 1829 Ἀττικὴν
710 1769 856 1811 -ἷέντας.
906 1770 1034 1816 itaque
1067 1773 1154 1817 post
1182 1771 1360 1817 λέγοντας
1391 1772 1553 1808 distinxi.
1603 1773 1713 1809 Prae-

181 1825 285 1856 terea
310 1820 399 1854 olim
426 1818 502 1864 τῆς
528 1815 738 1863 ἀναγκαίης
763 1831 836 1854 υπο
857 1818 1010 1864 conieci,
1032 1821 1074 1854 ut
1093 1820 1212 1854 omnis
1231 1819 1350 1855 oratio
1370 1820 1418 1855 ad
1438 1831 1501 1856 eos
1519 1820 1713 1864 referatur,

183 1867 247 1913 qui
273 1867 371 1913 apud
399 1869 544 1902 exteros
570 1866 788 1902 servitutem
814 1866 892 1902 sive
918 1866 1055 1902 iustam
1076 1867 1153 1902 sive
1172 1867 1351 1902 iniustam
1372 1868 1595 1903 serviebant
1642 1868 1715 1904 Sed

182 1915 278 1950 nihil
303 1914 534 1958 novandum3
561 1915 674 1959 poeta
698 1914 848 1959 praeter
872 1913 963 1949 istos
994 1914 1108 1949 etiam
1142 1925 1204 1950 eos
1237 1916 1522 1960 commemorat,
1555 1915 1638 1960 qui,
1671 1917 1714 1951 ut

183 1962 374 1998 servitutis
419 1962 675 1997 calamitatem
718 1973 741 1997 a
779 1972 817 1997 se
856 1962 1084 2014 averterent,
1127 1962 1252 2006 patria
1290 1963 1423 1998 relicta
1465 1963 1566 1998 foras
1603 1974 1714 2008 aegre

182 2010 301 2045 vitam
339 2009 601 2045 sustentabant
636 2009 758 2063 patrii
788 2007 967 2045 sermonis
1001 2009 1270 2055 propemodum
1308 2010 1561 2046 immemores:
1599 2012 1714 2056 atque

182 2058 280 2093 hanc
316 2058 565 2092 coniecturam
609 2056 779 2114 inprimis
824 2056 1080 2114 commendat,
1125 2057 1223 2102 quod
1265 2059 1378 2102 poeta
1415 2057 1511 2094 dixit
1546 2059 1712 2116 πολλαχῇ

183 2104 460 2163 πλανωμένους.
501 2125 542 2130 —-
583 2104 626 2141 V.
660 2108 692 2139 9.
725 2101 865 2148 ουκέτ’,
898 2104 995 2139 Plut.
1030 2085 1110 2139 οὐκ.
1148 2126 1195 2130 -
1226 2104 1270 2140 V.
1306 2109 1359 2140 11.
1398 2106 1548 2150 δουλίης
1581 2101 1714 2141 αεικὲα

185 2151 338 2198 ἔχοντας
374 2149 472 2198 ἤθη,
513 2152 706 2188 δεσποτῶν
740 2150 1018 2210 τρομευμένους
1055 2152 1202 2208 scripsi,
1246 2153 1346 2197 apud
1382 2151 1586 2188 Aristidem
1622 2152 1714 2199 legi-

183 2201 244 2235 tur
282 2201 453 2245 δουλείης
490 2196 624 2236 αεικέα
657 2198 812 2244 ἔχοντας
846 2195 919 2245 ἤδη
958 2197 1144 2240 δεσπότας
1175 2199 1257 2258 (sed
1288 2202 1322 2234 Γ
1349 2201 1574 2246 δεσποτῶν),
1609 2200 1713 2236 Plut-

183 2249 316 2283 archus
348 2248 522 2292 δουλείην
550 2248 619 2293 (ita
642 2247 725 2282 FaL
753 2246 791 2291 C,
823 2247 937 2292 vulgo
948 2245 1208 2306 δουλοσόνην)
1228 2245 1390 2305 ἔχοντας
1422 2247 1576 2292 reliquis
1608 2258 1714 2292 prae—

183 2294 375 2331 termissis.
426 2294 625 2330 Manifesto
652 2295 743 2330 vitio
770 2295 918 2330 laborat
941 2291 1033 2340 ἤδη,
1070 2306 1190 2340 neque
1218 2291 1297 2339 ἠδὲ,
1330 2295 1430 2353 quod
1456 2294 1575 2330 suasit
1598 2294 1714 2339 Bach,

185 2343 428 2379 commodum.
481 2343 522 2377 In
560 2343 615 2378 ed.
650 2346 670 2377 2
715 2341 847 2400 scripsi
883 2343 1039 2388 δουλίην
1070 2343 1140 2383 (ita
1175 2341 1337 2387 Brunck)
1376 2340 1510 2378 αειδέα
1549 2340 1715 2388 ε’,χοντας

184 2387 263 2436 ἤθη
302 2391 495 2425 δεσποτῶν
538 2404 609 2436 τρ.,
654 2391 765 2435 atque
810 2387 890 2435 ἤθη
931 2390 991 2426 vel
1031 2386 1154 2435 αὐδὴν
1199 2389 1312 2425 etiam
1352 2389 1546 2435 Emperius
1586 2389 1713 2433 suasit,

184 2449 281 2473 nunc
318 2437 559 2473 distinctione
598 2439 764 2473 correcta
806 2437 948 2483 patrios
993 2448 1098 2473 casus
1136 2437 1286 2482 δουλίης
1324 2439 1363 2473 et
1399 2438 1591 2472 δεσποτῶν
1628 2449 1714 2482 par-

184 2486 256 2520 iter
294 2485 447 2521 servavi.
491 2485 624 2529 Poeta,
662 2497 708 2520 ne
747 2485 981 2521 accusativus
1020 2486 1067 2521 ab
1105 2484 1321 2520 accusativo
1359 2496 1559 2542 suspensus
1603 2486 1714 2542 esset,

184 2533 461 2568 insolentiorem
500 2534 724 2568 structuram
762 2533 960 2578 praetulit,
999 2533 1044 2568 cf.
1076 2531 1213 2568 Aratus
1247 2536 1316 2568 766
1353 2530 1619 2585 πεφοβημένος
1650 2526 1715 2577 ἦρι

181 2577 385 2626 θαλασσης
437 2581 530 2617 Cum
557 2579 685 2626 ambig
686 2591 734 2615 ua
760 2581 858 2616 esset
882 2581 1079 2616 verborum
1104 2579 1375 2626 interpretatio,
1401 2590 1478 2614 iam
1503 2578 1714 2624 antiquitus

189 2629 359 2673 δουλίην,
393 2628 492 2672 quod
523 2628 743 2663 Plutarchus
776 2627 943 2671 exhibet,
982 2627 1021 2663 in
1058 2628 1181 2664 locum
1217 2628 1367 2672 δουλίης
1397 2627 1586 2670 reccessit,
1622 2627 1714 2662 item

189 2674 288 2720 apud
302 2675 506 2710 Aristidem
524 2675 761 2711 librariorum
783 2674 973 2719 sedulitas,
994 2686 1087 2719 quos
1106 2674 1323 2711 insolentior
1342 2672 1498 2710 offendit
1517 2674 1713 2718 structura,

190 2719 373 2763 δεσπότας
398 2734 481 2779 pro
492 2723 685 2758 δεσποτῶν
710 2722 945 2759 refluxerunt
997 2723 1129 2758 Sitzler
1153 2734 1271 2768 nuper
1289 2722 1442 2758 novavit
1462 2720 1616 2767 ε’χοντας
1639 2719 1714 2768 ἤδη

190 2771 381 2805 δεσποτῶν
414 2768 508 2814 πρὸς
541 2767 724 2807 εὐθενῶν.
758 2791 802 2796 —-
827 2770 872 2807 V.
901 2774 954 2805 13.
988 2783 1135 2816 κρατει,
1169 2771 1201 2805 Θ
1226 2766 1354 2815 κράτη.
1381 2790 1425 2795 -
1451 2769 1496 2805 V.
1525 2773 1579 2805 14.
1605 2769 1716 2804 affert

190 2817 285 2853 Plut
314 2817 377 2853 vit.
406 2817 479 2855 Sol.
506 2829 536 2854 c.
566 2822 620 2862 17,
647 2817 711 2853 ubi
735 2819 834 2854 recte
861 2819 922 2865 βίη
925 2831 958 2860 ν
983 2817 1096 2854 Arist.
1124 2819 1221 2866 βι’.αν
1248 2837 1292 2842 —-
1313 2814 1567 2875 συναρμόσας,
1594 2817 1626 2852 Θ
1651 2817 1713 2859 ξυ-

190 2862 388 2909 ναρμόσας.
415 2885 462 2891 --
488 2865 531 2902 V.
555 2869 608 2901 15.
638 2864 747 2910 ἔρεξα
768 2866 845 2910 ΓΘ,
870 2878 905 2901 v.
934 2864 955 2902 ἔ
953 2866 1077 2912 ρ.ρεξα
1104 2886 1148 2892 -
1175 2861 1323 2910 διήνυσ’
1350 2863 1492 2910 scripsi
1519 2864 1713 2920 legebatur
1762 2888 1763 2891 η

191 2912 362 2958 διῆλθον,
388 2912 487 2957 quod
513 2924 557 2948 ex
581 2913 652 2948 fals
638 2924 679 2948 a
702 2880 1010 2959 interpretati0⁹ne
1030 2913 1088 2949 est
1107 2915 1240 2956 ortum,
1266 2911 1312 2948 cf.
1337 2911 1557 2957 Hesychius:
1584 2909 1712 2956 διήνυ-
1760 2917 1768 2925 ·
