1890 3216
946 840 992 884 L.

709 959 1232 1010 MENANDER.

955 1103 990 1144 1.

267 1189 426 1242 Χαῖρε,
462 1187 711 1230 Νεοκλείδα
744 1187 937 1242 δίδυμον
970 1184 1120 1241 γένος,
1153 1178 1219 1229 οἷν
1252 1182 1276 1228 ὁ
1308 1183 1390 1241 μὲν
1423 1181 1552 1240 ὑμῶν

329 1259 522 1315 πατρίδα
554 1256 837 1309 δουλοσύνας
868 1254 1056 1314 ρύσαθ’,
1089 1253 1112 1300 ὁ
1147 1254 1190 1300 δ’
1226 1254 1503 1313 ἀφροσύνας.

943 1390 982 1432 2.

270 1478 327 1516 Re
361 1478 494 1517 fruere
526 1479 573 1516 ut
604 1479 724 1516 natus
758 1477 956 1516 mortalis:
989 1476 1112 1528 dilige
1146 1477 1215 1516 sed
1248 1491 1353 1526 rem,

273 1543 482 1594 Tanquam
513 1543 770 1585 immortalis:
805 1556 892 1582 sors
925 1543 988 1582 esf,
1018 1543 1060 1582 in
1091 1545 1262 1594 utroque
1295 1544 1480 1583 verenda.

311 1760 359 1798 H
365 1761 495 1809 ippiae
520 1758 725 1809 sophistae
751 1758 1001 1809 epigramma
1025 1760 1091 1798 vel
1112 1759 1408 1810 epigrammata
1428 1755 1613 1813 (ἐλεγεῖα)
1635 1761 1737 1798 Mes·
1754 1758 1822 1790 677

192 1824 396 1868 saniorum
433 1825 616 1876 donario,
649 1824 755 1875 quod
788 1824 1001 1875 Olympiae
1039 1824 1344 1874 dedicaverunt,
1377 1825 1620 1875 subscripta,
1660 1839 1740 1865 me-

193 1892 324 1930 morat
354 1891 528 1930 Pausan.
555 1890 591 1928 V
613 1891 680 1941 25,
702 1891 747 1940 4,
781 1890 851 1929 sed
876 1891 977 1929 nihil
1003 1891 1113 1930 ultra
1138 1890 1306 1931 addidit.
1338 1912 1396 1918 -—
1421 1891 1612 1930 Poteram
1637 1892 1738 1932 alios

191 1959 405 2009 praeterea
435 1957 477 1995 in
501 1969 714 1995 numerum
739 1957 1116 2006 Eleyioyraphorum
1141 1956 1309 2007 referre,
1343 1957 1413 1995 sed
1439 1957 1629 1996 iudicium
1656 1959 1739 2008 ple-

193 2037 360 2074 rumque
395 2036 553 2074 anceps.
603 2022 667 2062 Sic
697 2023 870 2062 fortasse
895 2022 974 2061 fuit
998 2022 1324 2073 Elegiographus
1353 2023 1586 2072 Theodorus,
1619 2036 1738 2073 quem

194 2087 491 2139 Cephisodorus
523 2090 719 2128 memorat
750 2100 814 2138 ap.
845 2088 994 2127 Athen.
1026 2088 1089 2126 III
1124 2090 1207 2127 122
1224 2089 1275 2127 B:
1314 2084 1601 2140 Κεφισόδωρος
1638 2090 1739 2141 γοῖιν

193 2149 214 2195 ὃ
241 2150 491 2207 Ἰσοκράτους
519 2156 589 2195 τοῦ
620 2150 785 2207 ῥήτορος
817 2149 1000 2205 μαθητὴς
1031 2151 1074 2192 ἐν
1104 2155 1157 2209 τῷ
1188 2154 1300 2208 τρίτῳ
1331 2156 1410 2193 τῶν
1441 2150 1539 2205 πρὸς
1565 2151 1738 2207 Ἀριστο-

192 2217 307 2271 τέλην
338 2217 458 2273 λέγει,
490 2216 548 2260 ὅτι
580 2216 690 2271 εὕροι
719 2234 776 2267 τις
807 2214 859 2258 ἂν
890 2214 969 2259 ὑπὸ
1001 2221 1080 2258 τῶν
1111 2216 1241 2259 ἄλλων
1266 2222 1441 2271 ποιητῶν
1472 2214 1497 2271 ἢ
1530 2218 1597 2259 καὶ
1623 2231 1736 2271 σοφι-

196 2286 298 2324 στῶν
326 2285 373 2324 ἓν
403 2280 429 2337 ἢ
469 2281 543 2325 δύο
574 2286 674 2337 γοῦν
711 2287 896 2337 πονηρῶς
934 2282 1137 2338 εἰρημένα,
1175 2279 1240 2324 οἶα
1277 2280 1385 2337 παρὰ
1424 2282 1495 2336 μὲν
1528 2281 1736 2340 Ἀρχιλόχῳ

291 2460 550 2505 Menander.
601 2459 660 2494 Fr.
690 2464 719 2494 1.
772 2459 884 2494 Anth.
911 2458 990 2494 Pal.
1018 2459 1086 2494 VII
1114 2463 1175 2494 72.
1209 2459 1251 2494 Α·
1268 2458 1321 2500 εἰς
1347 2456 1551 2515 ἐπίκουρον
1578 2460 1642 2495 καὶ
1667 2463 1734 2496 θε

193 2507 393 2566 μιστοκλέα
420 2502 656 2568 μενάνδρου,
689 2518 780 2543 corr.
814 2507 853 2542 in
886 2517 1014 2542 rasura
1037 2507 1224 2564 κωμικοῦ.
1247 2527 1291 2533 —-
1321 2508 1362 2543 V.
1393 2504 1573 2553 1.ὑμῶν,
1605 2508 1735 2543 malim

192 2553 328 2603 ἡμῶν.
357 2577 399 2583 -
427 2556 471 2591 V.
499 2559 532 2592 2.
559 2551 716 2602 ρύσαθ’,
743 2552 762 2590 ὁ
790 2550 828 2589 δ’
855 2553 973 2600 Plan,
1001 2552 1134 2601 ῥύσατ’
1162 2551 1224 2590 οὸ’
1252 2554 1331 2591 Pal.

287 2628 346 2665 Fr.
374 2632 407 2663 2.
458 2626 574 2663 Exssass
612 2627 712 2673 apud
750 2625 957 2661 Ausonium
995 2625 1123 2673 Epigr.
1163 2624 1309 2662 CXLV.
1348 2638 1393 2662 ew
1429 2627 1659 2670 Menancer,
1698 2639 1736 2663 re

192 2676 315 2719 fruere
340 2679 401 2712 etc
439 2674 680 2710 Simillimum
713 2672 870 2708 Luciani
902 2673 1018 2730 epigr.
1045 2675 1084 2709 in
1110 2674 1223 2709 Anth.
1250 2673 1329 2709 Pal.
1358 2674 1391 2708 X
1417 2678 1480 2710 26.
1514 2671 1564 2715 ὡς
1596 2688 1632 2710 τε
1617 2678 1733 2732 σθω]-

193 2721 351 2782 ξάμενος
375 2723 451 2758 τῶν
477 2723 552 2758 σῶν
579 2719 742 2779 ἀγαθῶν
767 2717 950 2778 ἀπόλαυε,
977 2718 1026 2762 ὡς
1052 2720 1094 2757 δὲ
1123 2719 1354 2779 βιωσόμενος
1374 2723 1508 2767 φείδεο
1529 2722 1602 2757 τῶν
1623 2736 1731 2758 κτεα-

193 2782 286 2807 νων·
316 2769 393 2807 ἔστι
419 2767 456 2806 δ’
484 2767 582 2816 ανὴρ
609 2767 729 2815 σοφὸς
755 2762 876 2814 οὗτος,
897 2782 940 2810 ος
965 2765 1080 2814 α”μφω
1107 2769 1228 2804 ταῦτα
1252 2766 1393 2815 νοήσας
1419 2771 1555 2815 φειὸοι
1574 2770 1638 2806 καὶ
1665 2772 1732 2806 δα-

194 2816 296 2866 πάνῃ
323 2817 460 2865 μέτρον
487 2815 740 2864 ἐφηρμόσατο.
768 2838 811 2843 —
839 2816 915 2852 Sed
939 2817 1041 2861 quod
1071 2817 1160 2852 ibid.
1187 2828 1246 2863 ap.
1274 2819 1412 2853 Auson.
1440 2818 1579 2864 legitur
1604 2817 1733 2854 CXLI:

194 2867 252 2903 De
275 2867 436 2912 inyratis
459 2877 504 2903 eae
524 2866 748 2909 Menandro,
773 2863 956 2900 trimetris
981 2865 1147 2910 quinque
1174 2866 1360 2909 constans,
1385 2876 1460 2901 non
1485 2866 1621 2912 recepi,
1649 2878 1732 2902 cum

194 2925 240 2950 ex
266 2913 461 2950 comoedia
485 2913 614 2958 aliqua
639 2913 802 2959 petitum
835 2912 1023 2957 videatur,
1055 2923 1286 2958 quamquam
1317 2912 1477 2950 fortasse
1513 2913 1628 2949 etiam
1660 2914 1733 2951 hoc

194 2960 428 3008 epigramma
453 2972 498 2998 ex
524 2961 740 2998 comoediae
766 2959 960 2997 versiculis
987 2971 1210 3006 expressum.
