1890 3216
208 148 297 189 478
797 144 1152 181 IAMBOGRAPHI.

858 255 937 296 47.
975 254 1080 307 [31.]

300 342 421 380 Οῐκει
454 334 495 379 δ’
532 335 694 380 ὄπισθε
724 337 803 391 τῆς
832 336 998 392 πόληος
1029 337 1078 380 ἐν
1109 334 1316 393 Σμύρνῃ,

297 407 458 464 μεταξὺ
494 410 533 450 T
531 409 706 464 ρηχείης
737 422 783 450 τε
814 406 888 450 καὶ
924 407 1102 465 Λέπρῃς
1133 405 1278 463 ἀκτῆς.

843 542 867 567 ’¹‘
898 539 969 582 48.
1002 539 1106 592 [34]
1179 568 1182 577 .
1669 551 1737 584 766

297 623 377 673 Εἰς
409 618 551 678 ἄκρον
584 621 745 677 ἕλκων,
779 618 927 678 ὥσπερ
960 618 1159 664 ἀλλᾶντα
1191 619 1358 679 ψύχων.

842 760 844 762 ’
885 766 955 809 49.
991 766 1066 819 [7.]

298 848 456 903 Μιμνῆ
489 845 791 904 κακομήχανε,
824 847 977 904 μηκέτι
1011 845 1186 905 γράψῃς

301 916 409 974 ὅφιν
440 917 644 975 τριήρευς
676 919 724 962 ἐν
755 917 987 978 πολυζύγῳ
1018 922 1151 979 τοίχῳ

301 987 380 1032 ἀπ’
417 988 610 1045 ἐμβόλου
642 988 869 1046 φεύγοντα
899 988 1011 1048 πρὸς
1042 990 1338 1048 κυβερνήτην·

212 1144 353 1181 Soloec.
380 1144 478 1189 p.os¹o
506 1144 675 1199 Ammon.
701 1155 736 1189 p.
762 1147 844 1180 203.
876 1164 921 1170 —
953 1145 1114 1190 περνᾶσι
1144 1143 1203 1180 his
1234 1145 1377 1180 duobus
1408 1145 1501 1180 locis
1533 1145 1671 1191 legitur
1705 1147 1744 1186 et

212 1204 259 1237 ap
304 1191 441 1227 Herod.
470 1191 516 1235 B,
553 1188 714 1247 περνάσι
739 1192 789 1235 A,
821 1193 1012 1236 παρνασοί
1033 1192 1077 1237 C,
1110 1193 1274 1236 περνῶσι
1299 1192 1326 1227 C
1353 1194 1392 1228 011
1423 1192 1743 1239 ῑῙ111.,περνέασι

211 1205 336 1275 Brink.
364 1260 408 1265 —
435 1238 478 1274 V.
505 1242 538 1274 2.
567 1235 716 1283 Φρύγας
741 1237 943 1284 μὲν,1111110
969 1239 1056 1275 Vill.
1083 1237 1171 1280 τοὺς
1198 1237 1356 1285 Φρύγας.
1386 1261 1428 1266 —
1456 1237 1511 1284 ἐς,
1537 1240 1651 1298 vulgo
1678 1239 1741 1281 εἰς.

214 1309 256 1313 -
283 1283 582 1344 ἀλφιτεύσοντας
606 1286 635 1320 Β
663 1287 701 1322 et
725 1297 819 1321 unus
844 1285 946 1330 Vill„
969 1283 1282 1344 ἀλφητεύσαντας
1306 1286 1349 1332 Α,
1375 1269 1684 1333 ἀλφηστεύοντας
1704 1287 1742 1332 C,

212 1331 515 1380 ἀλφεστέύοντας
539 1333 634 1368 alius
659 1333 760 1378 vill„
787 1331 889 1379 ἀλφη
893 1332 1115 1376 στεύσοντας
1140 1334 1327 1370 Welcker.

305 1383 363 1418 Fr.
390 1386 448 1417 47.
500 1381 634 1417 Strabo
659 1380 745 1416 XIV
772 1386 860 1417 633:
893 1382 958 1416 καὶ
989 1379 1104 1423 τόπος
1136 1381 1179 1418 δέ
1210 1395 1266 1422 τις
1295 1382 1361 1426 τῆς
1388 1379 1551 1427 Ἐφέσου
1584 1379 1743 1428 Σμυρνα

213 1427 394 1474 ἐκαλεῖτο,
421 1426 470 1470 ὡς
495 1430 613 1486 δηλοῖ
622 1425 865 1472 Ιππῶναξ·
885 1426 1029 1465 Ὤικει
1054 1433 1127 1465 κτλ.
1151 1426 1394 1465 Ἐκαλεῖτο
1412 1429 1493 1487 γὰρ
1518 1428 1647 1485 Λέπρη
1673 1430 1743 1476 μὲν

212 1475 306 1535 ἀκτὴ
333 1475 353 1512 ὁ
381 1458 522 1533 Πριών,
548 1473 568 1510 ὁ
580 1473 867 1534 ,ὑπερκείμενος
891 1478 956 1523 τῆς
979 1477 1051 1512 νῦν
1076 1474 1232 1521 πόλεως,
1260 1476 1354 1522 ἔχων
1375 1475 1496 1536 μέρος
1510 1478 1576 1512 τοῦ
1597 1476 1745 1523 τείχους

209 1522 343 1582 αὐτῆς·
375 1522 421 1560 τὰ
448 1525 542 1569 γοῦν
575 1521 737 1559 ὄπισθεν
768 1526 836 1560 τοῦ
868 1525 1040 1582 Πριῶνος
1071 1523 1241 1582 κτήματα
1267 1524 1322 1560 ἔτι
1346 1524 1432 1560 νυνὶ
1455 1523 1606 1582 λέγεται
1631 1522 1673 1561 ἔν
1697 1525 1741 1573 τῇ

209 1570 512 1630 Ὀπισθολεπρίᾳ.
539 1574 734 1629 Τραχεῑα
760 1568 797 1606 δ’
826 1569 994 1608 ἐκαλεῖτο
1021 1569 1044 1617 ἡ
1077 1569 1173 1630 νπὲρ
1204 1570 1270 1607 τὸν
1296 1569 1493 1632 Κορησσὸν
1518 1571 1743 1630 παρώρειος.

273 1617 324 1666 ,ἡ
345 1609 505 1666 Σμύρνα
519 1613 577 1675 ἦν
604 1617 700 1654 κατὰ
725 1617 767 1655 τὸ
793 1621 864 1654 νῦν
890 1613 1111 1666 γυμνάσιον,
1137 1617 1333 1656 ὄπισθεν
1361 1619 1430 1665 μὲν
1455 1620 1532 1665 τῆς
1557 1620 1639 1655 νῦν
1664 1617 1744 1656 πό-

210 1648 338 1713 λεως,
365 1664 533 1713 μεταξὺ
560 1666 609 1702 δὲ
638 1668 864 1725 TQWZJFWS*
889 1680 934 1703 τε
961 1668 1037 1703 καὶ
1062 1666 1242 1714 Λέπρης
1266 1665 1420 1713 ἀκτῆς.
1447 1688 1490 1694 -
1516 1667 1561 1703 V.
1590 1673 1620 1704 1.
1647 1669 1744 1704 οἴκει

213 1714 485 1760 Schneidewin,
517 1715 713 1759 legebatur
744 1712 1003 1761 ᾠκει,Β1·1111(
1028 1717 1148 1775 οἴκεε,
1181 1715 1352 1757 Meineke
1378 1714 1484 1751 οἰκεῖ.
1518 1735 1562 1741 --
1594 1713 1746 1762 πόληος,

212 1763 318 1799 codd.
344 1743 490 1807 πόλιος,
516 1762 621 1820 quod
640 1761 778 1807 probat
803 1743 1075 1806 Μο11101(0,ἐνὶ
1104 1744 1379 1808 0011180110.-
1412 1763 1455 1798 V.
1481 1766 1513 1798 2.
1550 1765 1745 1809 Τρηχείης,

210 1811 238 1846 F
264 1811 448 1855 τρηχειας.
487 1830 531 1835 —
546 1807 735 1866 Λέπρης,
767 1810 794 1844 C
819 1810 957 1855 λεπρῆς
985 1791 1048 1844 ’hic
1081 1812 1120 1846 et
1149 1811 1249 1855 apud
1280 1810 1320 1855 ip
1323 1822 1403 1845 sum
1436 1809 1666 1846 Strabonem.
1699 1831 1743 1836 —

213 1854 339 1903 ἀκτῆς,
365 1857 512 1893 Hecker
537 1853 668 1902 ἄκρης,
694 1857 793 1901 quod
813 1857 988 1903 probavit
1007 1857 1190 1903 Meineke,
1209 1857 1367 1903 largitus
1387 1856 1608 1893 Strabonem
1627 1854 1745 1903 ἀκτῆς

210 1906 246 1941 10
274 1906 358 1942 isse.

248 1917 272 1951 g
306 1953 363 1988 Fr.
391 1956 447 1988 48.
487 1951 686 1998 Hephaest.
714 1956 757 1986 31
786 1953 824 1987 et
849 1951 971 1987 Schol.
1001 1956 1078 1988 169.
1118 1953 1210 1989 Cum
1236 1952 1482 2011 subiungassur
1505 1952 1550 1988 fr.
1569 1956 1628 1997 47,
1653 1952 1745 1988 item

211 2000 459 2045 Hipponactis
490 1999 638 2035 videtur
662 2010 753 2035 esse.
782 2020 826 2026 ——-
855 1999 1117 2044 3139,Meineke
1143 1997 1191 2041 ἐς.
1222 2021 1266 2026 -
1300 1998 1429 2044 ἕλκων,
1454 1995 1558 2058 ἥκων
1583 2001 1743 2044 FIBNH,

212 2046 479 2083 Β111111εἷλκεν.
507 2067 549 2073 -
577 2043 754 2092 ἀλλᾶντα,
782 2028 998 2092 Οᾶλλοὲντα,
1019 2047 1133 2082 Brink
1157 2045 1325 2083 ἀλλᾶντα
1343 2047 1367 2083 1.
1389 2058 1419 2082 0
1447 2044 1466 2082 ὁ
1496 2045 1572 2083 ἀλλ.
1598 2045 1743 2105 ψύχων.

306 2095 364 2131 Fr.
393 2099 448 2130 49.
489 2096 640 2130 Tzetzes
666 2093 848 2140 Lycophr.
874 2098 962 2130 424:
990 2076 1041 2130 'El
1058 2093 1100 2131 δὲ
1121 2096 1298 2141 μείουρον
1317 2096 1428 2130 τοῦτο
1448 2096 1610 2150 νομίζεις
1629 2091 1742 2130 ἄκου-

214 2156 279 2179 σον
305 2142 370 2178 καὶ
395 2143 468 2177 τῶν
500 2139 597 2177 κατὰ
629 2142 761 2202 Μιμνῆ
788 2142 876 2187 (Vit.
898 2146 931 2177 2.
953 2147 984 2178 3.
1006 2142 1100 2178 Gud.
1121 2143 1263 2189 μνημῆ)
1293 2143 1360 2178 τοῦ
1392 2139 1591 2188 ζωγράφου
1617 2143 1745 2188 χωλῶν

213 2189 360 2238 ἰάμβων
392 2187 759 2225 Ιππωνακτείων
795 2191 945 2236 στίχων·
978 2191 1137 2236 Μιμνῆ
1169 2193 1244 2227 κτλ.
1295 2190 1435 2225 Eadem
1467 2190 1588 2225 Tzetz.
1621 2190 1745 2226 Schol.

212 2239 251 2274 in
275 2238 473 2274 Homerica.
499 2238 556 2273 ed.
583 2237 727 2273 Morell.
753 2249 789 2283 p.
817 2242 838 2273 8
864 2237 993 2283 (Brink
1018 2237 1153 2273 Philol.
1179 2237 1230 2273 VI
1249 2239 1326 2283 36):
1353 2233 1592 2293 παράδειγμα
1620 2236 1662 2273 δέ
1687 2249 1746 2273 σοι

213 2284 358 2326 δασέως
389 2282 622 2325 ἐκτείνοντος
654 2281 693 2327 ἕξ
720 2282 973 2326 Ιππώνακτος
1001 2283 1046 2320 ἓν
1078 2284 1290 2331 παραθήσω
1323 2282 1366 2321 ἐκ
1391 2285 1464 2320 τῶν
1491 2282 1586 2320 κατὰ
1612 2285 1744 2342 Μιμνῆ

212 2334 279 2368 τοῦ
313 2333 379 2390 (sic
406 2333 519 2369 etiam
545 2333 594 2377 D,
627 2345 651 2378 μ
696 2333 773 2367 νῶν
804 2333 871 2368 τοῦ
899 2332 942 2378 C,
978 2334 1175 2378 Μίμνητος
1199 2332 1328 2377 Brink)
1356 2329 1556 2378 ζωγράφου
1583 2329 1743 2390 χωλιαμ-

214 2382 301 2429 βων,
339 2378 386 2416 τὰ
421 2378 460 2423 ἐξ,
492 2379 612 2420 ἔθους
645 2345 700 2426 (ξιξ
732 2376 795 2415 ἑτέ
798 2381 887 2426 ρων)
919 2381 1210 2433 παραδείγματα
1236 2377 1388 2420 εἰακώς·
1421 2380 1552 2432 Μιμνῆ
1579 2377 1744 2425 κακομή-

213 2441 302 2473 χανε
330 2431 404 2464 κτλ.
432 2449 476 2454 ——
503 2427 618 2463 Brink
643 2394 848 2463 identidem
875 2427 920 2463 de
946 2426 1094 2462 difficili
1114 2428 1286 2464 11001000
1305 2426 1524 2473 disputavit,
1549 2426 1683 2463 Philol.
1692 2427 1744 2462 VI

213 2480 257 2511 36
284 2478 322 2511 et
349 2480 415 2511 727
448 2475 518 2511 VII
552 2479 618 2511 743
651 2474 738 2509 XIII
764 2478 843 2511 606.
878 2495 922 2501 —-
955 2475 998 2510 V.
1028 2479 1058 2509 1.
1091 2476 1244 2521 Μιμνῆ,
1280 2475 1399 2510 altero
1431 2474 1515 2510 1000
1522 2485 1599 2532 ap.
1625 2473 1744 2510 Brink

213 2536 418 2569 μιμνηνων,
451 2523 573 2578 quod
586 2533 630 2557 ex
662 2522 921 2568 ditbographia
954 2523 1128 2578 Μίμνων
1142 2523 1352 2558 01111111.-
1383 2519 1645 2579 κακομήχανε,
1672 2521 1742 2557 012.

168 2588 170 2590 -
213 2570 287 2607 Vit.
317 2575 346 2606 1.
374 2575 395 2606 2
421 2566 1466 2629 κατωμῄχανε,οοᾱ.Η11015.κατωμόχοιιε,3ξ).Β111111
1490 2566 1741 2626 καταμόχανε.

212 2618 383 2654 Meineke
403 2618 496 2653 coni.
516 2614 606 2653 κάκ’
628 2614 816 2677 ωμήχανε,
841 2617 958 2652 Brink
977 2614 1065 2652 κάκ’
1087 2629 1116 2652 ω
1136 2617 1320 2677 μοχθηρέ,
1336 2617 1398 2652 vel
1417 2616 1544 2652 κακῶν
1565 2614 1742 2662 μοχλητά,

213 2666 385 2722 Hartung
398 2667 615 2723 Μίμνημον,
642 2680 669 2701 ω
689 2663 871 2723 μοχθηρέ,
899 2664 1158 2700 Schneidewin
1176 2661 1306 2710 κάτωμ
1324 2692 1333 2709 ,
1359 2678 1387 2699 ω
1407 2666 1490 2709 Χῐε,
1508 2664 1557 2700 M.
1573 2664 1744 2700 Schmidt

213 2711 381 2759 κάτωμε,
413 2711 570 2758 μυσχνέ,
603 2724 672 2759 ego
701 2710 923 2758 ’κατόμνω
951 2712 987 2758 (i.
1015 2723 1045 2748 e.
1066 2679 1306 2758 Εκατόμνω)
1336 2716 1482 2757 χαῖρε,
1513 2711 1573 2747 vel
1598 2723 1741 2756 κανη-

213 2760 372 2796 τοποιέ
399 2760 445 2797 ef.
471 2761 514 2795 fr.
543 2764 628 2805 116,
661 2761 726 2796 sed
749 2762 924 2795 neutrum
949 2759 1040 2795 satis
1067 2759 1175 2803 facit,
1200 2760 1284 2795 fort.
1311 2762 1603 2794 κατωνακαῖε
1636 2758 1742 2794 resti—

212 2808 392 2843 tuendum
417 2807 442 2841 i.
463 2819 493 2843 0.
519 2789 827 2864 κατωνακοφόρε.
853 2828 898 2833 —-
923 2805 1084 2853 γράψῃς,
1110 2806 1184 2842 Vit.
1204 2811 1225 2842 3
1252 2804 1411 2853 γράψῃς,
1437 2817 1495 2863 ap.
1516 2805 1631 2840 Brink
1655 2802 1744 2852 γρά-

214 2862 310 2899 ψεις.
343 2875 388 2882 -
421 2855 465 2891 V.
499 2859 531 2890 2.
565 2852 754 2901 τριήρευς,
788 2866 848 2900 ap.
880 2854 997 2889 Brink
1022 2852 1204 2937 τριήρους.
1238 2875 1282 2880 -
1313 2851 1526 2900 πολυζύγῳ,
1558 2853 1633 2890 Vit.
1659 2857 1693 2889 2.
1718 2857 1740 2888 3

215 2904 421 2951 πολυστίχῳ
449 2914 519 2939 0111.
545 2903 660 2939 verbo
685 2903 806 2951 τοίχῳ.
834 2923 878 2928 -
905 2902 947 2938 V.
975 2906 1008 2938 3.
1036 2899 1214 2950 ἐμβόλου,
1245 2912 1305 2947 ap.
1336 2900 1454 2936 Brink
1485 2889 1665 2948 ἐμβόλων.
1697 2920 1741 2926 -—
