1890 3216
765 174 1123 214 ARchocHUS.
1629 175 1717 219 393

828 286 1048 348 ,37.[22]

245 371 415 426 Χαίτην
447 366 526 414 ἀπ’
563 367 698 427 ὤμων
733 369 881 427 ἐγκυτὶ
912 370 1194 429 κεκαρμένος.

531 521 550 528 ,
837 479 1048 534 38.[20]

245 559 493 619 Προῦθηκε
525 561 651 606 παισὶ
684 564 870 607 δεῖπνον
903 562 1055 619 αίηνὲς
1087 564 1252 623 φέρων.

854 671 1033 732 39.[8]

247 757 366 807 Βοῦς
398 754 520 799 ἐστὶν
551 752 659 812 ἡμῖν
692 754 880 814 ἐργάτης
912 756 961 801 ἐν
994 759 1121 815 οἰκίῃ,

245 826 468 884 κορωνός,
501 829 646 885 ἔργων
680 829 798 885 ἴδρις
830 826 1042 886 οὐδαμῶς
1074 866 1083 875 .
1115 864 1125 874 .
1157 864 1167 874 .

836 938 1048 992 40.[16]

250 1023 387 1064 Τοῖον
417 1017 504 1076 γὰρ
537 1016 682 1077 αὐλὴν
717 1019 845 1078 ἕρκος
877 1018 1227 1079 ἀμφιδέδρομεν.

909 1130 979 1173 41.

240 1209 419 1270 Ἀμισθὶ
450 1209 537 1271 γάρ
571 1225 619 1257 σε
651 1211 837 1270 πάμπαν
870 1210 925 1258 οὐ
959 1212 1185 1271 διάξομεν.

837 1322 908 1365 42.
942 1323 1049 1376 [18.]
1649 1335 1719 1368 694

242 1402 443 1462 Ἐσθλὴν
475 1403 562 1463 γὰρ
594 1402 736 1461 ἄλλην
769 1401 872 1448 οἶδα
902 1404 1113 1450 τοιούτου
1145 1409 1294 1462 φυτοῦ

184 1503 189 1508 «
246 1482 430 1522 εἴκασιν.

173 1617 291 1679 ανὴρ
315 1617 632 1680 ἐπιτέρπεται
658 1619 842 1678 ἐ’,ργοις
888 1618 1098 1667 Εὐριπίδης
1137 1619 1178 1658 ἐν
1213 1622 1264 1669 τῷ
1298 1620 1412 1658 Οἰνεῖ
1439 1624 1571 1668 φησιν
1614 1619 1716 1659 Ἀλλ’

173 1666 284 1710 ἄλλος
308 1665 434 1709 αλλοις
466 1670 607 1715 μᾶλλον
642 1664 779 1712 ἥδεται
803 1667 966 1713 τρόποις.
1018 1669 1118 1705 Sext.
1145 1659 1287 1727 Empir.
1315 1670 1400 1706 adv.
1427 1670 1545 1706 Math.
1572 1671 1623 1707 XI
1649 1675 1717 1708 699

172 1719 258 1760 (555
283 1717 342 1753 ed.
370 1717 502 1763 Bekk.)
533 1716 723 1762 adscripto
750 1717 904 1753 Homeri
937 1730 1062 1753 versu:
1099 1717 1164 1753 καὶ
1196 1714 1280 1753 κατ’
1306 1715 1512 1764 Ἀρχίλοχον
1539 1715 1651 1760 ἄλλος
1675 1720 1718 1764 (C

173 1762 307 1810 ἄλλως)
333 1761 432 1810 αλλῳ
459 1761 522 1802 ἐπ’
552 1761 629 1808 (ἐπὶ
657 1763 730 1810 GR)
759 1763 855 1822 ε”ργῳ
883 1766 1043 1811 καρδίην
1069 1766 1246 1823 (κραδίην
1273 1765 1348 1809 CR)
1376 1765 1550 1802 ἰαίνεται.
1595 1767 1716 1805 Cram.

172 1814 244 1849 An.
264 1813 348 1848 Par.
368 1812 522 1856 111488‚
546 1816 606 1848 17.
642 1812 753 1848 τοῦτο
776 1802 978 1859 Ἀρχίλοχος
1003 1811 1097 1860 μετὰ
1125 1811 1300 1858 φράσεως
1327 1814 1364 1859 (l.
1386 1813 1617 1874 μετέφρασε·
1640 1812 1717 1861 Ως)

173 1857 283 1902 αλλος
302 1857 401 1908 ἄλλῳ
422 1862 583 1916 κραδίην
603 1859 770 1906 γένηται.
811 1861 916 1897 Unde
942 1862 1063 1907 possis
1088 1861 1197 1898 initio
1223 1873 1351 1898 versus
1378 1862 1493 1898 etiam
1521 1860 1584 1899 ἐπ’
1607 1859 1719 1905 ἄλλος

174 1909 235 1945 vel
261 1906 311 1950 ὡς
335 1897 447 1950 ἄλλος
474 1908 669 1945 conficere.

269 1957 327 1993 Fr.
357 1960 413 1993 37.
465 1957 522 1992 Et.
548 1957 598 1992 Μ.
626 1960 707 2002 311,
733 1960 796 1992 40·
835 1953 1016 2002 Ἐγκυτὶ
1049 1954 1238 2016 ἐπίρρημα
1271 1962 1456 2004 σημαῖνον
1490 1956 1533 1994 τὸ
1562 1956 1603 1995 ἐν
1630 1960 1717 2007 χρῷ.

112 2033 115 2035 A
170 2000 438 2062 Ἀρχίλοχος-
478 2006 654 2049 Χαίτην
686 2007 762 2040 κτλ.
801 2003 971 2040 τουτέστι
1008 2003 1102 2050 πρὸς
1137 2003 1240 2053 αὐτῷ
1279 2007 1330 2063 τῷ
1370 2005 1539 2063 δέρματι.
1578 1997 1720 2051 (Miller

175 2052 280 2088 Misc.
304 2056 348 2088 97
375 2049 568 2096 ὀξυτόνως
593 2051 636 2089 δὲ
665 2049 793 2112 ἐγκυτὶ
820 2049 1008 2099 ἐπίρρημα
1034 2052 1193 2099 γέγονεν
1218 2051 1322 2099 παροὶ
1348 2050 1555 2102 Ἀρχιλόχῳ·
1588 2056 1720 2113 χαίτην

173 2102 265 2145 κτλ.)
298 2120 342 2127 —-
375 2097 522 2146 ἐγκυτί,
547 2099 690 2136 conieci
716 2097 919 2146 ἐγκυτίς,
952 2101 997 2136 cf.
1025 2102 1151 2137 loann.
1178 2101 1285 2137 Alex.
1311 2106 1370 2147 38,
1396 2106 1458 2138 20·
1498 2090 1666 2148 ἔγ,κυτίς
1692 2115 1712 2139 ο

173 2147 286 2209 χωρὶς
315 2149 383 2184 τοῦ
416 2161 437 2184 σ
462 2149 700 2194 Καλλίμαχος
732 2146 940 2184 εἶπεν·σὺ
969 2145 1006 2183 δ’
1036 2146 1163 2195 ἕγκυτὶ
1200 2147 1334 2185 τέκνον
1361 2130 1521 2195 ἔκέρσω.
1571 2150 1720 2187 Hecker

175 2196 309 2242 χαίτην
335 2193 524 2242 ἄμωμον
551 2195 646 2232 coni.

273 2244 331 2281 Fr.
353 2247 410 2280 38.
456 2244 514 2280 Et.
540 2244 591 2280 Μ
618 2247 675 2287 32,
695 2247 758 2279 26:
785 2242 967 2289 Αἰηνές·
993 2242 1035 2280 τὸ
1063 2242 1193 2281 δεινὸν
1218 2245 1284 2281 καὶ
1308 2243 1559 2282 πολύστονον·
1584 2242 1718 2292 Ἀρχί-

173 2294 325 2337 λοχος·
362 2289 612 2338 Προῦθηκε
641 2294 716 2327 κτλ.
769 2291 1027 2328 Schneidewin
1055 2293 1194 2339 Epodis
1225 2293 1443 2340 adscripsit,
1475 2294 1639 2331 referens
1672 2295 1719 2331 ad

177 2339 274 2375 illud
300 2350 468 2384 carmen,
494 2350 540 2374 ex
565 2351 639 2384 quo
667 2340 754 2374 sunt
779 2342 928 2375 servata
952 2340 994 2376 fr
1022 2343 1077 2376 86.
1104 2344 1160 2377 87.
1188 2344 1244 2378 88.

274 2387 332 2423 Fr.
360 2392 417 2424 39.
467 2387 517 2422 Et
553 2386 604 2422 M.
630 2391 712 2430 530,
738 2391 801 2423 27:
828 2385 1057 2431 Κορωνός·
1085 2386 1104 2424 ὁ
1132 2389 1274 2435 γαῦρος
1299 2389 1364 2425 καὶ
1390 2386 1623 2450 ὑψαυχενῶν
1650 2420 1657 2427 .
1681 2419 1718 2427 ..

174 2431 443 2481 Ἀρχίλοχος·
483 2435 597 2475 Βοῦς
637 2432 832 2473 ἐστιν..
860 2436 1001 2493 .’ἰδρις.
1051 2436 1117 2472 ubi
1150 2435 1188 2471 M
1206 2438 1312 2493 βοῦς
1344 2435 1405 2482 δε,
1438 2437 1472 2473 V
1498 2448 1570 2474 om.
1599 2436 1719 2483 ἔργων

177 2484 216 2519 ἴδ
217 2496 283 2529 ρ.ις
334 2483 474 2520 Eadem
502 2483 559 2519 Et.
588 2482 683 2518 Gud.
709 2487 790 2527 339,
817 2486 879 2519 31.
915 2479 1120 2529 Ἀρχέλαος·
1155 2485 1245 2542 βοῦς
1275 2483 1318 2520 δὲ
1352 2483 1443 2531 ἡμῖν
1469 2488 1544 2522 κτλ.
1596 2485 1717 2522 Cram.

177 2530 247 2567 An.
275 2531 369 2567 Par.
387 2532 437 2567 IV
465 2535 611 2575 76,13.
651 2510 877 2576 Ἀρχέλοχος,
903 2532 969 2567 ubi
995 2530 1117 2577 ἔργον.
1170 2529 1358 2579 Οὐδαμῶς
1383 2533 1486 2569 solus
1512 2534 1591 2569 cod.
1619 2533 1718 2571 Flor.

178 2578 304 2615 Miller
329 2578 435 2615 Misc.
467 2583 534 2615 194
559 2578 682 2621 addit,
707 2577 794 2615 fort.
821 2579 884 2624 leg
859 2592 893 2624 g.
922 2575 1062 2615 οὐδὲν
1088 2576 1275 2625 οὐδαμῶς.

274 2627 332 2663 Fr.
359 2631 416 2663 40.
469 2626 594 2662 Sehol.
619 2626 727 2662 Hom.
755 2625 796 2662 Il.
825 2640 839 2662 ι
864 2624 1008 2663 9οεΤό
1036 2630 1213 2686 περιθεῖν
1239 2628 1351 2664 τοῦτο
1376 2630 1491 2674 δηλοῖ
1511 2627 1718 2679 (περιέχειν

178 2687 303 2710 παντα
307 2671 459 2721 χόθεν)·
487 2673 569 2710 οἷον
595 2674 661 2709 καὶ
683 2665 933 2720 Ἀρχίλοχος
958 2675 1083 2720 δηλοι,
1109 2673 1287 2720 ποιήσας·
1317 2679 1454 2712 Τοῖον
1480 2679 1556 2712 κτλ.

273 2723 332 2759 Fr.
359 2727 416 2760 41.
468 2722 642 2769 Apollon.
670 2721 789 2779 Dysc3
819 2722 864 2758 de
897 2722 989 2759 Adv.
1017 2723 1133 2759 Bekk.
1162 2725 1230 2758 An.
1259 2723 1405 2768 11571,
1434 2728 1495 2759 12:
1538 2722 1590 2759 Τὸ
1623 2725 1717 2770 γοῦν

176 2766 479 2817 Ἄρχιλόχειον
518 2767 724 2815 συνεστάλη
779 2766 950 2815 Ἀμισθὶ
989 2773 1064 2806 κτλ,
1115 2770 1316 2806 Herodian.
1349 2782 1397 2817 ap
1401 2771 1637 2808 ..Hermann
1671 2773 1718 2809 de

177 2818 333 2854 Emend.
360 2818 421 2855 Gr.
448 2822 518 2855 449
551 2821 591 2854 et
621 2817 742 2853 Cram.
771 2819 838 2854 An
865 2817 930 2854 Ox.
959 2817 1010 2852 ΙΙΙ
1036 2822 1122 2862 300,
1149 2822 1195 2854 24
1231 2818 1340 2855 affert
1371 2818 1450 2855 sine
1482 2832 1518 2865 p.
1549 2831 1647 2856 nom.
1680 2823 1720 2857 et

179 2865 317 2902 omisso
343 2863 480 2913 διαξομ
483 2878 542 2910 εν,
568 2877 635 2912 pro
661 2877 735 2910 quo
764 2864 928 2910 Elmsley
954 2863 1171 2911 διδαξομεν.
1217 2866 1277 2902 Ad
1303 2867 1464 2903 Nessum
1491 2866 1718 2904 Centaurum

178 2913 425 2958 probabiliter
449 2914 565 2950 refert
590 2912 862 2956 Schneidewin,
889 2912 963 2948 vid.
989 2913 1033 2949 fr.
1062 2918 1141 2950 146.

275 2961 334 2996 Fr.
361 2965 417 2998 42.
464 2962 589 2997 Schol.
616 2962 771 2998 Theocr
799 2960 914 2998 1148:
942 2962 1030 3002 ἴσως
1055 2959 1178 3007 φυτὸν
1205 2959 1299 2998 αὐτὸ
1325 2959 1566 3009 (ἴππομανές)
1594 2961 1668 3010 ἔφη
1695 2961 1716 3000 ὁ
