1890 3216
213 174 300 216 362
747 174 940 211 ΡΟΕΤΑΕ
968 173 1205 211 ELEGIACI.

283 280 440 339 τοιγὰρ
460 283 665 339 αοίδιμος
685 284 852 339 ἔργοις,
866 280 1106 326 ἀθάνατόν
1125 283 1174 327 τέ
1191 300 1268 340 μιν
1293 281 1536 340 αὐξήσουσι
1557 287 1743 329 Μοῦσαι

213 365 256 397 15
289 351 594 410 Μναμοσύνας
619 351 862 411 θύγατρες,
889 351 1002 405 Διὸς
1028 354 1177 407 ξενίου
1197 355 1328 411 σέβας
1347 353 1568 400 ἀσκοῦσαι
1593 359 1744 414 φιλίας
1757 369 1826 402 665

994 442 1040 469 τε
1052 426 1203 484 γέρας
1233 429 1431 483 βεβαίου.

210 544 327 580 medii
347 544 453 579 verbi
472 557 540 590 χηρ
521 541 665 588 ρώσατο
691 544 772 580 vice
792 543 972 590 fungitur,
998 544 1176 581 Mattaire
1196 546 1391 591 proposuit
1410 544 1601 604 χήρευσεν
1611 544 1741 593 αὐγᾶς.

212 613 255 618 —-
291 593 335 627 V.
366 595 419 627 14.
446 605 525 637 τοιγ
505 589 577 637 γὰρ
604 591 662 627 CP
689 591 806 638 (Ath)
826 592 855 627 Β
875 592 1024 638 (Diog.),
1051 592 1110 628 τοὶ
1128 589 1206 651 γὰρ
1227 593 1289 628 VL
1312 594 1442 639 (Α111.),
1468 599 1540 630 ποῖ
1559 591 1629 641 γὰρ
1655 595 1742 631 AL2

216 640 280 699 {LI
309 636 349 674 τὸ
376 636 462 685 γὰρ)
489 638 554 681 QV
581 638 730 685 (Diog.).
765 660 806 666 —-
841 636 1025 698 ἀοίδιμος,
1060 640 1088 675 P
1115 638 1301 698 ἀοίδιμον.
1335 663 1380 668 --
1414 641 1546 688 ξ’,ργοις
1571 642 1744 701 Hartung

217 687 375 733 ἔρχεται.
405 708 446 713 -
473 683 1051 733 αθάνατον,1)1ος.αθάνατοι.
1082 709 1123 714 ——
1151 685 1373 734 αὐξήσουσι,
1398 689 1549 726 Brunck
1573 687 1741 734 αυξουσι.

214 756 257 761 -
285 735 456 780 Μοῦσαι,
482 734 587 792 Ilgen
623 716 823 771 delendum
849 737 986 771 censet.
1014 757 1057 762 —
1092 736 1134 773 V
1163 740 1206 772 15
1233 747 1304 773 om.
1331 737 1368 773 C.
1396 759 1440 763 —
1472 736 1743 797 Μναμοσύνας,

212 783 296 818 Α111.
331 763 580 837 μνημοσύνης.
613 803 656 808 -
689 780 880 829 θύγατρες
911 782 1031 829 Diog.‚
1053 782 1274 841 θυγατέρες
1305 784 1442 822 APVL.
1477 806 1520 812 —
1559 783 1744 822 ασκοῦσαι

211 830 353 876 scripsi,
381 831 577 876 legebatur
604 827 789 873 αὔξουσαι
815 832 880 874 (Ll
908 831 1017 876 Diog.
1044 828 1252 890 ἅρξουσαι),
1279 832 1368 868 011111
1395 830 1578 879 ἁζόμεναι
1603 833 1744 870 conieci

209 878 272 914 vel
298 875 392 919 Διὸς
417 879 542 920 ξενίου
569 891 612 914 τε
636 877 749 926 σέβας
768 875 1027 936 Αζόμενον,
1053 878 1159 925 llgen
1178 877 1361 923 αὔξουσαι
1387 881 1586 916 delendum
1606 882 1742 918 censet.

211 947 256 952 —-
282 926 395 971 γέρας
418 925 526 971 Diog.
553 925 592 960 L.
602 927 754 972 ,γῆρας
778 926 853 970 PV,
879 940 997 973 γαρας
1022 926 1096 963 AB.
1124 948 1168 953 -—
1197 929 1364 982 βεβαίου,
1391 928 1477 964 Ath.
1504 930 1671 977 βεβαίας.

307 974 414 1017 Quod
438 973 478 1008 in
502 954 688 1019 prioribus
722 973 951 1010 editionibus
982 974 1070 1010 111110
1102 975 1260 1011 carmini
1291 975 1463 1011 subiunxi
1494 976 1743 1022 fragmentum

210 1023 337 1068 hymni
360 1022 403 1076 ir}
428 1021 649 1066 Fortunam,
674 1033 772 1057 1111110
798 1034 882 1057 cnm
902 1022 1118 1057 Aristotelis
1136 1034 1272 1059 nomen
1292 1024 1391 1068 apud
1414 1023 1515 1060 Stob.
1535 989 1613 1060 Egel.
1633 1024 1742 1071 Phys.

205 1070 221 1104 I
247 1073 340 1115 6,13
362 1068 471 1105 nimis
491 1069 634 1105 incerta
653 1070 877 1105 auctoritate
896 1070 1051 1114 nitatur,
1071 1069 1170 1106 inter
1188 1071 1400 1116 fragmenta
1418 1071 1601 1117 adespota
1619 1072 1742 1110 retuli.

306 1117 515 1153 Secundum
543 1117 751 1153 Himerium
779 1117 839 1153 Or
860 1117 912 1152 VI
934 1121 954 1152 6
974 1116 1197 1154 Aristoteles
1222 1118 1415 1154 Hermiam
1441 1119 1556 1154 etiam
1582 1119 1744 1177 nuptiali

210 1165 373 1201 carmine
399 1164 607 1201 decoravit.
634 1165 698 1200 καὶ
717 1162 876 1223 ἐλεγείῳ
904 1162 969 1200 τὸν
996 1162 1173 1211 θάλαμον
1200 1166 1310 1209 (Rose
1336 1163 1469 1211 θόλον,
1495 1167 1594 1212 (111οᾶ
1619 1164 1743 1212 τάφον

210 1224 290 1248 esse
318 1213 408 1256 vult,
435 1214 646 1258 perperam)
680 1210 782 1260 μόνῳ
815 1215 890 1248 τῶν
922 1213 1117 1258 γνωρίμων
1152 1210 1344 1259 ἐκόσμησε.
1379 1214 1479 1259 quod
1513 1225 1678 1260 carmen,
1711 1215 1743 1250 si

209 1260 360 1306 quidem
387 1240 477 1296 o'lim
502 1260 701 1304 ferebatur,
729 1250 928 1296 manifesto
955 1260 1207 1296 subditicium.
1246 1261 1325 1297 Nec
1344 1262 1464 1318 magis
1482 1262 1555 1298 fide
1567 1262 1742 1319 dignum,

207 1309 307 1369 (111οᾱ
334 1308 467 1343 deinde
503 1307 673 1365 sophista
705 1308 832 1343 addit:
866 1305 950 1344 ἐπεὶ
983 1306 1024 1344 δε
1056 1306 1313 1354 πορευόμενος
1344 1305 1441 1344 κατᾶ
1473 1307 1539 1345 τὸν
1567 1306 1742 1367 Ἀταρνέα

204 1354 369 1401 ἐγένετο,
398 1353 489 1391 ἰδὼν
516 1354 626 1390 πόλιν
654 1352 872 1414 Ἑλληνικῆς
897 1353 1033 1401 αρετῆς
1057 1356 1120 1391 καὶ
1147 1357 1284 1412 σοφίας
1303 1357 1477 1414 διψῶσαν
1502 1369 1668 1415 απασαν,
1696 1355 1741 1394 ού

204 1404 378 1449 παρῆλθε
401 1403 497 1450 σιγῇ,
525 1404 693 1457 βραχει
708 1401 754 1439 δε
773 1405 820 1485 §a
828 1404 936 1451 βλίῳ
957 1402 1025 1448 τήν
1050 1416 1088 1439 τε
1116 1401 1226 1439 πόλιν
1246 1404 1310 1440 καὶ
1329 1401 1395 1439 τὸν
1416 1400 1596 1450 Ερμείαν
1620 1386 1740 1451 ἠσπά-

205 1454 298 1495 ζετο.
350 1461 445 1496 quae
486 1451 580 1487 miro
613 1462 734 1486 errore
808 1462 868 1487 ose
904 1440 952 1487 ad
977 1451 1164 1487 Paeanem
1199 1452 1256 1496 (fr.
1284 1454 1319 1494 6)
1357 1452 1567 1488 revocanda
1604 1454 1741 1489 censet.

204 1500 402 1535 Praeterea
421 1497 598 1534 malevoli
624 1499 907 1544 obtiectatores,
932 1501 974 1534 ut
998 1497 1193 1535 Aristoteli
1219 1499 1398 1535 invidiam
1423 1499 1600 1544 facerent,
1627 1501 1742 1536 etiam

206 1547 366 1583 aliorum
397 1546 610 1582 nominibus
645 1546 751 1582 abusi
783 1546 1112 1592 pseudepigrapha
1136 1548 1314 1592 poemata
1346 1550 1641 1604 composuerunt,
1667 1548 1741 1606 ν1ᾶ;

206 1594 340 1631 Euseb
377 1595 508 1640 Praep.
539 1594 606 1630 Ev
640 1595 707 1629 XV
735 1598 803 1630 791
837 1594 890 1629 D.
923 1593 1160 1654 Εὐβουλίδης
1197 1593 1239 1630 δὲ
1271 1592 1465 1652 προδήλως
1497 1592 1538 1630 ἐν
1569 1595 1619 1643 τῷ
1653 1592 1739 1631 κατ’

206 1639 324 1678 αὐτοῦ
352 1643 480 1700 βιβλίῳ
497 1640 704 1700 ψεύδεται,
730 1642 878 1699 πρῶτον
905 1655 973 1687 μεν
1000 1641 1176 1688 ποήματα
1201 1640 1328 1700 ψυχρα
1362 1639 1666 1700 προφερόμενος,
1693 1641 1743 1684 ὡς

205 1687 453 1748 γεγραφότων
479 1687 601 1725 ἄλλων
628 1690 713 1735 περὶ
738 1690 806 1725 τοῦ
830 1703 953 1736 γαμου
981 1689 1045 1725 καὶ
1076 1691 1142 1735 τῆς
1180 1687 1273 1736 πρὸς
1300 1687 1478 1737 Ερμείαν
1512 1672 1741 1736 οἰκειότητος

206 1735 307 1786 αὐτῷ
335 1738 545 1783 γεγονυίας.
597 1737 652 1772 Ex
678 1737 861 1773 eiusmodi
885 1739 1059 1783 poemate
1083 1750 1231 1774 versum

556 1805 751 1854 Εύνοῦχος
777 1804 829 1844 ὧν
856 1808 920 1844 καὶ
946 1808 1079 1850 δοῦλος
1104 1803 1219 1855 ἦρχεν
1239 1806 1394 1855 Ερμίας

205 1892 316 1926 quem
336 1881 395 1916 Et.
414 1879 463 1915 M.
479 1884 566 1925 376,
582 1884 625 1915 21
652 1879 861 1924 Aristoteli,
889 1879 1024 1916 Suidas
1042 1893 1075 1916 v.
1091 1877 1248 1926 Ερμίας
1266 1881 1499 1926 Hipponacti
1512 1881 1694 1927 attribuit,
1704 1883 1739 1927 ²⁸)

204 1928 369 1974 petitum
395 1939 472 1964 esse
497 1928 537 1963 in
556 1928 613 1963 ed.
634 1932 654 1962 2
681 1927 890 1973 suspicatus
911 1940 1003 1972 sum,
1026 1940 1112 1963 nam
1133 1929 1180 1964 ab
1198 1929 1434 1974 Hipponacte
1455 1929 1605 1974 quidem
1627 1930 1739 1975 plane

204 1977 358 2021 alienus,
377 1986 496 2021 neque
517 1976 651 2022 dignus
671 1975 883 2011 Aristotele.
892 1974 946 2016 **)
983 1957 1128 2020 I'dque
1118 1988 1155 2010 111
1176 1976 1232 2011 ed.
1254 1981 1274 2012 3
1300 1976 1415 2021 tenui,
1441 1977 1507 2011 sed
1525 1976 1637 2012 simul
1656 1989 1739 2022 pro-

204 2025 323 2060 fessus
358 2036 457 2067 sum,
490 2035 636 2069 versum
661 2023 820 2059 fortasse
857 2023 1033 2059 Helladio
1059 2023 1303 2081 grammatico
1332 2023 1618 2060 adscribendum
1645 2025 1710 2060 et
1699 2037 1739 2060 111

205 2073 303 2108 1111110
316 2072 470 2107 modum
483 2070 832 2116 redintegrandum
859 2071 926 2116 τῆς
952 2067 989 2105 δ’
1010 2067 1207 2115 Ἀταρνέως
1227 2068 1407 2117 εὐνοῦχος
1428 2067 1481 2106 ὦν
1496 2072 1635 2108 collato
1648 2072 1738 2108 Hel—

204 2120 306 2155 ladio
338 2131 386 2165 ap
389 2118 601 2155 .Photium
627 2118 721 2154 Bibl.
743 2122 811 2154 279
838 2131 872 2164 p.
894 2122 975 2162 530,
1001 2118 1046 2153 de
1071 2118 1236 2154 Helladii
1261 2119 1546 2155 christomathia
1571 2119 1737 2156 versibus

204 2166 384 2203 trimetris
396 2166 492 2212 scrip
495 2167 535 2202 ta
550 2166 595 2202 cf.
610 2165 783 2202 Meineke
796 2165 931 2202 Philol.
946 2166 1032 2202 XIV
1044 2170 1100 2201 21.
1121 2166 1169 2202 Et
1182 2166 1357 2202 Helladio
1370 2167 1413 2203 R.
1425 2167 1606 2211 Foerster,
1619 2179 1738 2213 nuper

204 2215 244 2251 in
269 2215 406 2250 Herme
427 2214 527 2259 (XIV
546 2216 631 2259 469)
658 2213 704 2249 de
730 2214 802 2249 hac
828 2214 1046 2258 quaestione
1073 2214 1353 2259 commentatus,
1385 2214 1604 2250 versiculum
1622 2213 1738 2251 istum

204 2262 419 2298 vindicavit.
448 2262 619 2297 Foerster
651 2262 717 2297 τοῦ
743 2261 911 2307 requirit,
947 2263 1048 2297 recte
1076 2273 1175 2307 sane,
1208 2262 1272 2298 sed
1304 2262 1430 2308 potuit
1453 2262 1648 2299 Helladius
1673 2263 1736 2298 ab·

206 2321 339 2346 errare.

300 2419 334 2464 ²¹⁶)
360 2419 528 2463 Uterque
548 2417 815 2464 grammaticus
834 2416 1168 2463 Harpocrationem
1188 2430 1222 2454 v
1237 2413 1392 2464 Ερμίας
1410 2417 1620 2464 descripsit,
1641 2430 1737 2464 quae

207 2466 358 2511 quidem
397 2466 590 2502 adnotatio
623 2466 671 2502 ad
702 2464 966 2501 Demosthenis
998 2476 1049 2501 or.
1082 2465 1177 2502 Phil
1204 2465 1257 2500 IV
1282 2469 1327 2501 32
1359 2465 1509 2501 videtur
1541 2465 1737 2502 referenda

207 2526 303 2550 esse:
339 2516 439 2550 recte
472 2515 599 2550 autem
633 2512 847 2549 observavit
878 2512 1126 2559 Harpocratio
1156 2512 1352 2548 Atarnitae
1377 2524 1512 2548 nomen
1539 2510 1603 2548 διὰ
1629 2514 1696 2548 τοῦ
1722 2522 1737 2549 ῖ

206 2562 327 2607 scribi,
352 2562 391 2597 id
417 2562 517 2607 quod
542 2561 673 2597 titulus
699 2560 929 2606 Erythraeus
955 2570 978 2595 a
1002 2560 1190 2601 Boeckhio
1216 2560 1337 2596 editus
1364 2562 1402 2596 et
1436 2560 1627 2596 Theocriti
1652 2561 1735 2597 Chii

205 2621 332 2646 versus
359 2610 594 2654 confirmant,
627 2620 854 2654 quamquam
884 2608 998 2653 vulgo
1025 2604 1200 2654 Ἑρμείας
1230 2608 1341 2644 scribi
1373 2608 1479 2644 solet.
1529 2608 1631 2654 Harp
1634 2619 1735 2644 ocra-

205 2658 319 2693 tionis
345 2657 628 2693 adnotationem
654 2657 692 2692 et
718 2656 849 2692 Suidas
875 2657 913 2691 et
938 2655 995 2691 Et.
1022 2656 1071 2690 M.
1098 2655 1270 2691 conditor
1301 2655 1623 2701 amplificaverunt
1656 2668 1735 2692 ver-

207 2705 324 2741 siculo
349 2704 421 2740 isto
447 2704 611 2748 adiecto,
638 2704 698 2740 hic
724 2703 876 2750 quidem
897 2702 1146 2739 Choerobosci
1172 2703 1488 2749 Orthographiam
1514 2703 1733 2749 antestatus,

207 2752 271 2788 sed
295 2752 362 2788 ille
389 2751 475 2798 (vid.
503 2731 621 2788 Grani.
649 2753 720 2787 An.
724 2717 812 2787 q.Ox
839 2751 874 2786 II
899 2754 980 2796 210,
1001 2753 1060 2795 15)
1086 2761 1205 2796 neque
1229 2761 1376 2787 versum
1401 2750 1567 2796 adhibet,
1593 2753 1631 2787 et
1650 2749 1733 2797 Ε-ρ

206 2801 314 2846 μείας
339 2799 476 2845 potius,
503 2811 614 2845 quam
635 2796 790 2845 εἘρμιας
816 2799 1062 2835 commendat.

299 2844 355 2892 **)
381 2847 507 2884 Etiam
538 2849 603 2883 ten
627 2847 764 2883 Brinck
795 2845 930 2883 Philol
957 2846 1009 2881 VI
1034 2850 1101 2882 217
1127 2846 1226 2882 hunc
1257 2845 1422 2882 iambum
1447 2846 1642 2882 Aristoteli
1667 2847 1732 2882 ab-

205 2894 358 2930 iudicat
421 2895 545 2931 Vanas
588 2894 819 2931 coniecturas
856 2895 1130 2940 proposuerunt
1171 2893 1345 2940 Hartung
1383 2893 1583 2931 Theocrito
1627 2894 1730 2939 Chio,

207 2942 426 2978 Aeschrioni
450 2942 703 2981 Wilamowitz
728 2941 896 2978 tribuens
921 2942 1019 2977 hunc
1044 2941 1265 2978 trimetrum.
