1890 3216
212 171 298 212 306
749 166 940 206 ΡΟΕΤΑΕ
955 169 1201 227 -ELEGIAOL

940 291 1008 333 22.

286 387 364 430 Τὸν
396 390 570 441 Βρομίου
602 385 785 439 Σάτυρον
816 385 1024 444 τεχνήσατο
1057 387 1243 441 δαιδαλέη
1275 389 1373 441 χείρ,

341 452 470 508 μούνη
501 453 719 500 θεσπεσίως
750 455 904 505 πνεῦμα
935 454 1110 506 βαλοῦσα
1142 455 1259 508 λίθῳ·
1668 462 1736 495 625

283 519 359 572 εἰμὶ
390 518 433 559 δὲ
464 522 547 566 ταῖς
579 515 815 570 Νύμφαισιν
846 514 1026 570 ὃμέψιος·
1059 515 1145 558 ἀντὶ
1177 517 1219 558 δὲ
1252 522 1320 559 τοῦ
1352 520 1444 572 πρίν

341 582 573 637 πορφυρέου
606 582 756 635 μέθυος
787 581 907 635 λαρὸν
938 581 1047 637 ὕδωρ
1078 583 1240 637 προχέω.

237 659 256 690 5
284 648 451 702 εὔκηλον
483 646 519 688 δ’
555 649 671 688 ἴθυνε
703 647 837 700 φέρων
867 646 991 700 πόδα,
1023 647 1075 702 μὴ
1106 647 1202 702 τάχα
1233 652 1380 702 κοῦρον

343 711 508 768 κινήσῃς
539 710 677 770 ἁπαλῷ
709 711 856 766 κώματι
886 710 1140 768 θελγόμενον.

941 831 1010 875 23.

282 930 379 984 Εἰμὶ
414 928 485 982 μὲν
515 926 715 981 εὖκεράοιο
748 930 861 981 φίλος
891 926 1084 982 θεράπων
1114 928 1355 982 Διονύσου,.

340 997 455 1049 λείβω
488 992 524 1035 δ’
559 992 762 1049 ἀργυρέων
792 991 918 1036 ὕδατα
949 992 1162 1036 Ναϊάδων·

281 1061 409 1115 θέλγω
443 1058 480 1100 δ’
507 1056 727 1112 ’ἠρεμέοντα
758 1059 850 1101 νέον
880 1060 968 1113 περὶ
998 1058 1145 1113 κώματι
1175 1062 1310 1101 παῖδα.

941 1243 1009 1285 24.

282 1335 462 1393 Σιγάτω
494 1335 653 1380 λάσιον
686 1334 913 1393 Δρυάδων
945 1335 1077 1387 λέπας
1110 1337 1156 1380 οἵ
1183 1334 1222 1379 τ’
1258 1334 1344 1381 ἀπὸ
1379 1338 1538 1392 πέτρας

340 1407 526 1464 κρουνοὶ
558 1406 631 1450 καὶ
663 1405 802 1463 βληχὴ
835 1405 1112 1463 πουλυμιγὴς
1142 1408 1365 1463 τοκάδων,

282 1477 417 1530 αὐτὸς
449 1479 540 1523 ἐπεὶ
574 1478 750 1534 σύριγγι
782 1481 997 1534 μελίζεται
1030 1476 1253 1538 εύκελάδῳ
1286 1478 1411 1535 Πάν,

340 1548 482 1607 ὑγρὸν
516 1549 596 1601 ἱεὶς
629 1552 818 1604 ζευκτῶν
850 1554 995 1607 χεῖλος
1025 1547 1136 1607 ὑπὲρ
1168 1548 1396 1606 καλάμων·

210 1725 289 1773 άμα
315 1726 361 1774 δὴ
388 1726 512 1768 πάσας
544 1726 690 1774 ἔμπνοα
722 1726 962 1782 φερβομένας
996 1728 1044 1763 ad
1075 1727 1184 1764 huius
1210 1740 1267 1774 ep.
1294 1728 1577 1765 similitudinem
1603 1740 1738 1776 propo—

211 1776 296 1812 suit.
346 1777 438 1812 Uter
463 1777 587 1811 utrum
612 1776 781 1811 imitatus
807 1775 873 1820 sit,
898 1774 992 1810 mihi
1017 1787 1091 1811 non
1116 1776 1264 1811 videtur
1288 1776 1442 1811 dubium
1468 1788 1558 1813 esse.
1610 1776 1739 1813 Gram-

211 1824 368 1859 maticus
393 1825 435 1859 ut
459 1823 585 1877 potuit
609 1822 751 1868 regiam
777 1822 973 1858 infantiam
982 1823 1178 1874 mundare
1203 1823 1380 1859 instituit.
1419 1823 1486 1858 Est
1509 1825 1635 1860 autem
1654 1824 1738 1882 Pla-

210 1872 307 1907 tonis
339 1871 510 1914 minoris,
547 1882 632 1906 nam
666 1870 764 1915 quod
797 1858 1025 1915 subsequens
1057 1870 1292 1927 epigramma
1321 1868 1523 1912 Πλάτωνος
1552 1870 1738 1917 νεωτέρου

209 1920 326 1964 (748),
358 1920 429 1954 hoc
462 1920 586 1954 autem
620 1917 841 1963 simpliciter
870 1917 1089 1962 inscriptum
1122 1920 1179 1954 est
1210 1915 1428 1961 Πλάτωνος,
1467 1918 1586 1955 multo
1619 1919 1739 1965 magis

211 1967 336 2003 firmat
360 1977 474 2011 quam
499 1965 634 2001 evertit
658 1966 755 2000 hano
780 1965 1040 2011 suspicionem.

305 2030 361 2061 22.
412 2026 463 2061 Ib.
492 2025 542 2060 IX
568 2028 653 2060 826:
692 2021 798 2060 ἄλλο·
834 2023 888 2065 εἰς
919 2021 1094 2069 Σάτυρον
1126 2021 1243 2072 κρήνῃ
1277 2023 1471 2070 ἐφεστῶτα
1504 2025 1569 2061 καὶ
1593 2022 1740 2071 ’Έρωτα

209 2070 466 2109 καθεύδοντα.
510 2073 564 2108 ita
595 2072 709 2108 etiam
741 2072 820 2107 cod.
854 2072 935 2107 Par
965 2071 1122 2125 Platoni
1155 2073 1269 2118 adesp
1272 2075 1361 2108 oton
1398 2073 1469 2108 hoe
1508 2071 1740 2119 epigramma

211 2121 344 2157 tribuit
368 2121 572 2156 Planudes·
598 2130 718 2165 neque
744 2122 871 2155 tamen
897 2119 1032 2155 iuniori
1058 2119 1209 2155 Platoni
1234 2120 1445 2163 tribuerim,
1472 2120 1575 2156 euius
1601 2120 1738 2156 medio-

210 2168 380 2205 critatem
407 2168 518 2213 longe
546 2169 706 2213 superat.
736 2188 779 2192 —
805 2166 851 2202 V.
874 2172 903 2202 1.
931 2167 1153 2212 τεχνήσατο,
1179 2167 1283 2203 Plan.
1310 2164 1516 2213 τεχνάσαιτο
1542 2170 1581 2204 et
1605 2168 1739 2204 deinde

211 2215 406 2272 δαιδαλέα,
432 2215 623 2251 Benndorf
646 2228 689 2260 με
711 2226 926 2260 τεχνησατο.
948 2236 991 2240 —-
1018 2214 1062 2249 V.
1078 2219 1110 2249 2.
1138 2212 1271 2261 μούνη,
1296 2214 1445 2250 Brunck
1464 2216 1591 2262 κωφῷ,
1619 2216 1739 2251 Benn-

210 2264 296 2299 dorf
318 2260 449 2310 μούνῃ,
477 2263 577 2308 quod
604 2265 702 2298 certe
729 2264 815 2317 post
838 2262 1051 2303 θεσπεσίως
1077 2264 1157 2298 erat
1182 2263 1456 2307 collocandum,
1484 2274 1529 2298 ex
1553 2274 1626 2299 11110
1649 2274 1738 2299 saxo

211 2314 424 2355 utrumque,
457 2313 500 2346 ut
526 2310 689 2367 videtur,
721 2311 867 2356 signum
892 2310 1033 2345 factum
1060 2321 1139 2346 esse
1164 2313 1284 2354 ratus,
1317 2310 1410 2346 mihi
1434 2313 1545 2355 poeta
1569 2312 1739 2346 θεσπε-

210 2360 314 2399 σίως
339 2356 479 2404 μόνον
507 2355 557 2394 οὐ
584 2358 776 2416 scripsisse
802 2357 958 2392 videtur.
985 2378 1029 2382 —-
1055 2357 1099 2394 V.
1120 2362 1152 2394 3.
1179 2355 1403 2415 Νύμφαισιν
1428 2358 1545 2401 Plan.
1571 2355 1738 2404 νύμφαις

211 2407 289 2442 eod.
311 2406 339 2441 P
366 2407 404 2442 et
428 2405 541 2441 Paris
570 2427 613 2432 —
641 2403 801 2465 ὁμέψιος
825 2405 905 2441 cod.
927 2406 956 2440 P
983 2407 1021 2440 et
1046 2405 1171 2450 Paris„
1200 2402 1371 2463 ὁμέστιος
1395 2405 1512 2449 Plan„
1539 2404 1738 2441 Schneide-

211 2454 282 2489 win
311 2450 495 2499 Νύμφαις
520 2452 758 2500 συνομέψιος.
789 2474 830 2478 -
857 2452 901 2487 V.
930 2457 952 2487 4
978 2453 1058 2487 cod.
1085 2453 1168 2488 Par.
1194 2451 1364 2498 προχέων
1391 2454 1430 2488 et
1454 2465 1487 2488 v.
1515 2456 1535 2488 6
1562 2450 1737 2499 καύματι.

305 2541 360 2573 23.
411 2538 464 2573 Ib.
491 2537 541 2572 IX
567 2539 653 2572 827:
688 2533 892 2582 Ἀμμωνίου
925 2535 979 2576 εἰς
1010 2532 1098 2576 τοὺς
1129 2531 1277 2576 αὐτούς.
1314 2532 1408 2582 (αμμ
1434 2513 1491 2576 εἰς
1513 2513 1566 2571 αὖ
1589 2536 1669 2571 cod.
1695 2537 1737 2580 P,

210 2585 233 2620 i.
261 2596 290 2620 e.
323 2582 364 2620 τὸ
392 2581 505 2629 αὐτὸ,
542 2585 585 2619 ut
617 2584 696 2620 cod.
724 2585 820 2629 Par.)
856 2584 1012 2619 Platoni
1044 2583 1178 2619 tribuit
1207 2582 1403 2620 Planudes
1455 2582 1613 2619 Carmen
1645 2583 1737 2619 satis

212 2633 309 2668 exile
336 2632 431 2667 alius
458 2634 570 2677 atque
595 2632 820 2677 praecedens
852 2633 909 2667 est
940 2633 1092 2676 poetae,
1124 2641 1167 2666 ac
1198 2630 1356 2666 fmtasse
1382 2630 1572 2666 Ammonii
1602 2641 1737 2668 nomen

210 2691 428 2724 §feunanum
455 2682 521 2715 est.
571 2680 662 2715 Post
687 2692 719 2714 v.
748 2683 768 2714 3
794 2678 984 2715 intercidit
1008 2690 1103 2714 unus
1126 2689 1253 2714 versus
1282 2678 1342 2713 vel
1374 2678 1489 2714 etiam
1515 2678 1735 2724 complures,

210 2708 253 2762 ut
278 2728 357 2763 fieri
391 2727 486 2763 solet
510 2727 546 2762 in
578 2726 674 2762 libro
706 2726 919 2762 novissimo.
970 2726 1080 2761 Haud
1110 2725 1221 2761 dubie
1253 2725 1314 2761 hic
1346 2737 1492 2770 quoque
1524 2727 1736 2770 cavebatur,

211 2786 256 2810 ne
283 2775 364 2820 quis
390 2785 547 2820 puerum
573 2774 786 2820 obsopitum
811 2785 940 2810 somno
966 2773 1156 2809 excitaret.

307 2839 362 2870 24,
414 2835 466 2870 lb.
492 2834 542 2869 IX
569 2837 654 2869 823:
688 2830 890 2874 Πλάτωνος
916 2832 969 2874 εἰς
994 2830 1060 2868 τὸν
1086 2833 1209 2868 Πᾶνα.
1243 2831 1417 2868 similiter
1442 2833 1521 2868 cod.
1550 2832 1664 2868 Paris.
1693 2853 1735 2858 —

212 2882 255 2917 V.
276 2887 308 2917 2.
337 2879 451 2929 βληχὴ
477 2882 505 2916 Ρ
526 2881 606 2917 cod.
627 2881 721 2926 Par„
713 2878 865 2962 ‚giwii
890 2881 992 2916 Plan
1017 2901 1060 2906 --
1086 2881 1128 2916 V.
1150 2884 1182 2916 3.
1211 2876 1295 2915 ἐπεὶ
1319 2880 1435 2924 Plan,
1462 2876 1520 2916 ἐπὶ
1549 2880 1628 2915 Pal.
1654 2879 1735 2916 eod.

212 2930 293 2965 Par.
335 2950 374 2954 ——
415 2930 602 2974 μελίζεται
633 2929 848 2972 cod.a1·.,
887 2929 1100 2974 μελίσδεται
1131 2927 1209 2963 Pal.
1241 2926 1346 2963 Plan.
1380 2949 1422 2954 —
1460 2926 1503 2962 V.
1537 2931 1568 2962 4.
1607 2924 1736 2973 ὑγρὸν,
