1890 3216
849 167 1058 206 EUENUS.
1633 165 1719 208 ‘277

622 279 677 324 II.
714 279 919 323 Euenus
952 277 1276 323 Ascalonita.

929 375 966 418 7.

334 458 425 515 Κῆν
456 478 501 516 με
534 457 668 517 φάγῃς
699 461 762 503 ἐπὶ
794 461 924 516 ῥίζαν,
956 456 1062 513 ’ὅμως
1093 458 1147 500 ἔτι
1178 455 1497 515 καρποφορήσω,

393 526 514 570 ὅσσον
545 527 766 570 ἐπισπεῖσαι
797 528 878 574 σοί,
910 523 1044 582 τράγε,
1075 525 1279 583 θυομένῳ.

927 645 966 690 8.

331 731 483 785 Ξεῖνοι,
514 730 587 786 τὴν
617 732 835 786 περίβωτον
867 728 932 783 ἐμὲ
963 727 1118 782 πτόλιν,
1139 727 1262 771 Ἴλιον
1292 727 1402 783 ἱρήν,

391 796 464 852 τὴν
494 796 621 852 πάρος
653 794 864 852 εὖπύργοις
895 797 1030 850 τείχεσι
1061 794 1325 850 κλῃζομένην,

333 866 480 915 αἰῶνος
510 863 634 918 τέφρη
665 859 946 916 κατεδήδοκεν·
978 857 1059 902 ἀλλ’
1095 860 1139 901 ἐν
1164 857 1322 917 Ὁμήρῳ

390 934 543 984 κεῖμαι,
574 929 764 984 χαλκείων
795 927 908 982 ἕρκος
939 926 1083 981 ἔχουσα
1113 930 1261 968 πυλῶν.

332 993 462 1038 οὐκέτι
493 1011 539 1050 με
569 992 716 1048 σκάψει
750 990 1003 1048 Τρωοφθόρα
1035 989 1199 1046 δούρατ’
1230 990 1418 1047 Ἀχαιῶν,

390 1059 552 1103 πάντων
585 1058 622 1102 δ’
651 1056 857 1113 Ἑλλήνων
888 1059 1067 1112 κείσομαι
1098 1057 1142 1099 ἐν
1174 1055 1341 1112 στόματι.

587 1189 664 1234 III.
703 1189 910 1232 Euenus
945 1187 1300 1232 Atheniensis.

923 1285 962 1328 9.

317 1372 370 1416 “A
401 1390 493 1417 ποτε
524 1376 832 1428 παρθενικαῖσιν
862 1369 1100 1424 ἱλασκομένα
1131 1368 1358 1427 παλάμῃσιν

391 1439 580 1495 Κύπριδα
612 1436 688 1481 σὺν
717 1434 883 1487 πεύκαις
913 1435 980 1478 καὶ
1011 1433 1141 1492 γάμον
1174 1433 1389 1490 εὖξαμένα,

330 1508 560 1561 κουριδίους
590 1503 669 1560 ἤδη
701 1501 870 1559 θαλάμῳ
903 1500 1055 1544 λύσασα
1085 1504 1251 1557 χιτῶνας

390 1569 538 1626 ἀνδρὸς
569 1569 680 1625 άφαρ
712 1572 851 1625 μηρῶν
882 1565 1108 1622 ἕξελόχευσα
1138 1564 1298 1618 τύπους.

335 1639 505 1693 νυμφίος
536 1638 579 1680 ἐκ
610 1635 773 1691 νύμφης
805 1634 847 1677 δὲ
879 1631 1156 1688 κικλήσκομαι,
1188 1633 1230 1676 ἐκ
1263 1631 1301 1675 δ’
1332 1631 1569 1687 Ἀφροδίτης

380 1702 519 1759 Ἄρεα,
550 1703 617 1746 καὶ
648 1699 810 1758 βωμους
841 1701 1007 1754 ε’στεφον
1031 1697 1284 1754 Ἡρακλέους.

335 1773 467 1825 Θῆβαι
502 1770 704 1823 Τειρεσίην
735 1763 869 1822 ἔλεγόν
899 1782 1015 1818 ποτε,
1047 1770 1123 1808 νῦν
1156 1763 1194 1807 δ’
1230 1765 1295 1820 ἐμὲ
1328 1768 1477 1816 Χαλκίς

390 1834 462 1891 τὴν
493 1833 620 1891 πάρος
650 1835 694 1877 ἐν
726 1836 877 1890 μίτραις
908 1830 1102 1887 ήσπάσατ’
1139 1832 1182 1873 ἒν
1213 1829 1403 1887 χλαμύδι.

569 1965 644 2009 IV.
682 1965 891 2008 Euenus
925 1963 1321 2007 Grammaticus.
1648 1974 1715 2006 601

917 2061 982 2102 10.

327 2146 513 2203 Ἐχθίστη
545 2145 734 2196 Μούσαις
766 2141 1025 2199 σελιδηφάγε,
1056 2141 1291 2198 λωβήτειρα,

391 2212 550 2268 φωλάς,
581 2211 642 2255 ἀεὶ
673 2214 818 2266 σοφίης
848 2210 1043 2264 κλέμματα
1075 2208 1322 2264 φερβομένη,

332 2283 436 2323 τίπτε
467 2277 727 2334 κελαινόχρως
758 2280 880 2332 ἱεραῖς
910 2274 1088 2330 ψήφοισι
1117 2273 1279 2332 λοχάζῃ,

393 2347 535 2399 σίλφη,
560 2343 633 2399 τὴν
663 2340 873 2398 φθονερὴν
904 2339 1038 2383 εἰκόνα
1068 2341 1333 2395 πλαττομένη;

333 2409 449 2466 φεῦγ’
484 2408 564 2453 άπὸ
596 2406 828 2461 Μουσάων,
860 2409 922 2449 ἴθι
951 2404 1104 2461 τηλόσε,
1136 2404 1229 2460 μηδ’
1265 2400 1361 2449 ὅσον
1393 2404 1487 2459 ὄψει

392 2473 596 2533 βάσκανον
628 2477 671 2518 ἐν
701 2472 831 2532 ψήφῳ
865 2472 987 2524 δόξαν
1017 2470 1267 2528 ἕπεισαγάγῃ.

302 2616 337 2653 1.
369 2612 492 2652 Anth.
520 2611 603 2651 Pal.
624 2610 681 2649 IX
705 2610 807 2648 122:
834 2620 935 2647 corr.
961 2601 1196 2655 ἀδέσποτον,
1229 2605 1259 2645 C
1286 2605 1341 2653 εἰς
1364 2600 1545 2657 χελιδόνα
1570 2601 1716 2656 τέττιγα

178 2679 465 2719 καταπιοῦσαν;
489 2679 506 2687 “
538 2673 607 2717 τὸν
639 2671 831 2729 μουσικὸν
863 2671 1020 2725 μέμψις.
1071 2672 1248 2711 Iteratur
1278 2671 1384 2710 infra
1415 2673 1507 2721 posb
1537 2670 1593 2708 IX
1629 2672 1711 2709 339

179 2758 279 2785 corr.
312 2739 482 2796 Εὐήνου
515 2743 570 2791 εἰς
601 2738 782 2796 χελιδόνα
813 2737 958 2791 τέττιγα
987 2736 1287 2777 κατεσθίουσαν.

301 2812 338 2850 2.
370 2809 494 2849 Anth.
525 2809 608 2848 Pal.
636 2808 694 2846 IX
731 2809 834 2846 717:
868 2799 1035 2843 Εὐϊνου.

300 2877 338 2915 3.
370 2874 494 2913 Anth.
530 2874 612 2914 Pal.
644 2873 700 2912 IX
735 2874 837 2914 718:
868 2873 938 2911 τοῦ
970 2864 1104 2908 αὐτοῦ.

301 2942 341 2980 4.
373 2939 497 2979 Anth.
529 2939 616 2981 Pal.
647 2939 725 2978 XII
762 2940 863 2978 172:
896 2931 1077 2988 Εὐήνου.
1126 2934 1238 2974 Plan.
1270 2929 1431 2986 ἄδηλον.
