1890 3216
842 215 1013 255 SOLON.
1640 216 1697 258 35

770 328 793 353 ης
1063 328 1086 352 *

915 357 940 385 ἥ(

164 395 364 456 ,5Ἴομεν
396 400 458 451 εἰς
490 402 750 456 Σαλαμῖνα,
783 396 1087 456 μαχησόμενοι
1119 396 1215 455 περὶ
1251 396 1397 454 νήσου
1629 410 1695 442 417

285 472 485 529 ἱμερτῆς,
518 470 713 528 χαλεπόν
745 469 784 514 τ’
821 468 975 528 αἶσχος
1006 467 1306 527 ἀπωσόμενοι.

391 607 783 667 (ΥΠΟΘΗΚΑΙ
829 609 947 654 ΕΙΣ
990 607 1450 666 ΑΘΗΝΑΙΟΥΣ.)

660 688 663 693 ’
808 702 873 747 ’4.
906 704 1014 759 [13.]

217 782 433 846 Ἡμετέρα
465 786 515 831 δὲ
545 787 676 840 πόλις
705 785 816 831 κατὰ
849 786 932 845 μὲν
966 785 1081 838 Διὸς
1113 782 1270 831 οὔποτ’
1309 782 1476 829 ὀλεῖται

284 857 421 916 αἶσαν
452 859 526 903 καὶ
558 858 773 917 μακάρων
805 861 930 903 θεῶν
963 859 1133 917 φρένας
1165 856 1427 903 ἀθανάτων·

222 935 321 989 τοίη
353 930 441 990 γὰρ
473 931 737 990 μεγάθυμος
769 934 1008 985 ἐπίσκοπος
1041 929 1350 989 ὀβριμοπάτρη

283 1002 468 1056 Παλλὰς
495 1001 713 1062 Ἀθηναίη
746 1014 897 1063 χεῖρας
928 1002 1128 1062 ὕπερθεν
1162 1007 1266 1062 ἔχει’

175 1087 196 1119 5
222 1073 352 1120 αὐτοὶ
385 1076 434 1121 δὲ
467 1079 676 1133 φθείρειν
709 1075 909 1135 μεγάλην
941 1075 1075 1121 πόλιν
1108 1074 1387 1134 ἀφραδίῃσιν

280 1145 409 1193 ἀστοὶ
441 1147 685 1205 βούλονται
717 1147 912 1207 χρήμασι
945 1147 1235 1206 πειθόμενοι,

223 1219 370 1278 δήμου
401 1217 450 1265 θ’
485 1217 723 1278 ἡγεμόνων
756 1218 911 1273 ἄδικος
942 1219 1070 1277 νόος,
1105 1214 1225 1264 οἷσιν
1258 1219 1439 1276 ἑτοῖμον

281 1290 441 1351 ὕβριος
473 1293 521 1337 ἐκ
553 1291 747 1350 μεγάλης
778 1291 917 1350 ἄλγεα
949 1290 1091 1337 πολλοὶ
1126 1298 1315 1336 παθεῖν·

246 1423 291 1460 V.
307 1427 338 1459 5.
354 1428 388 1461 6.
413 1422 584 1471 Apostol.
599 1425 652 1460 IX
666 1429 687 1460 6
707 1425 742 1460 b.
762 1424 892 1461 Arsen.
908 1428 988 1461 304.
1017 1424 1347 1460 Schol.Demosth.
1362 1436 1397 1469 p.
1415 1427 1460 1459 94
1475 1423 1531 1460 ed.
1549 1424 1697 1470 Sauppe

151 1472 190 1508 et
213 1471 363 1518 Ulpian.
390 1471 429 1508 in
454 1472 648 1509 Demosth.
677 1472 724 1509 de
749 1472 789 1509 F.
817 1473 858 1510 L.
884 1486 920 1520 p.
945 1476 1011 1509 152
1039 1473 1096 1509 ed.
1123 1472 1275 1508 Dobson
1302 1472 1474 1517 afferunt,
1502 1472 1568 1507 ubi
1594 1467 1698 1507 ἄπω-

150 1517 309 1566 σάμενοι
347 1522 423 1566 est3
461 1521 640 1567 leguntur
670 1519 712 1555 hi
744 1521 818 1558 duo
844 1533 974 1558 versus
1008 1521 1124 1556 etiam
1156 1520 1195 1555 in
1225 1519 1310 1556 Ald.
1338 1520 1468 1556 Voem.
1502 1520 1700 1566 praemissi

149 1567 363 1614 fragmento
383 1572 417 1613 4,
437 1579 482 1604 ex
507 1569 725 1613 coniectura
751 1569 968 1606 manifesta:
996 1571 1104 1616 ἴσμεν
1130 1564 1167 1614 γ’
1198 1567 1252 1610 εἰς
1277 1571 1351 1604 κτλ.
1370 1590 1411 1593 --
1429 1568 1472 1604 V.
1489 1572 1521 1605 6.
1548 1567 1701 1614 Ulpian.

153 1616 238 1652 Sch.
265 1617 371 1654 Dem.
396 1616 483 1653 Ald.
509 1617 640 1653 Voem.
667 1613 707 1652 τ’
732 1628 804 1653 om.
944 1619 945 1622 ’

246 1664 305 1699 Fr.
333 1667 366 1701 4.
416 1664 608 1711 Integram
640 1666 738 1701 hanc
776 1666 939 1712 elegiam
977 1664 1178 1712 adscripsit
1214 1665 1485 1700 Demosthenes
1524 1664 1570 1700 de
1603 1663 1700 1699 Fals.

150 1712 242 1758 Leg.
269 1715 357 1748 254:
383 1711 480 1758 Λέγε
509 1711 555 1759 δή
583 1727 648 1760 μοι
673 1711 799 1774 λαβὼν
826 1714 891 1749 καὶ
923 1710 1085 1749 τά’τοῦ
1117 1711 1333 1754 Σόλωνος
1366 1709 1549 1758 ἐλεγεῖα
1581 1713 1701 1757 ταυτί,

151 1756 206 1796 ἵν’
234 1757 346 1806 ἴδηθ’
374 1756 434 1796 ὅτι
460 1761 526 1797 καὶ
551 1758 683 1797 Σόλων
711 1763 832 1808 εμίσει
865 1759 956 1803 τούς
989 1761 1068 1802 οἷος
1101 1757 1212 1802 οὗτος
1243 1757 1475 1804 ἀνθρώπους
1502 1788 1509 1795 .
1534 1789 1540 1795 .
1564 1788 1570 1795 .
1603 1758 1699 1803 Λέγε

151 1805 215 1844 σύ·
250 1805 434 1854 ἐλεγεῖα
467 1806 681 1850 Σόλωνος
713 1807 905 1854 (Σόλωνος
929 1822 1001 1846 om.
1029 1808 1298 1855 ZTAugmkst
1322 1809 1410 1844 Bav.
1438 1808 1547 1844 Lind.
1575 1807 1700 1843 Vind4

151 1856 305 1901 HLSM,
322 1853 578 1904 ἧρωελεγεῑάι
606 1860 642 1893 9.
670 1857 780 1905 [corr.
809 1855 957 1904 ἐλεγεῖα
989 1856 1201 1904 Σόλωνος],
1228 1854 1460 1903 ἡρωελεγεῖα
1487 1858 1520 1900 t,
1546 1855 1701 1904 ἰαμβεῖα

150 1903 288 1948 LaurS,
313 1904 467 1940 titulum
493 1905 606 1951 plane
633 1917 704 1941 om.
732 1907 794 1952 r.)·
816 1903 864 1942 Ἡ
869 1905 977 1953 μετέ
986 1919 1040 1951 ρα
1068 1904 1115 1941 δὲ
1143 1908 1218 1941 κτλ.
1269 1905 1505 1941 Varietatem
1531 1904 1702 1940 lectionis

152 1952 311 1989 exhibeo
338 1953 543 1989 secundum
569 1954 812 1990 novissimam
837 1954 1023 1991 Voemelii
1050 1953 1257 1990 editionem
1284 1953 1404 1999 (Dem.
1432 1953 1542 1988 oratt.
1570 1952 1624 1990 de.
1643 1963 1702 1987 co-

150 2012 245 2037 rona
281 2001 321 2036 et
357 2002 403 2037 de
441 2000 538 2037 falsa
574 2002 648 2049 leg.
683 2002 783 2049 Lips.
811 2004 930 2049 1862).
984 2002 1132 2038 Solonis
1170 2002 1333 2048 elegiam
1371 2001 1482 2047 plane
1522 2000 1703 2036 omittunt

151 2047 379 2096 zAugmks,
406 2050 472 2086 sed
524 2050 661 2086 rimum
688 2051 728 2086 et
751 2050 908 2087 tertium
935 2051 1122 2087 distichon
1143 2050 1181 2085 in
1203 2048 1357 2085 scholiis
1379 2048 1558 2085 exhibent
1577 2050 1702 2094 Augls

152 2096 288 2133 Vindl.
338 2097 475 2134 Exstat
497 2062 594 2134 {aec
620 2099 745 2145 elegia
775 2100 973 2146 praeterea
1003 2099 1042 2134 in
1075 2097 1164 2134 Cod.
1191 2097 1300 2134 Vind.
1331 2102 1415 2142 153,
1449 2097 1554 2133 cuius
1586 2097 1701 2132 colla-

151 2145 296 2181 tionem
330 2157 353 2181 a
379 2145 590 2182 Schubarto
622 2158 771 2183 mecum
804 2147 1122 2184 communicatam
1154 2146 1232 2182 iam
1264 2145 1355 2182 olim
1391 2145 1534 2180 subieci
1566 2144 1637 2190 (S),
1663 2145 1702 2179 in

153 2194 234 2230 cod.
255 2192 373 2230 Paris.
394 2194 487 2240 Reg.
508 2207 543 2232 n.
565 2199 660 2231 2600
678 2195 744 2232 fol.
768 2199 847 2240 114,
868 2207 980 2241 quem
1002 2194 1165 2232 contulit
1182 2194 1379 2230 Voemelio
1407 2194 1558 2228 auctore
1579 2204 1703 2238 prom-

151 2240 300 2278 tissime
326 2241 450 2278 studio
476 2242 518 2278 B.
545 2242 646 2279 Hase
677 2244 758 2289 (P),
786 2244 825 2279 et
849 2244 889 2279 in
915 2243 1044 2280 codice
1069 2241 1318 2278 Ambrosiano
1345 2242 1376 2276 D
1406 2245 1451 2277 15
1477 2253 1555 2286 sup.
1583 2241 1700 2276 chart.

153 2300 250 2327 saec.
269 2289 350 2334 XV,
377 2301 489 2335 quem
516 2291 679 2327 contulit
699 2291 935 2328 Studemund
954 2293 1027 2337 (A),
1057 2291 1122 2337 qui
1140 2290 1218 2326 fere
1238 2290 1377 2335 ubique
1404 2288 1592 2325 consentit
1617 2299 1701 2323 cum

152 2337 192 2375 P.
219 2358 264 2364 —
293 2338 428 2375 Sitzler
451 2350 626 2375 versuum
652 2340 822 2376 ordinem
846 2340 1108 2386 perturbatum
1128 2350 1210 2375 esse
1230 2338 1432 2382 existimat,
1458 2337 1588 2382 itaque
1614 2338 1703 2382 post

153 2383 188 2422 ἢ.
217 2390 260 2422 16
293 2386 511 2423 inserendos
544 2397 625 2423 esse
656 2399 691 2425 v.
719 2392 891 2433 23-30,
925 2399 1018 2434 quos
1051 2387 1242 2433 excipiant
1276 2399 1308 2422 v.
1338 2389 1506 2430 17—-23,
1541 2384 1700 2429 denique

151 2445 186 2470 v.
215 2438 260 2470 31
289 2446 384 2480 seq„
410 2433 567 2472 infirmis
599 2434 666 2471 ille
704 2436 857 2482 quidem
896 2437 958 2472 vel
988 2435 1103 2471 nullis
1134 2447 1223 2470 usus
1254 2434 1496 2480 argumentis,
1524 2454 1568 2459 —
1598 2432 1638 2468 V.
1668 2437 1699 2467 1.

118 2522 123 2527 ι
152 2482 222 2518 Est
245 2481 368 2528 ipsum
393 2483 467 2519 hoc
493 2484 687 2520 exordium
712 2483 869 2531 elegiae,
902 2496 1021 2529 neque
1048 2483 1254 2529 quidquam
1280 2481 1431 2525 excidit,
1459 2479 1699 2526 quemadmo-

153 2530 243 2566 dum
274 2530 427 2567 Voemel
453 2531 544 2567 olim
575 2531 835 2578 existimabat,
868 2544 956 2568 nam
989 2543 1086 2567 nunc
1116 2531 1198 2577 ipse
1230 2531 1388 2576 largitur
1420 2529 1520 2565 elato
1555 2527 1701 2564 Solonis

154 2578 280 2615 animo
313 2579 406 2614 satis
440 2579 706 2616 convenienter
737 2591 889 2617 carmen
916 2592 938 2615 a
963 2580 1153 2626 particula
1187 2577 1412 2614 adversandi
1443 2576 1621 2612 inchoari.
1657 2596 1700 2602 -

153 2623 324 2710 ἡΑιέεΒτὺέρέ
345 2624 660 2712 οοᾶἱὶἦόἡμετέρῃ
693 2629 853 2712 βτιξέιοξ.
880 2627 1035 2711 Initqium
1061 2623 1701 2710 ὶιορλ91θςίαοΑνὶᾶοοή,ι1ι·ἆῖεθὲξ>οξῖοτὲ

154 2718 240 2776 ποτῖ
259 2687 440 2759 ὦλὲΙ-
467 2703 520 2759 ν..
538 2729 570 2760 2.
606 2689 931 2771 μῖξιέραῖνῗιτὲἓτ.
946 2688 1132 2769 λμίζιτιίῖἔζῗον.
1155 2687 1287 2756 SZOEV.
1315 2726 1347 2756 3.
1362 2687 1646 2766 ndgqtnomivqn'
1667 2718 1700 2752 A

155 2770 307 2807 exhibet
331 2773 374 2806 ut
398 2771 526 2818 vulgo,
553 2769 839 2819 ὀμβριμοπάτρη
866 2773 946 2807 Satn
971 2771 1078 2807 Lind.
1105 2775 1126 2806 2
1154 2772 1194 2805 H
1216 2781 1261 2805 ex
1287 2781 1401 2812 corn,
1428 2768 1452 2803 S
1479 2764 1699 2815 ὀβριπάτρη.

157 2838 198 2844 ——
226 2817 271 2855 V.
298 2822 331 2855 4.
359 2819 523 2865 Παλλὰς,
549 2818 688 2861 πολλὰς
714 2823 762 2867 Ω,
788 2832 860 2856 om.
887 2821 960 2856 PA.
989 2840 1033 2845 —
1060 2819 1104 2854 V.
1132 2821 1164 2853 5.
1192 2814 1370 2863 μεγάλην,
1404 2815 1536 2851 Sitzler
1563 2812 1701 2860 ἐρατὴν

156 2866 216 2902 vel
242 2864 405 2913 λιπαρὴν
431 2867 599 2914 requirit.
626 2889 672 2894 —
698 2869 743 2904 V.
771 2873 803 2904 6.
830 2864 949 2912 ἀστοὶ,
975 2864 1084 2902 α’στοὶ
1110 2864 1152 2901 δὲ
1179 2877 1197 2899 r
1218 2864 1340 2899 Vind4
1360 2864 1398 2898 M
1425 2865 1462 2908 (a
1481 2875 1534 2908 pr.
1559 2864 1633 2907 m.).
1656 2882 1699 2887 -

155 2910 330 2998 5⁹⁶5&ss
356 2915 845 3000 3222311325032200‘212
863 2912 1014 2999 ὁρμαῖῗ
1035 2914 1136 2997 ‘132301
1339 2911 1487 2994 Ηῑὲὲῑῗ
1506 2912 1702 2994 Ρζᾶῗῖεῖῖ

156 3008 221 3044 PA
247 2975 403 3046 οἷσῖρ-
430 3007 592 3058 ἑτοῖμον,
616 2977 864 3058 Ι1ἒ·Ἀ..“ἐ-’τοιμοι.,
891 3010 1041 3057 ἕτοιμον
1074 3024 1108 3055 η.
1137 3030 1182 3035 -
1208 3007 1252 3043 V.
1281 3011 1313 3043 8.
1340 2987 1490 3054 ὕβριοςῖ
1514 3005 1578 3040 ΑΡ
1604 3018 1626 3041 a
1651 2984 1700 3040 mi

1364 3066 1414 3102 3*
