<?xml version="1.0" encoding="UTF-8"?>
<!DOCTYPE html PUBLIC "-//W3C//DTD XHTML 1.0 Transitional//EN"
    "http://www.w3.org/TR/xhtml1/DTD/xhtml1-transitional.dtd">
<html xmlns="http://www.w3.org/1999/xhtml" xml:lang="en" lang="en">
 <head>
  <title>
</title>
<meta http-equiv="Content-Type" content="text/html;charset=utf-8" />
  <meta name='ocr-system' content='tesseract 3.04.00' />
  <meta name='ocr-capabilities' content='ocr_page ocr_carea ocr_par ocr_line ocrx_word'/>
</head>
<body>
  <div class='ocr_page' id='page_1' title='image "./poetaelyricigrae02berguoft_0072.png"; bbox 0 0 1890 3216; ppageno 0'>
   <div class='ocr_carea' id='block_1_1' title="bbox 662 755 1733 901">
    <p class='ocr_par' dir='ltr' id='par_1_1' title="bbox 662 755 1733 901">
     <span class='ocr_line' id='line_1_1' title="bbox 921 755 1733 802; baseline 0.005 -4"><span class='ocrx_word' id='word_1_1' title='bbox 921 755 1018 798; x_wconf 92' lang='lat' dir='ltr'><strong>VII.</strong></span> <span class='ocrx_word' id='word_1_2' title='bbox 1662 769 1733 802; x_wconf 86' lang='lat'><strong><em>440</em></strong></span> 
     </span>
     <span class='ocr_line' id='line_1_2' title="bbox 662 850 1271 901; baseline 0.002 -1"><span class='ocrx_word' id='word_1_3' title='bbox 662 850 1271 901; x_wconf 83' lang='lat' dir='ltr'><strong>CLEOBULINA.</strong></span> 
     </span>
    </p>
   </div>
   <div class='ocr_carea' id='block_1_2' title="bbox 260 970 1484 1166">
    <p class='ocr_par' dir='ltr' id='par_1_2' title="bbox 260 970 1484 1166">
     <span class='ocr_line' id='line_1_3' title="bbox 947 970 983 1011; baseline -0.028 0"><span class='ocrx_word' id='word_1_4' title='bbox 947 970 983 1011; x_wconf 89' lang='lat' dir='ltr'><strong><em>l.</em></strong></span> 
     </span>
     <span class='ocr_line' id='line_1_4' title="bbox 260 1028 1484 1096; baseline 0.002 -16"><span class='ocrx_word' id='word_1_5' title='bbox 260 1035 416 1095; x_wconf 70' lang='grc' dir='ltr'><strong><em>’Ἀνδρ’</em></strong></span> <span class='ocrx_word' id='word_1_6' title='bbox 452 1034 577 1080; x_wconf 82' lang='grc' dir='ltr'><strong><em>εἶδον</em></strong></span> <span class='ocrx_word' id='word_1_7' title='bbox 608 1037 715 1094; x_wconf 85' lang='grc' dir='ltr'><strong><em>πυρὶ</em></strong></span> <span class='ocrx_word' id='word_1_8' title='bbox 747 1028 913 1094; x_wconf 62' lang='grc' dir='ltr'><strong><em>χαλαὸν</em></strong></span> <span class='ocrx_word' id='word_1_9' title='bbox 946 1036 1012 1081; x_wconf 82' lang='grc' dir='ltr'><strong><em>ἐπ’</em></strong></span> <span class='ocrx_word' id='word_1_10' title='bbox 1048 1036 1174 1096; x_wconf 82' lang='grc' dir='ltr'><strong><em>ἀνέρι</em></strong></span> <span class='ocrx_word' id='word_1_11' title='bbox 1205 1037 1484 1095; x_wconf 79' lang='grc' dir='ltr'><strong><em>κολλήσαντα</em></strong></span> 
     </span>
     <span class='ocr_line' id='line_1_5' title="bbox 332 1107 1299 1166; baseline 0.002 -14"><span class='ocrx_word' id='word_1_12' title='bbox 332 1107 449 1152; x_wconf 78' lang='grc' dir='ltr'><strong><em>οὕτω</em></strong></span> <span class='ocrx_word' id='word_1_13' title='bbox 482 1108 739 1165; x_wconf 79' lang='grc' dir='ltr'><strong><em>συγκόλλως</em></strong></span> <span class='ocrx_word' id='word_1_14' title='bbox 771 1107 883 1153; x_wconf 74' lang='grc' dir='ltr'><strong><em>ὥστε</em></strong></span> <span class='ocrx_word' id='word_1_15' title='bbox 914 1108 1110 1166; x_wconf 79' lang='grc' dir='ltr'><em>σύναιμα</em></span> <span class='ocrx_word' id='word_1_16' title='bbox 1142 1119 1299 1154; x_wconf 82' lang='grc' dir='ltr'><strong><em>ποιεῖν.</em></strong></span> 
     </span>
    </p>
   </div>
   <div class='ocr_carea' id='block_1_3' title="bbox 262 1296 1476 1413">
    <p class='ocr_par' dir='ltr' id='par_1_3' title="bbox 262 1296 1476 1413">
     <span class='ocr_line' id='line_1_6' title="bbox 262 1296 1476 1357; baseline 0.001 -14"><span class='ocrx_word' id='word_1_17' title='bbox 262 1296 418 1357; x_wconf 79' lang='grc' dir='ltr'><strong><em>’Ἀνδρ’</em></strong></span> <span class='ocrx_word' id='word_1_18' title='bbox 454 1297 578 1343; x_wconf 81' lang='grc' dir='ltr'><strong><em>εἶδον</em></strong></span> <span class='ocrx_word' id='word_1_19' title='bbox 609 1300 852 1345; x_wconf 84' lang='grc' dir='ltr'><strong><em>κλέπτοντα</em></strong></span> <span class='ocrx_word' id='word_1_20' title='bbox 882 1299 956 1343; x_wconf 83' lang='grc' dir='ltr'><strong><em>καὶ</em></strong></span> <span class='ocrx_word' id='word_1_21' title='bbox 990 1301 1273 1353; x_wconf 76' lang='grc' dir='ltr'><strong><em>ἐξαπατῶντα</em></strong></span> <span class='ocrx_word' id='word_1_22' title='bbox 1304 1304 1476 1356; x_wconf 81' lang='grc' dir='ltr'><strong><em>βιαίως·</em></strong></span> 
     </span>
     <span class='ocr_line' id='line_1_7' title="bbox 375 1386 1421 1413; baseline 0 0"><span class='ocrx_word' id='word_1_23' title='bbox 375 1388 399 1412; x_wconf 76' lang='grc'>*</span> <span class='ocrx_word' id='word_1_24' title='bbox 490 1388 512 1413; x_wconf 80' lang='lat'>*</span> <span class='ocrx_word' id='word_1_25' title='bbox 603 1389 625 1413; x_wconf 49' lang='grc' dir='ltr'><strong><em>ἡ(</em></strong></span> <span class='ocrx_word' id='word_1_26' title='bbox 717 1390 738 1413; x_wconf 77' lang='lat'>*</span> <span class='ocrx_word' id='word_1_27' title='bbox 831 1389 853 1413; x_wconf 81' lang='lat'><em>*</em></span> <span class='ocrx_word' id='word_1_28' title='bbox 945 1389 965 1412; x_wconf 80' lang='lat'>*</span> <span class='ocrx_word' id='word_1_29' title='bbox 1031 1386 1079 1413; x_wconf 77' lang='grc'><strong><em>·*</em></strong></span> <span class='ocrx_word' id='word_1_30' title='bbox 1172 1389 1193 1413; x_wconf 75' lang='lat'>*</span> <span class='ocrx_word' id='word_1_31' title='bbox 1286 1390 1307 1413; x_wconf 59' lang='grc' dir='ltr'><strong><em>ιιι</em></strong></span> <span class='ocrx_word' id='word_1_32' title='bbox 1400 1390 1421 1413; x_wconf 77' lang='lat'>*</span> 
     </span>
    </p>
   </div>
   <div class='ocr_carea' id='block_1_4' title="bbox 330 1441 1240 1502">
    <p class='ocr_par' dir='ltr' id='par_1_4' title="bbox 330 1441 1240 1502">
     <span class='ocr_line' id='line_1_8' title="bbox 330 1441 1240 1502; baseline 0.002 -17"><span class='ocrx_word' id='word_1_33' title='bbox 330 1441 403 1486; x_wconf 79' lang='grc' dir='ltr'><strong><em>καὶ</em></strong></span> <span class='ocrx_word' id='word_1_34' title='bbox 434 1441 484 1486; x_wconf 89' lang='grc' dir='ltr'><strong><em>τὸ</em></strong></span> <span class='ocrx_word' id='word_1_35' title='bbox 518 1446 594 1502; x_wconf 86' lang='grc' dir='ltr'><strong><em>βία</em></strong></span> <span class='ocrx_word' id='word_1_36' title='bbox 627 1444 747 1500; x_wconf 80' lang='grc' dir='ltr'><strong><em>ῥέξαι</em></strong></span> <span class='ocrx_word' id='word_1_37' title='bbox 778 1445 911 1487; x_wconf 84' lang='grc' dir='ltr'><strong><em>τοῦτο</em></strong></span> <span class='ocrx_word' id='word_1_38' title='bbox 946 1444 1240 1488; x_wconf 82' lang='grc' dir='ltr'><strong><em>δικαιότατον.</em></strong></span> 
     </span>
    </p>
   </div>
   <div class='ocr_carea' id='block_1_5' title="bbox 197 1561 1735 2986">
    <p class='ocr_par' dir='ltr' id='par_1_5' title="bbox 197 1561 1735 2084">
     <span class='ocr_line' id='line_1_9' title="bbox 295 1561 1734 1608; baseline 0.001 -12"><span class='ocrx_word' id='word_1_39' title='bbox 295 1561 580 1598; x_wconf 77' lang='lat' dir='ltr'><strong><em>cleobulina.</em></strong></span> <span class='ocrx_word' id='word_1_40' title='bbox 631 1562 688 1598; x_wconf 90' lang='lat' dir='ltr'><strong>Fr.</strong></span> <span class='ocrx_word' id='word_1_41' title='bbox 719 1567 750 1598; x_wconf 89' lang='lat'><strong><em>1.</em></strong></span> <span class='ocrx_word' id='word_1_42' title='bbox 775 1563 862 1597; x_wconf 86' lang='lat' dir='ltr'><strong>Ath.</strong></span> <span class='ocrx_word' id='word_1_43' title='bbox 888 1562 922 1596; x_wconf 94' lang='lat' dir='ltr'>X</span> <span class='ocrx_word' id='word_1_44' title='bbox 947 1566 1015 1598; x_wconf 83' lang='grc'><strong>452</strong></span> <span class='ocrx_word' id='word_1_45' title='bbox 1042 1562 1089 1597; x_wconf 91' lang='grc' dir='ltr'><strong><em>Β·</em></strong></span> <span class='ocrx_word' id='word_1_46' title='bbox 1116 1562 1254 1598; x_wconf 86' lang='grc' dir='ltr'><strong><em>Πολλοὶ</em></strong></span> <span class='ocrx_word' id='word_1_47' title='bbox 1280 1561 1322 1598; x_wconf 78' lang='grc' dir='ltr'><strong><em>δὲ</em></strong></span> <span class='ocrx_word' id='word_1_48' title='bbox 1349 1564 1494 1608; x_wconf 84' lang='grc' dir='ltr'><strong><em>γρίφων</em></strong></span> <span class='ocrx_word' id='word_1_49' title='bbox 1520 1563 1586 1598; x_wconf 83' lang='grc' dir='ltr'><strong><em>καὶ</em></strong></span> <span class='ocrx_word' id='word_1_50' title='bbox 1610 1563 1734 1599; x_wconf 84' lang='grc' dir='ltr'><strong><em>τοιοῦ-</em></strong></span> 
     </span>
     <span class='ocr_line' id='line_1_10' title="bbox 200 1606 1734 1656; baseline 0.003 -13"><span class='ocrx_word' id='word_1_51' title='bbox 200 1610 261 1644; x_wconf 80' lang='grc' dir='ltr'><strong><em>τοί</em></strong></span> <span class='ocrx_word' id='word_1_52' title='bbox 282 1607 382 1649; x_wconf 86' lang='grc' dir='ltr'><strong><em>τινές</em></strong></span> <span class='ocrx_word' id='word_1_53' title='bbox 407 1608 502 1644; x_wconf 83' lang='grc' dir='ltr'><strong><em>εἰσιν</em></strong></span> <span class='ocrx_word' id='word_1_54' title='bbox 524 1608 623 1644; x_wconf 85' lang='grc' dir='ltr'><strong><em>οἷον·</em></strong></span> <span class='ocrx_word' id='word_1_55' title='bbox 644 1606 774 1654; x_wconf 76' lang='grc' dir='ltr'><strong><em>ἄνδρ’</em></strong></span> <span class='ocrx_word' id='word_1_56' title='bbox 858 1623 986 1646; x_wconf 86' lang='grc' dir='ltr'><strong><em>ποιε</em></strong></span> <span class='ocrx_word' id='word_1_57' title='bbox 997 1621 1055 1645; x_wconf 92' lang='grc' dir='ltr'><strong><em>ιν</em></strong></span> <span class='ocrx_word' id='word_1_58' title='bbox 1081 1610 1192 1645; x_wconf 81' lang='grc' dir='ltr'><strong><em>τοῦτο</em></strong></span> <span class='ocrx_word' id='word_1_59' title='bbox 1213 1608 1255 1645; x_wconf 76' lang='grc' dir='ltr'><strong><em>δὲ</em></strong></span> <span class='ocrx_word' id='word_1_60' title='bbox 1276 1612 1451 1656; x_wconf 84' lang='grc' dir='ltr'><strong><em>σημαίνει</em></strong></span> <span class='ocrx_word' id='word_1_61' title='bbox 1470 1608 1602 1652; x_wconf 80' lang='grc' dir='ltr'><strong><em>σικύας</em></strong></span> <span class='ocrx_word' id='word_1_62' title='bbox 1621 1623 1734 1656; x_wconf 84' lang='grc' dir='ltr'><strong><em>προσ-</em></strong></span> 
     </span>
     <span class='ocr_line' id='line_1_11' title="bbox 203 1653 1734 1704; baseline 0.003 -13"><span class='ocrx_word' id='word_1_63' title='bbox 203 1653 327 1704; x_wconf 84' lang='grc' dir='ltr'><strong><em>βολήν.</em></strong></span> <span class='ocrx_word' id='word_1_64' title='bbox 379 1656 420 1693; x_wconf 91' lang='lat' dir='ltr'><strong><em>V.</em></strong></span> <span class='ocrx_word' id='word_1_65' title='bbox 450 1661 480 1691; x_wconf 87' lang='lat'><strong>1.</strong></span> <span class='ocrx_word' id='word_1_66' title='bbox 507 1656 597 1701; x_wconf 79' lang='grc' dir='ltr'><strong><em>πυρὶ</em></strong></span> <span class='ocrx_word' id='word_1_67' title='bbox 623 1655 781 1703; x_wconf 79' lang='grc' dir='ltr'><strong><em>χαλκὸν,</em></strong></span> <span class='ocrx_word' id='word_1_68' title='bbox 808 1668 856 1702; x_wconf 89' lang='lat' dir='ltr'><strong><em>ap</em></strong></span> <span class='ocrx_word' id='word_1_69' title='bbox 860 1657 980 1693; x_wconf 80' lang='lat' dir='ltr'><strong>.A.th</strong></span> <span class='ocrx_word' id='word_1_70' title='bbox 1007 1658 1259 1703; x_wconf 78' lang='grc' dir='ltr'><strong><em>πυρίχαλκον,</em></strong></span> <span class='ocrx_word' id='word_1_71' title='bbox 1291 1658 1356 1693; x_wconf 85' lang='lat' dir='ltr'><strong><em>sed</em></strong></span> <span class='ocrx_word' id='word_1_72' title='bbox 1380 1670 1507 1694; x_wconf 85' lang='lat' dir='ltr'><strong>veram</strong></span> <span class='ocrx_word' id='word_1_73' title='bbox 1533 1659 1734 1695; x_wconf 86' lang='lat' dir='ltr'><strong>lectionem</strong></span> 
     </span>
     <span class='ocr_line' id='line_1_12' title="bbox 199 1670 1732 1749; baseline 0.003 -11"><span class='ocrx_word' id='word_1_74' title='bbox 199 1705 440 1739; x_wconf 84' lang='lat' dir='ltr'><strong>servaverunt</strong></span> <span class='ocrx_word' id='word_1_75' title='bbox 464 1705 619 1739; x_wconf 87' lang='lat' dir='ltr'><strong>Aristot.</strong></span> <span class='ocrx_word' id='word_1_76' title='bbox 647 1670 881 1739; x_wconf 76' lang='lat' dir='ltr'><strong><em>Rhet.111p2</em></strong></span> <span class='ocrx_word' id='word_1_77' title='bbox 909 1700 988 1749; x_wconf 80' lang='lat' dir='ltr'><strong><em>&lt;ubi</em></strong></span> <span class='ocrx_word' id='word_1_78' title='bbox 1014 1705 1243 1748; x_wconf 76' lang='grc' dir='ltr'><strong><em>πυρίχαλκον</em></strong></span> <span class='ocrx_word' id='word_1_79' title='bbox 1272 1704 1468 1749; x_wconf 84' lang='lat' dir='ltr'><strong>QVbZAb)</strong></span> <span class='ocrx_word' id='word_1_80' title='bbox 1502 1708 1540 1741; x_wconf 90' lang='lat' dir='ltr'><strong>et</strong></span> <span class='ocrx_word' id='word_1_81' title='bbox 1571 1706 1674 1743; x_wconf 89' lang='lat' dir='ltr'><strong>Poet.</strong></span> <span class='ocrx_word' id='word_1_82' title='bbox 1701 1718 1732 1742; x_wconf 88' lang='lat' dir='ltr'><strong>c.</strong></span> 
     </span>
     <span class='ocr_line' id='line_1_13' title="bbox 199 1751 1735 1798; baseline 0.003 -12"><span class='ocrx_word' id='word_1_83' title='bbox 199 1755 254 1786; x_wconf 90' lang='grc'><strong>22.</strong></span> <span class='ocrx_word' id='word_1_84' title='bbox 307 1751 470 1786; x_wconf 81' lang='lat' dir='ltr'><strong>Demetr.</strong></span> <span class='ocrx_word' id='word_1_85' title='bbox 498 1752 543 1786; x_wconf 88' lang='lat' dir='ltr'><strong><em>de</em></strong></span> <span class='ocrx_word' id='word_1_86' title='bbox 573 1752 663 1788; x_wconf 86' lang='lat' dir='ltr'><strong>eloc.</strong></span> <span class='ocrx_word' id='word_1_87' title='bbox 693 1756 772 1787; x_wconf 86' lang='grc'><strong><em>162</em></strong></span> <span class='ocrx_word' id='word_1_88' title='bbox 799 1752 907 1787; x_wconf 87' lang='lat' dir='ltr'><strong>Rhet.</strong></span> <span class='ocrx_word' id='word_1_89' title='bbox 935 1752 1054 1787; x_wconf 86' lang='lat' dir='ltr'><strong>Walz.</strong></span> <span class='ocrx_word' id='word_1_90' title='bbox 1082 1751 1432 1795; x_wconf 78' lang='lat' dir='ltr'>V1360‚V11949</span> <span class='ocrx_word' id='word_1_91' title='bbox 1465 1754 1550 1798; x_wconf 94' lang='lat' dir='ltr'><strong>(hoc</strong></span> <span class='ocrx_word' id='word_1_92' title='bbox 1575 1755 1735 1798; x_wconf 85' lang='lat' dir='ltr'><strong>utroque</strong></span> 
     </span>
     <span class='ocr_line' id='line_1_14' title="bbox 197 1796 1732 1844; baseline 0.003 -12"><span class='ocrx_word' id='word_1_93' title='bbox 197 1799 281 1834; x_wconf 87' lang='lat' dir='ltr'><strong>loco</strong></span> <span class='ocrx_word' id='word_1_94' title='bbox 308 1796 413 1834; x_wconf 85' lang='grc' dir='ltr'><strong><em>εἶδον</em></strong></span> <span class='ocrx_word' id='word_1_95' title='bbox 441 1796 513 1844; x_wconf 83' lang='grc' dir='ltr'><strong><em>ἐγώ</em></strong></span> <span class='ocrx_word' id='word_1_96' title='bbox 534 1799 625 1843; x_wconf 86' lang='grc' dir='ltr'><strong><em>πυρὶ</em></strong></span> <span class='ocrx_word' id='word_1_97' title='bbox 645 1800 691 1844; x_wconf 87' lang='grc' dir='ltr'><strong><em>χ)</em></strong></span> <span class='ocrx_word' id='word_1_98' title='bbox 719 1798 784 1844; x_wconf 89' lang='lat' dir='ltr'><strong><em>qui</em></strong></span> <span class='ocrx_word' id='word_1_99' title='bbox 809 1799 971 1844; x_wconf 87' lang='lat' dir='ltr'><strong>primum</strong></span> <span class='ocrx_word' id='word_1_100' title='bbox 996 1810 1145 1835; x_wconf 85' lang='lat' dir='ltr'><strong>versum</strong></span> <span class='ocrx_word' id='word_1_101' title='bbox 1171 1799 1341 1835; x_wconf 79' lang='lat' dir='ltr'><strong>afferunt.</strong></span> <span class='ocrx_word' id='word_1_102' title='bbox 1393 1800 1634 1836; x_wconf 87' lang='lat' dir='ltr'><strong>Cleobulinae</strong></span> <span class='ocrx_word' id='word_1_103' title='bbox 1654 1802 1732 1837; x_wconf 82' lang='lat' dir='ltr'><strong>sive</strong></span> 
     </span>
     <span class='ocr_line' id='line_1_15' title="bbox 199 1845 1735 1904; baseline 0.003 -24"><span class='ocrx_word' id='word_1_104' title='bbox 199 1846 407 1881; x_wconf 86' lang='lat' dir='ltr'><strong>Eumetidis</strong></span> <span class='ocrx_word' id='word_1_105' title='bbox 447 1857 526 1881; x_wconf 89' lang='lat' dir='ltr'><strong>esse</strong></span> <span class='ocrx_word' id='word_1_106' title='bbox 566 1846 675 1882; x_wconf 86' lang='lat' dir='ltr'><strong>docet</strong></span> <span class='ocrx_word' id='word_1_107' title='bbox 705 1846 802 1882; x_wconf 83' lang='lat' dir='ltr'><strong>Plut</strong></span> <span class='ocrx_word' id='word_1_108' title='bbox 837 1846 937 1904; x_wconf 86' lang='lat' dir='ltr'><strong>Sept.</strong></span> <span class='ocrx_word' id='word_1_109' title='bbox 971 1846 1057 1903; x_wconf 87' lang='lat' dir='ltr'><strong>Sap.</strong></span> <span class='ocrx_word' id='word_1_110' title='bbox 1096 1846 1248 1882; x_wconf 87' lang='lat' dir='ltr'><strong>Conviv.</strong></span> <span class='ocrx_word' id='word_1_111' title='bbox 1282 1859 1311 1884; x_wconf 91' lang='lat' dir='ltr'><strong>c.</strong></span> <span class='ocrx_word' id='word_1_112' title='bbox 1341 1852 1402 1883; x_wconf 86' lang='lat'><strong><em>10:</em></strong></span> <span class='ocrx_word' id='word_1_113' title='bbox 1436 1845 1456 1882; x_wconf 86' lang='grc' dir='ltr'>ὁ</span> <span class='ocrx_word' id='word_1_114' title='bbox 1490 1846 1531 1883; x_wconf 76' lang='grc' dir='ltr'><strong><em>δὲ</em></strong></span> <span class='ocrx_word' id='word_1_115' title='bbox 1564 1850 1735 1890; x_wconf 80' lang='grc' dir='ltr'><strong><em>Αἴσωπος</em></strong></span> 
     </span>
     <span class='ocr_line' id='line_1_16' title="bbox 198 1889 1731 1953; baseline 0.002 -25"><span class='ocrx_word' id='word_1_116' title='bbox 198 1892 281 1928; x_wconf 79' lang='grc' dir='ltr'><strong><em>οἷον</em></strong></span> <span class='ocrx_word' id='word_1_117' title='bbox 307 1891 544 1950; x_wconf 78' lang='grc' dir='ltr'><strong><em>ἀμυνόμενος</em></strong></span> <span class='ocrx_word' id='word_1_118' title='bbox 569 1891 664 1951; x_wconf 76' lang='grc' dir='ltr'><strong><em>ὑπὲρ</em></strong></span> <span class='ocrx_word' id='word_1_119' title='bbox 691 1892 821 1952; x_wconf 78' lang='grc' dir='ltr'><strong><em>αὐτῆς</em></strong></span> <span class='ocrx_word' id='word_1_120' title='bbox 845 1891 890 1929; x_wconf 80' lang='grc' dir='ltr'><strong><em>οὐ</em></strong></span> <span class='ocrx_word' id='word_1_121' title='bbox 915 1891 1153 1953; x_wconf 80' lang='grc' dir='ltr'><strong><em>γελοιότερον</em></strong></span> <span class='ocrx_word' id='word_1_122' title='bbox 1179 1889 1260 1934; x_wconf 84' lang='grc' dir='ltr'><strong><em>οὖν,</em></strong></span> <span class='ocrx_word' id='word_1_123' title='bbox 1281 1893 1376 1938; x_wconf 82' lang='grc' dir='ltr'><strong><em>εἷπε,</em></strong></span> <span class='ocrx_word' id='word_1_124' title='bbox 1395 1893 1436 1930; x_wconf 85' lang='grc' dir='ltr'><strong><em>τὸ</em></strong></span> <span class='ocrx_word' id='word_1_125' title='bbox 1465 1893 1515 1941; x_wconf 89' lang='grc' dir='ltr'><strong><em>μὴ</em></strong></span> <span class='ocrx_word' id='word_1_126' title='bbox 1537 1893 1731 1931; x_wconf 78' lang='grc' dir='ltr'><strong><em>δύνασθαι</em></strong></span> 
     </span>
     <span class='ocr_line' id='line_1_17' title="bbox 198 1938 1733 2002; baseline 0.003 -27"><span class='ocrx_word' id='word_1_127' title='bbox 198 1941 317 1976; x_wconf 79' lang='grc' dir='ltr'><strong><em>ταῦτα</em></strong></span> <span class='ocrx_word' id='word_1_128' title='bbox 344 1938 530 1985; x_wconf 75' lang='grc' dir='ltr'><strong><em>διαλύεινς</em></strong></span> <span class='ocrx_word' id='word_1_129' title='bbox 559 1939 640 1976; x_wconf 81' lang='grc' dir='ltr'><strong><em>οἶόν</em></strong></span> <span class='ocrx_word' id='word_1_130' title='bbox 662 1938 775 1986; x_wconf 74' lang='grc' dir='ltr'><strong><em>ἔστιν,</em></strong></span> <span class='ocrx_word' id='word_1_131' title='bbox 802 1938 822 1977; x_wconf 82' lang='grc' dir='ltr'>ὃ</span> <span class='ocrx_word' id='word_1_132' title='bbox 850 1939 984 1998; x_wconf 82' lang='grc' dir='ltr'><strong><em>μικρὸν</em></strong></span> <span class='ocrx_word' id='word_1_133' title='bbox 1006 1940 1223 2002; x_wconf 71' lang='grc' dir='ltr'><strong><em>ἔμπροσθεν</em></strong></span> <span class='ocrx_word' id='word_1_134' title='bbox 1242 1940 1332 2001; x_wconf 81' lang='grc' dir='ltr'><strong><em>ἡμῖν</em></strong></span> <span class='ocrx_word' id='word_1_135' title='bbox 1352 1944 1419 1978; x_wconf 79' lang='grc' dir='ltr'><strong><em>τοῦ</em></strong></span> <span class='ocrx_word' id='word_1_136' title='bbox 1440 1944 1597 1979; x_wconf 82' lang='grc' dir='ltr'><strong><em>δείπνου</em></strong></span> <span class='ocrx_word' id='word_1_137' title='bbox 1617 1942 1733 1990; x_wconf 77' lang='grc' dir='ltr'><strong><em>προῦ-</em></strong></span> 
     </span>
     <span class='ocr_line' id='line_1_18' title="bbox 200 1985 1734 2049; baseline 0.003 -26"><span class='ocrx_word' id='word_1_138' title='bbox 200 1990 330 2036; x_wconf 83' lang='grc' dir='ltr'><strong><em>βαλεν·</em></strong></span> <span class='ocrx_word' id='word_1_139' title='bbox 349 1985 475 2034; x_wconf 82' lang='grc' dir='ltr'><strong><em>’Ἀνδρ</em></strong></span> <span class='ocrx_word' id='word_1_140' title='bbox 484 2002 508 2023; x_wconf 89' lang='grc' dir='ltr'><strong><em>α</em></strong></span> <span class='ocrx_word' id='word_1_141' title='bbox 536 1990 639 2024; x_wconf 78' lang='grc' dir='ltr'><strong><em>ἴδον</em></strong></span> <span class='ocrx_word' id='word_1_142' title='bbox 667 2017 675 2024; x_wconf 91' lang='grc'><strong><em>.</em></strong></span> <span class='ocrx_word' id='word_1_143' title='bbox 696 2019 704 2026; x_wconf 91' lang='grc'><strong><em>.</em></strong></span> <span class='ocrx_word' id='word_1_144' title='bbox 726 2017 734 2024; x_wconf 88' lang='grc'><strong><em>.</em></strong></span> <span class='ocrx_word' id='word_1_145' title='bbox 760 1987 1055 2049; x_wconf 82' lang='grc' dir='ltr'><strong><em>κολλήσαντα.</em></strong></span> <span class='ocrx_word' id='word_1_146' title='bbox 1077 2010 1121 2016; x_wconf 89' lang='grc'><strong>-</strong></span> <span class='ocrx_word' id='word_1_147' title='bbox 1149 1986 1218 2025; x_wconf 77' lang='grc' dir='ltr'><strong><em>ἐπ’</em></strong></span> <span class='ocrx_word' id='word_1_148' title='bbox 1246 1987 1369 2035; x_wconf 90' lang='grc' dir='ltr'><strong><em>ἀνέρι·</em></strong></span> <span class='ocrx_word' id='word_1_149' title='bbox 1397 1991 1469 2026; x_wconf 90' lang='lat' dir='ltr'><strong><em>huc</em></strong></span> <span class='ocrx_word' id='word_1_150' title='bbox 1493 1991 1651 2027; x_wconf 84' lang='lat' dir='ltr'><strong>fortasse</strong></span> <span class='ocrx_word' id='word_1_151' title='bbox 1677 2003 1734 2027; x_wconf 84' lang='lat' dir='ltr'><strong>re-</strong></span> 
     </span>
     <span class='ocr_line' id='line_1_19' title="bbox 199 2033 1580 2085; baseline 0.003 -15"><span class='ocrx_word' id='word_1_152' title='bbox 199 2036 355 2071; x_wconf 86' lang='lat' dir='ltr'><strong>ferenda</strong></span> <span class='ocrx_word' id='word_1_153' title='bbox 380 2035 558 2081; x_wconf 79' lang='lat' dir='ltr'><strong>Hesychii</strong></span> <span class='ocrx_word' id='word_1_154' title='bbox 583 2037 726 2082; x_wconf 82' lang='lat' dir='ltr'>glossa:</span> <span class='ocrx_word' id='word_1_155' title='bbox 754 2034 816 2072; x_wconf 80' lang='grc' dir='ltr'><strong><em>ἐπ’</em></strong></span> <span class='ocrx_word' id='word_1_156' title='bbox 844 2034 965 2082; x_wconf 86' lang='grc' dir='ltr'><strong><em>ἀνέρι,</em></strong></span> <span class='ocrx_word' id='word_1_157' title='bbox 992 2033 1054 2072; x_wconf 77' lang='grc' dir='ltr'><strong><em>ἐπ’</em></strong></span> <span class='ocrx_word' id='word_1_158' title='bbox 1082 2033 1275 2085; x_wconf 79' lang='grc' dir='ltr'><strong><em>ἀνθρώπῳ</em></strong></span> <span class='ocrx_word' id='word_1_159' title='bbox 1301 2038 1396 2083; x_wconf 86' lang='lat' dir='ltr'><strong>(cod.</strong></span> <span class='ocrx_word' id='word_1_160' title='bbox 1424 2035 1580 2084; x_wconf 79' lang='grc' dir='ltr'><strong><em>ἐπάνω).</em></strong></span> 
     </span>
    </p>

    <p class='ocr_par' dir='ltr' id='par_1_6' title="bbox 197 2075 1735 2986">
     <span class='ocr_line' id='line_1_20' title="bbox 294 2075 1733 2143; baseline 0.002 -25"><span class='ocrx_word' id='word_1_161' title='bbox 294 2084 351 2120; x_wconf 91' lang='lat' dir='ltr'><strong>Fr.</strong></span> <span class='ocrx_word' id='word_1_162' title='bbox 380 2087 411 2119; x_wconf 82' lang='lat'><strong><em>2.</em></strong></span> <span class='ocrx_word' id='word_1_163' title='bbox 440 2083 515 2129; x_wconf 77' lang='grc' dir='ltr'><strong><em>8οΡ</em></strong></span> <span class='ocrx_word' id='word_1_164' title='bbox 518 2084 618 2119; x_wconf 82' lang='lat' dir='ltr'><strong>hista</strong></span> <span class='ocrx_word' id='word_1_165' title='bbox 643 2095 850 2130; x_wconf 82' lang='lat' dir='ltr'>anonymus</span> <span class='ocrx_word' id='word_1_166' title='bbox 882 2084 963 2131; x_wconf 89' lang='lat' dir='ltr'><strong>(qui</strong></span> <span class='ocrx_word' id='word_1_167' title='bbox 995 2084 1156 2130; x_wconf 85' lang='lat' dir='ltr'>Gorgiae</span> <span class='ocrx_word' id='word_1_168' title='bbox 1190 2075 1394 2130; x_wconf 85' lang='lat' dir='ltr'><strong>discipulus</strong></span> <span class='ocrx_word' id='word_1_169' title='bbox 1426 2086 1539 2122; x_wconf 83' lang='lat' dir='ltr'><strong>fuisse</strong></span> <span class='ocrx_word' id='word_1_170' title='bbox 1570 2086 1733 2143; x_wconf 86' lang='lat' dir='ltr'><strong>videtur)</strong></span> 
     </span>
     <span class='ocr_line' id='line_1_21' title="bbox 198 2130 1731 2190; baseline 0.003 -24"><span class='ocrx_word' id='word_1_171' title='bbox 198 2131 299 2177; x_wconf 87' lang='lat' dir='ltr'><strong><em>apud</em></strong></span> <span class='ocrx_word' id='word_1_172' title='bbox 325 2130 418 2166; x_wconf 81' lang='lat' dir='ltr'><strong>Gale.</strong></span> <span class='ocrx_word' id='word_1_173' title='bbox 445 2130 578 2177; x_wconf 84' lang='lat' dir='ltr'><strong>Opusc.</strong></span> <span class='ocrx_word' id='word_1_174' title='bbox 606 2132 713 2177; x_wconf 84' lang='lat' dir='ltr'><strong>Phys.</strong></span> <span class='ocrx_word' id='word_1_175' title='bbox 738 2144 775 2187; x_wconf 90' lang='lat' dir='ltr'><strong><em>p.</em></strong></span> <span class='ocrx_word' id='word_1_176' title='bbox 805 2137 873 2168; x_wconf 86' lang='grc'><strong>720</strong></span> <span class='ocrx_word' id='word_1_177' title='bbox 899 2132 1030 2177; x_wconf 71' lang='lat' dir='ltr'><strong>(Orelli</strong></span> <span class='ocrx_word' id='word_1_178' title='bbox 1056 2132 1198 2190; x_wconf 87' lang='lat' dir='ltr'><strong>Opusc.</strong></span> <span class='ocrx_word' id='word_1_179' title='bbox 1212 2135 1369 2169; x_wconf 88' lang='lat' dir='ltr'><strong>sentent</strong></span> <span class='ocrx_word' id='word_1_180' title='bbox 1391 2133 1431 2169; x_wconf 90' lang='lat' dir='ltr'><strong><em>T.</em></strong></span> <span class='ocrx_word' id='word_1_181' title='bbox 1453 2133 1610 2179; x_wconf 78' lang='lat'>11222):</span> <span class='ocrx_word' id='word_1_182' title='bbox 1637 2131 1731 2170; x_wconf 77' lang='grc' dir='ltr'><strong><em>Βού-</em></strong></span> 
     </span>
     <span class='ocr_line' id='line_1_22' title="bbox 197 2177 1730 2241; baseline 0.003 -28"><span class='ocrx_word' id='word_1_183' title='bbox 197 2182 309 2224; x_wconf 87' lang='grc' dir='ltr'><strong><em>λομαι</em></strong></span> <span class='ocrx_word' id='word_1_184' title='bbox 335 2177 377 2214; x_wconf 75' lang='grc' dir='ltr'><strong><em>δὲ</em></strong></span> <span class='ocrx_word' id='word_1_185' title='bbox 405 2178 469 2214; x_wconf 81' lang='grc' dir='ltr'><strong><em>καὶ</em></strong></span> <span class='ocrx_word' id='word_1_186' title='bbox 494 2178 686 2235; x_wconf 85' lang='grc' dir='ltr'><strong><em>ποιήματα</em></strong></span> <span class='ocrx_word' id='word_1_187' title='bbox 705 2180 779 2214; x_wconf 81' lang='grc' dir='ltr'><strong><em>τῶν</em></strong></span> <span class='ocrx_word' id='word_1_188' title='bbox 799 2178 1059 2224; x_wconf 83' lang='grc' dir='ltr'><strong><em>παλαιοτέρων</em></strong></span> <span class='ocrx_word' id='word_1_189' title='bbox 1065 2177 1277 2237; x_wconf 79' lang='grc' dir='ltr'><strong><em>μαρτύρων</em></strong></span> <span class='ocrx_word' id='word_1_190' title='bbox 1305 2178 1586 2241; x_wconf 79' lang='grc' dir='ltr'><strong><em>ἐπαγαγέσθαι·</em></strong></span> <span class='ocrx_word' id='word_1_191' title='bbox 1612 2185 1730 2217; x_wconf 80' lang='grc' dir='ltr'><strong><em>Κλεο-</em></strong></span> 
     </span>
     <span class='ocr_line' id='line_1_23' title="bbox 201 2223 1735 2276; baseline 0.002 -15"><span class='ocrx_word' id='word_1_192' title='bbox 201 2227 392 2274; x_wconf 87' lang='grc' dir='ltr'><strong><em>βουλίνης·</em></strong></span> <span class='ocrx_word' id='word_1_193' title='bbox 422 2223 542 2270; x_wconf 86' lang='grc' dir='ltr'><strong><em>Ανδρ’</em></strong></span> <span class='ocrx_word' id='word_1_194' title='bbox 577 2225 682 2262; x_wconf 81' lang='grc' dir='ltr'><strong><em>εἶδον</em></strong></span> <span class='ocrx_word' id='word_1_195' title='bbox 715 2230 769 2263; x_wconf 83' lang='grc' dir='ltr'><strong><em>κλ.</em></strong></span> <span class='ocrx_word' id='word_1_196' title='bbox 797 2241 830 2263; x_wconf 80' lang='grc' dir='ltr'><strong><em>κ.</em></strong></span> <span class='ocrx_word' id='word_1_197' title='bbox 858 2225 907 2271; x_wconf 79' lang='grc' dir='ltr'><strong><em>ἐξ.</em></strong></span> <span class='ocrx_word' id='word_1_198' title='bbox 937 2228 1017 2276; x_wconf 86' lang='grc' dir='ltr'><strong><em>βία,</em></strong></span> <span class='ocrx_word' id='word_1_199' title='bbox 1050 2241 1100 2268; x_wconf 88' lang='grc' dir='ltr'><strong><em>ως</em></strong></span> <span class='ocrx_word' id='word_1_200' title='bbox 1131 2228 1195 2263; x_wconf 80' lang='grc' dir='ltr'><strong><em>καὶ</em></strong></span> <span class='ocrx_word' id='word_1_201' title='bbox 1226 2225 1268 2263; x_wconf 83' lang='grc' dir='ltr'><strong><em>τὸ</em></strong></span> <span class='ocrx_word' id='word_1_202' title='bbox 1304 2230 1336 2276; x_wconf 90' lang='grc' dir='ltr'><strong><em>β.</em></strong></span> <span class='ocrx_word' id='word_1_203' title='bbox 1363 2242 1452 2274; x_wconf 84' lang='grc' dir='ltr'><strong><em>ρ.τ.</em></strong></span> <span class='ocrx_word' id='word_1_204' title='bbox 1479 2230 1511 2263; x_wconf 90' lang='grc' dir='ltr'><strong><em>δ.</em></strong></span> <span class='ocrx_word' id='word_1_205' title='bbox 1538 2223 1585 2274; x_wconf 80' lang='grc' dir='ltr'><strong><em>ἦν</em></strong></span> <span class='ocrx_word' id='word_1_206' title='bbox 1616 2227 1735 2264; x_wconf 87' lang='grc' dir='ltr'><strong><em>πάλαι</em></strong></span> 
     </span>
     <span class='ocr_line' id='line_1_24' title="bbox 197 2271 1734 2329; baseline 0.003 -21"><span class='ocrx_word' id='word_1_207' title='bbox 197 2275 328 2311; x_wconf 80' lang='grc' dir='ltr'><strong><em>ταῦτα.</em></strong></span> <span class='ocrx_word' id='word_1_208' title='bbox 379 2271 568 2319; x_wconf 80' lang='grc' dir='ltr'><strong><em>Αἰσχύλου</em></strong></span> <span class='ocrx_word' id='word_1_209' title='bbox 590 2273 631 2310; x_wconf 76' lang='grc' dir='ltr'><strong><em>δὲ</em></strong></span> <span class='ocrx_word' id='word_1_210' title='bbox 652 2276 1005 2311; x_wconf 71' lang='grc' dir='ltr'>κτλ.Ε111611ᾶε,1111;</span> <span class='ocrx_word' id='word_1_211' title='bbox 1031 2276 1190 2329; x_wconf 84' lang='grc' dir='ltr'><strong><em>βιαίως</em></strong></span> <span class='ocrx_word' id='word_1_212' title='bbox 1213 2275 1390 2323; x_wconf 83' lang='lat' dir='ltr'><strong>Heringa.</strong></span> <span class='ocrx_word' id='word_1_213' title='bbox 1413 2276 1505 2311; x_wconf 84' lang='lat' dir='ltr'><strong>Post</strong></span> <span class='ocrx_word' id='word_1_214' title='bbox 1522 2289 1556 2312; x_wconf 87' lang='lat' dir='ltr'><strong><em>v.</em></strong></span> <span class='ocrx_word' id='word_1_215' title='bbox 1580 2282 1596 2311; x_wconf 95' lang='lat'>1</span> <span class='ocrx_word' id='word_1_216' title='bbox 1624 2277 1734 2322; x_wconf 86' lang='lat' dir='ltr'><strong>plura</strong></span> 
     </span>
     <span class='ocr_line' id='line_1_25' title="bbox 197 2322 1730 2370; baseline 0.001 -13"><span class='ocrx_word' id='word_1_217' title='bbox 197 2322 460 2367; x_wconf 84' lang='lat' dir='ltr'><strong>praetermissa</strong></span> <span class='ocrx_word' id='word_1_218' title='bbox 486 2333 564 2358; x_wconf 86' lang='lat' dir='ltr'><strong>esse</strong></span> <span class='ocrx_word' id='word_1_219' title='bbox 584 2322 803 2368; x_wconf 80' lang='lat' dir='ltr'><strong><em>significavi,</em></strong></span> <span class='ocrx_word' id='word_1_220' title='bbox 830 2335 918 2358; x_wconf 88' lang='lat' dir='ltr'><strong><em>nam</em></strong></span> <span class='ocrx_word' id='word_1_221' title='bbox 942 2335 1018 2359; x_wconf 91' lang='lat' dir='ltr'><strong><em>non</em></strong></span> <span class='ocrx_word' id='word_1_222' title='bbox 1044 2322 1221 2358; x_wconf 89' lang='lat' dir='ltr'><strong>continuo</strong></span> <span class='ocrx_word' id='word_1_223' title='bbox 1246 2334 1284 2358; x_wconf 85' lang='lat' dir='ltr'><strong><em>se</em></strong></span> <span class='ocrx_word' id='word_1_224' title='bbox 1310 2323 1500 2368; x_wconf 88' lang='lat' dir='ltr'><strong>excipiunt</strong></span> <span class='ocrx_word' id='word_1_225' title='bbox 1524 2323 1564 2358; x_wconf 89' lang='lat' dir='ltr'><strong><em>hi</em></strong></span> <span class='ocrx_word' id='word_1_226' title='bbox 1589 2335 1730 2370; x_wconf 76' lang='lat' dir='ltr'><strong>versus,</strong></span> 
     </span>
     <span class='ocr_line' id='line_1_26' title="bbox 198 2369 1731 2418; baseline 0.001 -13"><span class='ocrx_word' id='word_1_227' title='bbox 198 2381 241 2405; x_wconf 87' lang='lat' dir='ltr'><strong><em>ac</em></strong></span> <span class='ocrx_word' id='word_1_228' title='bbox 266 2369 392 2404; x_wconf 83' lang='lat' dir='ltr'><strong>nescio</strong></span> <span class='ocrx_word' id='word_1_229' title='bbox 418 2381 465 2404; x_wconf 89' lang='lat' dir='ltr'><strong><em>an</em></strong></span> <span class='ocrx_word' id='word_1_230' title='bbox 492 2371 680 2410; x_wconf 80' lang='grc' dir='ltr'><strong><em>δικαίως</em></strong></span> <span class='ocrx_word' id='word_1_231' title='bbox 710 2370 835 2416; x_wconf 79' lang='lat' dir='ltr'><strong>potius</strong></span> <span class='ocrx_word' id='word_1_232' title='bbox 861 2382 974 2416; x_wconf 87' lang='lat' dir='ltr'><strong>quam</strong></span> <span class='ocrx_word' id='word_1_233' title='bbox 1011 2371 1140 2418; x_wconf 86' lang='grc' dir='ltr'><strong><em>βιαίως</em></strong></span> <span class='ocrx_word' id='word_1_234' title='bbox 1171 2369 1404 2406; x_wconf 85' lang='lat' dir='ltr'><strong>scribendum</strong></span> <span class='ocrx_word' id='word_1_235' title='bbox 1436 2371 1500 2406; x_wconf 87' lang='lat' dir='ltr'><strong>sit.</strong></span> <span class='ocrx_word' id='word_1_236' title='bbox 1531 2381 1619 2406; x_wconf 89' lang='lat' dir='ltr'><strong><em>nam</em></strong></span> <span class='ocrx_word' id='word_1_237' title='bbox 1645 2383 1731 2407; x_wconf 91' lang='lat' dir='ltr'><strong>con-</strong></span> 
     </span>
     <span class='ocr_line' id='line_1_27' title="bbox 199 2417 1728 2464; baseline 0.002 -13"><span class='ocrx_word' id='word_1_238' title='bbox 199 2418 417 2452; x_wconf 87' lang='lat' dir='ltr'><strong>sentaneum</strong></span> <span class='ocrx_word' id='word_1_239' title='bbox 431 2418 499 2461; x_wconf 85' lang='lat' dir='ltr'><strong>est,</strong></span> <span class='ocrx_word' id='word_1_240' title='bbox 508 2419 710 2453; x_wconf 77' lang='lat' dir='ltr'><strong>auctorem</strong></span> <span class='ocrx_word' id='word_1_241' title='bbox 724 2417 850 2464; x_wconf 82' lang='lat' dir='ltr'><strong>griphi</strong></span> <span class='ocrx_word' id='word_1_242' title='bbox 865 2430 909 2454; x_wconf 88' lang='lat' dir='ltr'><strong><em>ea</em></strong></span> <span class='ocrx_word' id='word_1_243' title='bbox 923 2429 1020 2464; x_wconf 88' lang='lat' dir='ltr'><strong>quae</strong></span> <span class='ocrx_word' id='word_1_244' title='bbox 1035 2418 1192 2453; x_wconf 85' lang='lat' dir='ltr'><strong>adversa</strong></span> <span class='ocrx_word' id='word_1_245' title='bbox 1206 2418 1327 2453; x_wconf 90' lang='lat' dir='ltr'><strong>fronte</strong></span> <span class='ocrx_word' id='word_1_246' title='bbox 1341 2418 1440 2453; x_wconf 84' lang='lat' dir='ltr'><strong>inter</strong></span> <span class='ocrx_word' id='word_1_247' title='bbox 1454 2429 1492 2453; x_wconf 91' lang='lat' dir='ltr'><strong><em>se</em></strong></span> <span class='ocrx_word' id='word_1_248' title='bbox 1506 2421 1728 2464; x_wconf 77' lang='lat' dir='ltr'><strong>repugnant,</strong></span> 
     </span>
     <span class='ocr_line' id='line_1_28' title="bbox 199 2464 1730 2511; baseline 0.001 -12"><span class='ocrx_word' id='word_1_249' title='bbox 199 2464 467 2500; x_wconf 84' lang='lat' dir='ltr'><strong>conciliavisse.</strong></span> <span class='ocrx_word' id='word_1_250' title='bbox 505 2465 642 2500; x_wconf 82' lang='lat' dir='ltr'><strong>Docuit</strong></span> <span class='ocrx_word' id='word_1_251' title='bbox 668 2466 766 2500; x_wconf 90' lang='lat' dir='ltr'><strong>enim</strong></span> <span class='ocrx_word' id='word_1_252' title='bbox 800 2465 1036 2511; x_wconf 80' lang='lat' dir='ltr'><strong><em>cleobulina,</em></strong></span> <span class='ocrx_word' id='word_1_253' title='bbox 1069 2464 1184 2501; x_wconf 87' lang='lat' dir='ltr'><strong>etiam</strong></span> <span class='ocrx_word' id='word_1_254' title='bbox 1215 2465 1355 2501; x_wconf 85' lang='lat' dir='ltr'><strong>iniusto</strong></span> <span class='ocrx_word' id='word_1_255' title='bbox 1379 2465 1540 2501; x_wconf 83' lang='lat' dir='ltr'><strong>facinori</strong></span> <span class='ocrx_word' id='word_1_256' title='bbox 1573 2466 1730 2501; x_wconf 82' lang='lat' dir='ltr'><strong>subinde</strong></span> 
     </span>
     <span class='ocr_line' id='line_1_29' title="bbox 198 2512 1730 2572; baseline 0.001 -24"><span class='ocrx_word' id='word_1_257' title='bbox 198 2512 346 2548; x_wconf 88' lang='lat' dir='ltr'><strong>veniam</strong></span> <span class='ocrx_word' id='word_1_258' title='bbox 386 2524 463 2548; x_wconf 85' lang='lat' dir='ltr'><strong>esse</strong></span> <span class='ocrx_word' id='word_1_259' title='bbox 494 2514 702 2572; x_wconf 79' lang='lat' dir='ltr'><strong>paratam,</strong></span> <span class='ocrx_word' id='word_1_260' title='bbox 716 2525 828 2557; x_wconf 83' lang='lat' dir='ltr'><strong>quam</strong></span> <span class='ocrx_word' id='word_1_261' title='bbox 861 2514 1118 2571; x_wconf 84' lang='lat' dir='ltr'><strong>quaestionem</strong></span> <span class='ocrx_word' id='word_1_262' title='bbox 1156 2513 1308 2548; x_wconf 88' lang='lat' dir='ltr'><strong>Aristot.</strong></span> <span class='ocrx_word' id='word_1_263' title='bbox 1340 2513 1426 2548; x_wconf 86' lang='lat' dir='ltr'><strong>Eth.</strong></span> <span class='ocrx_word' id='word_1_264' title='bbox 1453 2513 1597 2548; x_wconf 90' lang='lat' dir='ltr'><strong>Nicom.</strong></span> <span class='ocrx_word' id='word_1_265' title='bbox 1624 2514 1658 2549; x_wconf 93' lang='lat' dir='ltr'><strong>V</strong></span> <span class='ocrx_word' id='word_1_266' title='bbox 1687 2518 1730 2549; x_wconf 92' lang='lat'><strong><em>10</em></strong></span> 
     </span>
     <span class='ocr_line' id='line_1_30' title="bbox 199 2557 1729 2607; baseline 0.001 -13"><span class='ocrx_word' id='word_1_267' title='bbox 199 2559 327 2605; x_wconf 85' lang='lat' dir='ltr'><strong>attigit</strong></span> <span class='ocrx_word' id='word_1_268' title='bbox 359 2557 443 2595; x_wconf 82' lang='grc' dir='ltr'><strong><em>ἐπεὶ</em></strong></span> <span class='ocrx_word' id='word_1_269' title='bbox 473 2562 496 2595; x_wconf 91' lang='grc' dir='ltr'><strong><em>δ</em></strong></span> <span class='ocrx_word' id='word_1_270' title='bbox 547 2559 648 2597; x_wconf 76' lang='grc' dir='ltr'><strong><em>ἐστιν</em></strong></span> <span class='ocrx_word' id='word_1_271' title='bbox 680 2557 888 2596; x_wconf 79' lang='grc' dir='ltr'><strong><em>ἀδικοῦντα</em></strong></span> <span class='ocrx_word' id='word_1_272' title='bbox 926 2559 1035 2607; x_wconf 88' lang='grc' dir='ltr'><strong><em>μήπω</em></strong></span> <span class='ocrx_word' id='word_1_273' title='bbox 1068 2557 1204 2596; x_wconf 74' lang='grc' dir='ltr'><strong><em>ἄδικον</em></strong></span> <span class='ocrx_word' id='word_1_274' title='bbox 1241 2558 1340 2596; x_wconf 79' lang='grc' dir='ltr'><strong><em>εἶναι</em></strong></span> <span class='ocrx_word' id='word_1_275' title='bbox 1372 2564 1447 2596; x_wconf 78' lang='grc' dir='ltr'><strong><em>κτλ.</em></strong></span> <span class='ocrx_word' id='word_1_276' title='bbox 1493 2560 1607 2596; x_wconf 84' lang='lat' dir='ltr'><strong>etiam</strong></span> <span class='ocrx_word' id='word_1_277' title='bbox 1640 2561 1729 2596; x_wconf 83' lang='lat' dir='ltr'><strong>furti</strong></span> 
     </span>
     <span class='ocr_line' id='line_1_31' title="bbox 197 2604 1727 2661; baseline 0.002 -20"><span class='ocrx_word' id='word_1_278' title='bbox 197 2608 424 2643; x_wconf 87' lang='lat' dir='ltr'><strong>mentionem</strong></span> <span class='ocrx_word' id='word_1_279' title='bbox 450 2607 602 2652; x_wconf 85' lang='lat' dir='ltr'><strong>faciens,</strong></span> <span class='ocrx_word' id='word_1_280' title='bbox 628 2607 694 2643; x_wconf 84' lang='lat' dir='ltr'><strong><em>ubi</em></strong></span> <span class='ocrx_word' id='word_1_281' title='bbox 720 2608 835 2644; x_wconf 89' lang='lat' dir='ltr'><strong>schol.</strong></span> <span class='ocrx_word' id='word_1_282' title='bbox 863 2608 1031 2654; x_wconf 87' lang='lat' dir='ltr'><strong>(Hermes</strong></span> <span class='ocrx_word' id='word_1_283' title='bbox 1057 2608 1091 2643; x_wconf 95' lang='lat' dir='ltr'><strong>V</strong></span> <span class='ocrx_word' id='word_1_284' title='bbox 1117 2612 1172 2644; x_wconf 91' lang='lat'><strong>81.</strong></span> <span class='ocrx_word' id='word_1_285' title='bbox 1200 2609 1259 2652; x_wconf 90' lang='grc'><strong>82)</strong></span> <span class='ocrx_word' id='word_1_286' title='bbox 1287 2605 1370 2643; x_wconf 80' lang='grc' dir='ltr'><strong><em>ἐπεὶ</em></strong></span> <span class='ocrx_word' id='word_1_287' title='bbox 1402 2604 1494 2643; x_wconf 77' lang='grc' dir='ltr'><strong><em>ουδὲ</em></strong></span> <span class='ocrx_word' id='word_1_288' title='bbox 1518 2606 1682 2661; x_wconf 61' lang='grc' dir='ltr'><strong><em>τιλέπτης</em></strong></span> <span class='ocrx_word' id='word_1_289' title='bbox 1707 2606 1727 2644; x_wconf 85' lang='grc' dir='ltr'>ὁ</span> 
     </span>
     <span class='ocr_line' id='line_1_32' title="bbox 198 2636 1729 2702; baseline 0.001 -13"><span class='ocrx_word' id='word_1_290' title='bbox 198 2655 264 2690; x_wconf 78' lang='grc' dir='ltr'><strong><em>τοῦ</em></strong></span> <span class='ocrx_word' id='word_1_291' title='bbox 301 2654 533 2700; x_wconf 86' lang='grc' dir='ltr'><strong><em>μαινομένου</em></strong></span> <span class='ocrx_word' id='word_1_292' title='bbox 566 2636 734 2690; x_wconf 79' lang='grc' dir='ltr'><strong><em>κλέπτων</em></strong></span> <span class='ocrx_word' id='word_1_293' title='bbox 766 2654 807 2691; x_wconf 89' lang='grc' dir='ltr'><strong><em>τὸ</em></strong></span> <span class='ocrx_word' id='word_1_294' title='bbox 835 2657 957 2702; x_wconf 81' lang='grc' dir='ltr'><strong><em>ξίφος,</em></strong></span> <span class='ocrx_word' id='word_1_295' title='bbox 989 2653 1108 2702; x_wconf 86' lang='grc' dir='ltr'><strong><em>σωτήρ</em></strong></span> <span class='ocrx_word' id='word_1_296' title='bbox 1135 2653 1188 2692; x_wconf 84' lang='grc' dir='ltr'><strong><em>δέ.</em></strong></span> <span class='ocrx_word' id='word_1_297' title='bbox 1238 2656 1282 2690; x_wconf 89' lang='lat' dir='ltr'><strong>ut</strong></span> <span class='ocrx_word' id='word_1_298' title='bbox 1305 2656 1419 2692; x_wconf 87' lang='lat' dir='ltr'><strong>liceat</strong></span> <span class='ocrx_word' id='word_1_299' title='bbox 1444 2655 1626 2691; x_wconf 86' lang='lat' dir='ltr'><strong>coniicere</strong></span> <span class='ocrx_word' id='word_1_300' title='bbox 1657 2656 1729 2691; x_wconf 87' lang='lat' dir='ltr'><strong><em>hoc</em></strong></span> 
     </span>
     <span class='ocr_line' id='line_1_33' title="bbox 197 2685 1729 2804; baseline 0.001 -20"><span class='ocrx_word' id='word_1_301' title='bbox 197 2703 318 2785; x_wconf 50' lang='lat' dir='ltr'><strong><em>{2¹⁰ssssss</em></strong></span> <span class='ocrx_word' id='word_1_302' title='bbox 334 2713 476 2796; x_wconf 49' lang='lat'><strong><em>5325?</em></strong></span> <span class='ocrx_word' id='word_1_303' title='bbox 479 2685 1442 2796; x_wconf 46' lang='lat'><strong><em>1533&amp;5¹23?¹32¹}2311530122103332&lt;30130322¹310</em></strong></span> <span class='ocrx_word' id='word_1_304' title='bbox 1474 2703 1620 2804; x_wconf 48' lang='lat' dir='ltr'><strong>peimi</strong></span> <span class='ocrx_word' id='word_1_305' title='bbox 1647 2714 1729 2786; x_wconf 56' lang='grc' dir='ltr'><strong><em>ἒείἓ</em></strong></span> 
     </span>
     <span class='ocr_line' id='line_1_34' title="bbox 197 2797 1725 2851; baseline 0.001 -18"><span class='ocrx_word' id='word_1_306' title='bbox 197 2797 426 2833; x_wconf 59' lang='grc'>1111461111.-</span> <span class='ocrx_word' id='word_1_307' title='bbox 453 2798 608 2834; x_wconf 84' lang='lat' dir='ltr'><strong>Temere</strong></span> <span class='ocrx_word' id='word_1_308' title='bbox 635 2798 787 2844; x_wconf 82' lang='lat' dir='ltr'><strong>Gruppe</strong></span> <span class='ocrx_word' id='word_1_309' title='bbox 814 2799 859 2834; x_wconf 90' lang='lat' dir='ltr'><strong><em>de</em></strong></span> <span class='ocrx_word' id='word_1_310' title='bbox 884 2798 1072 2844; x_wconf 83' lang='lat' dir='ltr'><strong>Archytae</strong></span> <span class='ocrx_word' id='word_1_311' title='bbox 1097 2797 1265 2842; x_wconf 74' lang='lat' dir='ltr'><strong>reliquiis</strong></span> <span class='ocrx_word' id='word_1_312' title='bbox 1290 2809 1326 2843; x_wconf 89' lang='lat' dir='ltr'><strong><em>p.</em></strong></span> <span class='ocrx_word' id='word_1_313' title='bbox 1349 2799 1424 2851; x_wconf 52' lang='grc' dir='ltr'><strong><em>1ζᾶ</em></strong></span> <span class='ocrx_word' id='word_1_314' title='bbox 1444 2797 1617 2843; x_wconf 82' lang='lat' dir='ltr'><strong>aenigma</strong></span> <span class='ocrx_word' id='word_1_315' title='bbox 1643 2799 1725 2834; x_wconf 85' lang='lat' dir='ltr'><strong><em>sub</em></strong></span> 
     </span>
     <span class='ocr_line' id='line_1_35' title="bbox 198 2844 1726 2899; baseline 0.002 -21"><span class='ocrx_word' id='word_1_316' title='bbox 198 2844 369 2880; x_wconf 84' lang='lat' dir='ltr'><strong>diticium</strong></span> <span class='ocrx_word' id='word_1_317' title='bbox 394 2857 473 2881; x_wconf 84' lang='lat' dir='ltr'><strong>esse</strong></span> <span class='ocrx_word' id='word_1_318' title='bbox 500 2847 626 2882; x_wconf 84' lang='lat' dir='ltr'><strong>censet</strong></span> <span class='ocrx_word' id='word_1_319' title='bbox 649 2857 672 2881; x_wconf 92' lang='lat' dir='ltr'><strong>a</strong></span> <span class='ocrx_word' id='word_1_320' title='bbox 697 2846 834 2899; x_wconf 81' lang='lat' dir='ltr'><strong>Iudaeo</strong></span> <span class='ocrx_word' id='word_1_321' title='bbox 861 2846 1010 2882; x_wconf 86' lang='lat' dir='ltr'><strong>homine</strong></span> <span class='ocrx_word' id='word_1_322' title='bbox 1029 2844 1198 2881; x_wconf 85' lang='lat' dir='ltr'><strong>Philonis</strong></span> <span class='ocrx_word' id='word_1_323' title='bbox 1223 2846 1381 2890; x_wconf 82' lang='lat' dir='ltr'><strong>aequale</strong></span> <span class='ocrx_word' id='word_1_324' title='bbox 1406 2846 1546 2889; x_wconf 90' lang='lat' dir='ltr'><strong>fictum,</strong></span> <span class='ocrx_word' id='word_1_325' title='bbox 1574 2857 1596 2880; x_wconf 82' lang='lat' dir='ltr'><strong>a</strong></span> <span class='ocrx_word' id='word_1_326' title='bbox 1621 2846 1726 2882; x_wconf 90' lang='lat' dir='ltr'><strong>cuius</strong></span> 
     </span>
     <span class='ocr_line' id='line_1_36' title="bbox 198 2892 1727 2939; baseline 0.002 -13"><span class='ocrx_word' id='word_1_327' title='bbox 198 2892 357 2927; x_wconf 85' lang='lat' dir='ltr'><strong>fallaciis</strong></span> <span class='ocrx_word' id='word_1_328' title='bbox 391 2894 469 2928; x_wconf 86' lang='lat' dir='ltr'><strong>tam</strong></span> <span class='ocrx_word' id='word_1_329' title='bbox 506 2894 691 2938; x_wconf 84' lang='lat' dir='ltr'><strong>Archytae</strong></span> <span class='ocrx_word' id='word_1_330' title='bbox 724 2893 875 2929; x_wconf 90' lang='lat' dir='ltr'><strong>nomine</strong></span> <span class='ocrx_word' id='word_1_331' title='bbox 911 2905 1006 2939; x_wconf 86' lang='lat' dir='ltr'><strong>quae</strong></span> <span class='ocrx_word' id='word_1_332' title='bbox 1037 2894 1221 2938; x_wconf 85' lang='lat' dir='ltr'><strong>feruntur,</strong></span> <span class='ocrx_word' id='word_1_333' title='bbox 1254 2903 1366 2938; x_wconf 90' lang='lat' dir='ltr'><strong>quam</strong></span> <span class='ocrx_word' id='word_1_334' title='bbox 1396 2892 1505 2928; x_wconf 88' lang='lat' dir='ltr'><strong>huius</strong></span> <span class='ocrx_word' id='word_1_335' title='bbox 1538 2893 1727 2938; x_wconf 81' lang='lat' dir='ltr'><strong>sophistae</strong></span> 
     </span>
     <span class='ocr_line' id='line_1_37' title="bbox 199 2939 1323 2986; baseline 0.002 -13"><span class='ocrx_word' id='word_1_336' title='bbox 199 2939 367 2974; x_wconf 91' lang='lat' dir='ltr'><strong>libellum</strong></span> <span class='ocrx_word' id='word_1_337' title='bbox 394 2941 800 2986; x_wconf 77' lang='lat' dir='ltr'><strong>praeceptaexitiosae</strong></span> <span class='ocrx_word' id='word_1_338' title='bbox 826 2941 917 2977; x_wconf 83' lang='lat' dir='ltr'><strong>artis</strong></span> <span class='ocrx_word' id='word_1_339' title='bbox 941 2941 1152 2977; x_wconf 83' lang='lat' dir='ltr'><strong>tradentem</strong></span> <span class='ocrx_word' id='word_1_340' title='bbox 1176 2939 1323 2986; x_wconf 80' lang='lat' dir='ltr'><strong>repetit.</strong></span> 
     </span>
    </p>
   </div>
  </div>
 </body>
</html>
