1890 3216
796 162 1127 201 ANTIMACHUS.
1638 163 1728 206 293

187 276 404 317 Herodian.
436 291 476 319 π.
509 292 597 329 μον.
628 274 701 325 λέξ.
733 291 770 329 p.
804 278 879 329 36,
913 278 986 317 23:
1031 270 1129 317 ἀλλὰ
1160 274 1226 316 καὶ
1258 271 1365 329 παρὰ
1393 271 1627 332 Ἀντιμάχῳ·
1665 272 1727 317 ἀεὶ

187 337 335 395 φάρεος
366 339 599 396 χατεύουσιν
629 342 750 396 ἔχων,
781 343 948 384 conieci:

174 420 178 422 ⁸
402 458 410 467 .
441 460 449 469 .
482 423 543 467 ἀεὶ
575 423 728 481 φάρεος·
754 430 831 482 γῆν
862 425 1079 481 χατέουσαν
1110 425 1222 480 ἔχων.

305 519 366 558 Ex
393 518 545 570 Elegiis
578 513 688 571 (fort.
710 532 756 559 ex
778 519 904 569 Lyde,
935 518 1014 559 vid.
1034 518 1082 558 fr.
1107 512 1180 571 16)
1213 517 1332 567 petiti
1364 516 1552 557 videntur
1584 529 1725 557 versus

185 584 264 624 duo
296 584 346 624 de
377 584 507 636 Pyde,
539 584 712 626 Pisidiae
743 585 881 634 fluvio,
913 597 976 635 ap.
1010 583 1274 623 Choerobosc.
1304 582 1323 621 I
1353 584 1448 635 139,
1479 585 1549 622 17:

400 666 538 708 Καδδὲ
570 664 716 720 Πύδην
746 682 785 708 τε
816 665 964 721 ῥέοντα.

399 730 585 787 Πύδητος
616 730 742 787 κούρη
774 733 1015 786 τηλεκλείτου
1046 734 1250 784 ποταμοῖο.

182 825 239 868 sic
270 826 376 865 enim
410 838 456 865 ex
488 826 573 866 cod.
604 825 807 865 Marciano
845 821 949 874 (vid.
982 822 1168 863 Gaisford
1200 823 1332 862 Praef.
1365 822 1429 862 Et.
1462 822 1516 862 M.
1547 817 1652 875 VII)
1683 823 1725 862 hi

182 905 322 933 versus
350 896 444 933 sunt
469 892 711 944 corrigendi:
744 892 785 930 in
810 891 945 941 priore
971 902 1091 930 versu
1117 892 1299 945 Koechly
1324 892 1494 934 coniecit
1518 885 1724 932 κελαδεινὰ

182 954 328 1011 Πύδην
359 958 524 1012 ρείοντα.
552 980 606 986 --
640 957 729 997 Huc
760 956 862 996 adde
890 956 1189 1007 Hesychianum
1221 960 1339 1000 illud:
1373 957 1655 1000 Εἰσκονιανοί·
1687 955 1729 996 οἵ

176 1021 371 1076 Ἐφέσιοι,
410 1020 464 1073 ὦς
491 1020 731 1077 Ἀντίμαχος.
777 1023 847 1063 ubi
877 1022 1069 1064 Duebner
1101 1027 1270 1066 coniecit
1301 1025 1434 1067 ἐΐσκον
1460 1021 1633 1065 Ἰαόνιοι.
1667 1045 1722 1050 -

179 1091 369 1131 Fortasse
407 1091 528 1131 etiam
566 1091 643 1130 huc
681 1089 875 1140 pertinet,
918 1089 1025 1139 quod
1065 1090 1189 1131 habet
1219 1092 1376 1132 Probus
1408 1091 1460 1130 ad
1492 1091 1606 1141 Virg.
1639 1089 1722 1128 Ecl.

0 669 9 706 ξ

0 710 6 744 Ξ

0 752 3 764 l

180 1158 216 1197 X
239 1158 312 1198 18:
345 1157 538 1209 ,‚Adonis,
570 1158 616 1196 ut
641 1155 841 1195 Hesiodus
868 1154 943 1206 ait,
975 1154 1186 1196 Phoenicis
1214 1160 1255 1196 et
1280 1157 1591 1207 Alphesiboeae,
1618 1154 1723 1205 Age-

178 1224 286 1265 noris
309 1253 438 1265 .....
472 1222 675 1272 Thiantis,
707 1221 776 1272 qui
801 1220 999 1260 Histriam
1027 1215 1257 1277 (SyriamP)
1287 1223 1559 1273 Arabiamque
1590 1221 1723 1260 tenuit

177 1291 361 1341 imperio,
394 1292 439 1329 ut
470 1289 736 1328 Antimachus
768 1284 862 1327 ait.“
901 1281 983 1338 (Of.
1013 1287 1152 1338 Lydae
1183 1288 1233 1328 fr.
1269 1287 1358 1342 14).
1391 1310 1446 1315 -
1481 1286 1721 1326 Antimacho

177 1357 356 1396 Dhntzer
387 1355 588 1396 vindicare
619 1354 748 1394 voluit
779 1366 941 1394 versum
972 1366 1035 1403 ap.
1068 1353 1196 1394 Schol.
1228 1355 1275 1394 Il.
1307 1368 1337 1393 π
1370 1355 1474 1394 234;
1518 1348 1722 1404 Δωδώνης

177 1419 449 1475 δυσχειμέρου·
483 1421 524 1461 οἵ
551 1418 639 1473 περὶ
665 1415 894 1472 Ζηνόδοτον
918 1418 1253 1468 πολυπίδακος
1285 1416 1352 1460 διὰ
1376 1415 1418 1460 τὸ
1447 1415 1720 1473 Καλλιμάχου’

178 1485 370 1541 Κρηνέων
388 1482 421 1526 τ’
445 1482 626 1542 Εὐρώπῃ
649 1481 715 1538 (O.
731 1485 949 1525 Schneider
968 1480 1281 1540 οοῐιὶ.Ἐλλοπι’ῃ)
1303 1483 1551 1540 μισγομένων
1570 1483 1719 1527 ἑκατόν.

177 1555 247 1594 sed
285 1554 503 1605 potuerunt
543 1552 760 1591 Zenodotei
801 1552 850 1590 ad
889 1549 1077 1601 magistri
1117 1551 1330 1591 lectionem
1370 1551 1619 1602 probandam
1658 1553 1719 1592 uti

176 1619 411 1660 Callimachi
435 1631 575 1670 versu,
602 1620 648 1657 ut
674 1617 950 1668 ostenderent,
982 1617 1086 1656 hunc
1113 1630 1270 1668 quoque
1291 1617 1482 1657 Zenodoti
1506 1619 1719 1658 lectionem

176 1688 357 1727 secutum
383 1697 489 1735 esse,
519 1697 592 1723 neo
619 1679 799 1735 Εὐρώπη
826 1682 1084 1731 tentaverim,
1111 1695 1205 1721 nam
1230 1683 1404 1722 fortasse
1430 1684 1540 1723 lacus
1567 1685 1617 1723 ad
1644 1684 1717 1724 To-

175 1753 278 1792 mari
303 1752 451 1792 montis
477 1750 633 1790 radices
661 1745 729 1803 (cf.
751 1750 853 1789 Plin.
874 1749 979 1788 Hist.
1000 1749 1094 1788 Nat.
1114 1747 1173 1787 IV
1195 1744 1239 1802 2)
1269 1750 1324 1788 sic
1349 1750 1581 1789 vocabatur.
1615 1750 1716 1789 Vide

174 1832 277 1870 quae
295 1818 363 1858 *de
401 1819 476 1858 hoc
507 1816 744 1856 Callimachi
782 1829 919 1866 versu,
962 1814 1030 1865 qui
1067 1814 1229 1854 videtur
1267 1827 1315 1854 ex
1352 1815 1455 1854 libro
1488 1816 1530 1854 II
1568 1815 1717 1855 Αἰτίων

173 1884 325 1936 petitus
358 1895 463 1940 esse,
497 1884 538 1922 et
569 1882 618 1921 de
649 1882 711 1921 his
743 1882 892 1922 fabulis
925 1880 1130 1931 disputavi
1160 1880 1202 1918 in
1227 1880 1359 1920 Iahnii
1384 1881 1527 1921 Annal.
1549 1881 1716 1921 LXXXI

174 1952 259 1991 316
281 1963 389 2001 seqq.
433 1949 548 1989 Adde
575 1948 793 1987 Schneider
825 1946 982 1986 Gallim.
1009 1945 1049 1984 II
1075 1959 1112 1996 p.
1141 1947 1239 1986 641.
1271 1969 1319 1974 -
1357 1947 1518 1997 Sauppe
1551 1942 1715 1999 (Philol.

173 2016 268 2056 XIX
293 2010 397 2069 147)
425 2014 655 2054 Antimachi
679 2025 824 2053 nomen
849 2013 1065 2052 restituere
1092 2011 1220 2052 voluit
1245 2014 1352 2064 apud
1379 2013 1508 2053 Schol.
1535 2013 1714 2064 Thucyd.

173 2082 193 2120 I
229 2084 300 2132 11,
338 2083 455 2120 acute
487 2080 691 2131 corrigens
724 2071 782 2119 ὧν
811 2071 942 2132 ἡγεῖτο
970 2073 1144 2129 Ἀκάμας
1181 2074 1277 2118 κατ’
1309 2074 1607 2132 Ἀντίμαχον,
1646 2081 1716 2120 ubi

172 2147 327 2198 legitur
357 2144 422 2186 καὶ
442 2141 688 2198 Ἀντίμαχος;
722 2144 950 2195 suspicatur
981 2146 1117 2183 autem
1144 2144 1428 2185 Antimachum
1453 2147 1494 2185 in
1520 2146 1633 2197 Lyde
1665 2147 1712 2186 de
1729 2155 1797 2189 615

173 2211 408 2251 Acamantis
429 2210 742 2251 Chersonesiaca
767 2209 1018 2260 expeditione
1044 2209 1208 2260 dixisse,
1233 2204 1370 2261 itaque
1397 2212 1431 2251 si
1457 2212 1555 2251 haec
1581 2225 1714 2264 respe-

172 2279 277 2317 xerit
309 2277 581 2328 Thucydides,
622 2277 744 2316 etiam
781 2279 935 2317 certum
974 2290 1078 2327 esse,
1118 2289 1196 2328 quo
1234 2279 1415 2328 tempore
1448 2279 1712 2319 Antimachus

171 2343 313 2395 Lyden
345 2341 527 2382 ediderit.
579 2341 635 2380 At
666 2342 826 2382 etiamsi
856 2343 1009 2394 largiar
1045 2346 1098 2382 eo'
1122 2346 1320 2394 tempore,
1353 2355 1430 2394 quo
1458 2343 1712 2395 Thucydides

172 2408 421 2461 prooemium
453 2406 632 2457 scripsit,
665 2406 951 2447 Antimachum
983 2409 1065 2448 iam
1096 2408 1267 2448 edidisse
1293 2409 1433 2460 Lyden
1459 2412 1580 2460 atque
1611 2410 1711 2449 illud

172 2487 333 2515 carmen
365 2472 591 2524 Thucydidi
627 2473 850 2512 innotuisse
890 2468 1151 2526 (quamquam
1189 2475 1287 2514 haec
1323 2488 1489 2525 prorsus
1527 2472 1710 2527 incerta),

170 2545 308 2580 tamen
338 2538 574 2578 historicum
600 2538 678 2577 isto
705 2541 868 2578 auctore
899 2539 956 2578 ibi
986 2552 1104 2578 usum
1136 2552 1223 2579 esse
1255 2553 1419 2591 prorsus
1453 2543 1514 2580 est
1545 2541 1711 2580 incredi-

171 2607 270 2645 bile:
309 2605 426 2656 quod.
454 2604 552 2644 dicit
588 2600 684 2643 ἀλλὰ
723 2599 822 2655 πρὸς
859 2605 1051 2659 γεωργίαν
1082 2608 1150 2658 τῆς
1183 2600 1442 2659 Χερσονήσου
1474 2602 1710 2658 τραπόμενοι

172 2670 237 2711 καὶ
269 2669 449 2724 λῃστείαν
479 2672 549 2721 τῆς
573 2671 722 2721 τροφῆς
748 2665 913 2724 ἀπορίᾳ,
945 2671 1118 2721 petitum
1150 2674 1212 2711 est
1244 2685 1291 2711 ex
1317 2672 1510 2722 Homero,
1543 2672 1580 2711 h.
1603 2684 1635 2711 e.
1662 2685 1709 2710 ex

171 2737 319 2788 cyclico
361 2735 495 2786 aliquo
534 2736 724 2784 carmine,
769 2738 891 2786 atque
932 2737 1071 2776 eodem
1112 2738 1322 2777 referenda
1363 2740 1425 2777 est
1469 2738 1708 2778 scholiastae

171 2801 396 2851 adnotatio,
427 2800 498 2839 ubi
528 2801 701 2840 fortasse
735 2801 988 2841 scribendum
1014 2795 1072 2842 ὧν
1095 2798 1300 2855 ἡγοῦντο
1321 2798 1493 2854 Ἀκάμας
1517 2801 1582 2842 καὶ
1605 2799 1707 2855 Ἀμ-

171 2866 389 2918 φίμαχος.
451 2866 516 2905 Ad
549 2866 699 2918 Cypria
730 2868 909 2907 carmina
940 2868 1066 2907 refert
1098 2868 1284 2908 Welcker
1316 2868 1425 2919 Cycl.
1457 2869 1498 2907 II
1534 2871 1635 2920 104,
1667 2873 1708 2910 et

172 2931 388 2987 ap4schol.
421 2931 545 2972 Thuc.
572 2928 790 2984 Ἀντίλοχος
828 2932 1043 2984 legendum
1088 2947 1176 2973 esse
1219 2934 1457 2985 suspicatur.
1500 2956 1549 2962 —
1594 2936 1707 2983 Quod
