1890 3216
813 172 1111 209 AESCHYLUS.
1648 169 1726 211 241

940 284 979 326 2.

313 377 562 435 Τυρσηνῶν
594 370 776 432 γενεάν,
808 374 1153 433 φαρμακοποιόν
1186 378 1335 428 ἔθνος.

716 521 1205 556 EHIPPAMMATA.
1666 523 1728 556 571

952 618 992 660 3.

249 712 433 770 Κυανεή
465 711 540 756 καὶ
572 710 738 756 τούσδε
770 712 1009 770 μενεγχέας
1041 710 1207 757 ὤλεσεν
1239 711 1410 770 ἄνδρας

308 793 466 843 μοῖρα,
498 783 788 843 πολύρρηνον
820 786 1014 843 πατρίδα
1046 784 1308 842 ῥυομένους.

250 854 364 911 ζωὸν
396 855 446 901 δὲ
478 857 718 914 φθιμένων
749 857 926 903 πέλεται
958 857 1105 913 κλέος,
1138 859 1185 901 οἵ
1212 873 1318 902 ποτε
1349 861 1495 914 γυίοις

310 928 526 987 τλήμονες
554 927 762 974 Ὀσσαίαν
794 927 1073 987 ἀμφιέσαντο
1106 927 1251 973 κόνιν.

937 1064 978 1106 4.

248 1156 480 1215 Αἰσχύλον
511 1155 813 1215 Εὐφορίωνος
841 1155 1089 1214 Ἀθηναῖον
1120 1157 1225 1202 τόδε
1255 1156 1410 1202 κεύθει

306 1232 461 1287 μνῆμα
491 1233 834 1288 καταφθίμενον
866 1228 1148 1288 πυροφόροιο
1181 1231 1336 1293 Γέλας

247 1299 391 1358 ἀλκὴν
423 1300 466 1346 δ’
501 1299 746 1360 εὐδόκιμον
778 1301 1098 1360 Μαραθώνιον
1131 1299 1268 1354 ἄλσος
1299 1298 1358 1346 ἂν
1391 1306 1506 1345 εἴποι

306 1373 379 1418 καὶ
412 1373 733 1432 βαθυχαιτήεις
767 1376 930 1432 Μῆδος
961 1373 1266 1432 ἐπιστάμενος.

282 1517 553 1564 Aeschylus.
597 1519 656 1555 Fr.
684 1523 718 1557 2
756 1517 1004 1576 Theophrast.
1037 1517 1177 1554 Histor.
1211 1518 1335 1554 Plant.
1368 1518 1420 1554 IX
1455 1522 1517 1554 15.
1559 1518 1624 1554 καὶ
1662 1517 1733 1565 γὰρ

189 1563 369 1622 Αἰσχύλος
389 1530 460 1602 ἐνὶ,
451 1570 534 1607 ταῖς
554 1563 782 1612 ἐλεγείαις
757 1580 808 1608 ως
827 1563 1131 1613 πολυφάρμακον
1151 1564 1254 1612 λέγει
1273 1564 1341 1612 τὴν
1365 1568 1592 1624 Τυρρηνιᾞαν
1622 1571 1733 1612 Τυρ-

187 1610 331 1657 ρηνὸν
356 1626 446 1660 γεν.
474 1617 549 1652 κτλ.
584 1613 725 1661 Scripsi
756 1615 979 1661 Τυρσηνῶν,
1013 1614 1275 1650 Schneidewin
1304 1612 1513 1660 Τυρσηνὸν.
1564 1614 1617 1651 Cf.
1638 1615 1732 1652 Plin.

186 1660 282 1697 Hist.
309 1662 397 1699 Nat.
423 1662 546 1698 XXVI
574 1666 636 1698 11:
664 1664 731 1707 ,,ιι1
754 1662 964 1709 Aeschylus
990 1673 1010 1698 e
1029 1662 1327 1699 vetustissimis
1317 1675 1356 1698 m
1380 1663 1531 1709 poetica
1555 1663 1733 1699 refertam

187 1707 338 1745 Italiam
363 1709 566 1746 herbarum
590 1710 764 1756 potentia
787 1710 1001 1757 proderet.“

282 1769 342 1805 Fr.
369 1773 402 1805 3.
440 1769 594 1806 Anthol.
621 1770 700 1807 Pal.
734 1770 806 1806 VII
832 1774 922 1808 255:
955 1782 1046 1808 corr.
1074 1770 1222 1807 addidit
1252 1768 1461 1818 Αἰσχύλου,
1493 1770 1571 1807 alia
1600 1783 1733 1808 manus

186 1853 326 1889 lemma
351 1852 406 1895 εἰς
432 1849 606 1901 ἑταίρους
636 1833 1018 1914 προμέιθεσσαλῶν*>.
1071 1854 1332 1891 Schneidewin
1365 1855 1515 1892 videtur
1546 1856 1733 1903 Aeschylo

186 1901 381 1958 abrogare.
409 1922 454 1928 -—
481 1903 526 1939 V.
549 1907 581 1937 1
607 1901 814 1961 μενεγχέας
839 1903 919 1941 Pal.
945 1905 1068 1948 recte,
1092 1903 1292 1961 legebatur
1316 1903 1534 1950 μενέγχεας.
1562 1925 1607 1930 -
1633 1904 1677 1939 V.
1699 1908 1732 1941 3.

187 1946 297 1995 ζωὸν,
324 1960 417 1988 corr.
436 1951 542 1993 ζωοί.
571 1971 614 1976 -
639 1948 816 1987 Ὀσσαίαν
841 1951 934 1996 Pal„
958 1951 1158 1998 legebatur
1174 1947 1355 1989 Ὀσσείαν.
1394 1951 1541 1988 Gallim.
1563 1951 1602 1988 in
1622 1951 1731 1988 Dian.

187 2001 233 2032 52
258 1994 419 2044 πρηόσιν
442 1995 668 2034 ’‘Oa-‹mamma›
693 2001 796 2035 recte
822 1999 988 2035 restituit
1012 1999 1185 2035 Meineke
1209 2011 1278 2046 pro
1301 1996 1534 2036 Οσσείοισιν.

282 2057 342 2095 Fr.
368 2062 401 2093 4.
439 2057 575 2095 Athen.
600 2058 687 2095 XIV
714 2059 842 2095 6270:
870 2055 889 2094 ὁ
893 2061 1008 2118 μόιως
1034 2057 1076 2095 δὲ
1103 2059 1169 2095 καὶ
1195 2057 1386 2117 Αἰσχύλος,
1413 2058 1640 2106 τηλικαύτην
1667 2058 1731 2096 δό-

187 2105 258 2148 ξαν
285 2103 381 2151 ἔχων
407 2103 471 2141 διὰ
499 2103 568 2151 τὴν
594 2105 809 2164 ποιητικήν,
835 2072 950 2143 οὐδμὲςν
979 2101 1090 2166 ἦττον
1117 2104 1180 2143 ἐπὶ
1210 2110 1279 2144 τοῦ
1309 2105 1437 2165 τάφου
1471 2105 1731 2154 ἐπιγραφῆναι

186 2150 323 2198 ἠξίωσε
350 2154 491 2199 μᾶλλον
523 2152 593 2199 τὴν
625 2150 821 2200 ἀνδρείαν,
853 2153 1031 2200 ποιήσας·
1064 2152 1185 2201 ἀλκὴν
1211 2152 1248 2191 δ’
1277 2152 1482 2201 ευδόκιμον
1507 2159 1582 2192 κτλ.
1632 2155 1730 2192 Inte-

187 2212 297 2246 grum
323 2202 427 2237 extat
451 2202 686 2257 epigramma
711 2213 770 2249 ap.
797 2204 896 2239 auct.
917 2203 982 2239 vit.
1003 2203 1137 2239 Aesch.
1229 2207 1298 2239 120
1323 2204 1380 2240 ed.
1400 2203 1519 2239 West.
1537 2204 1612 2260 qui
1638 2204 1732 2239 dicit

187 2249 325 2285 Geloos
356 2249 608 2310 inscripsisse,
640 2252 679 2286 et
709 2262 743 2287 v.
773 2254 803 2287 1.
837 2255 858 2286 2
888 2261 947 2296 ap.
981 2250 1081 2287 Plut.
1114 2216 1189 2287 dep
1193 2252 1278 2288 exil.
1312 2263 1342 2287 c.
1373 2256 1433 2287 13.
1472 2248 1643 2297 ἀκήκοας
1674 2249 1728 2287 δι’

188 2293 291 2332 ἐπῶν
317 2296 383 2333 καὶ
407 2297 512 2333 τουτὶ
537 2294 579 2334 τὸ
598 2278 925 2345 ἐπιγραμμάτιον·
953 2296 1135 2344 Αἰσχύλον
1161 2302 1237 2335 κτλ.
1259 2301 1298 2335 et
1316 2310 1376 2357 ap.
1395 2299 1561 2336 Eustrat.
1582 2300 1630 2335 ad
1650 2300 1730 2335 Ari—

187 2346 275 2381 stot.
301 2345 386 2381 Eth.
412 2344 559 2382 Nicom.
586 2345 639 2380 111
665 2350 686 2381 2
713 2346 793 2391 (ubi
818 2349 878 2382 est
901 2344 989 2382 τόδε
1023 2346 1123 2405 σῆμα
1158 2345 1284 2406 κεύθη
1317 2344 1382 2384 ἆπ.
1408 2345 1632 2405 πυροφόρον
1657 2359 1728 2384 οιιι.

190 2391 344 2453 Γέλας).
383 2393 553 2439 Respicit
577 2393 735 2430 Pausan.
762 2395 778 2429 Ι
800 2398 857 2439 14,
884 2399 923 2430 5:
950 2391 971 2430 ὁ
999 2392 1041 2430 δε
1067 2391 1110 2429 τό
1136 2407 1175 2430 τε
1203 2391 1339 2452 ὄνομα
1351 2393 1549 2441 πατρόθεν
1576 2395 1640 2431 καὶ
1659 2393 1728 2441 τὴν

111 2454 115 2459 ’
186 2438 296 2476 πόλιν
322 2438 513 2498 ἔγραψεν
517 2441 583 2477 καὶ
609 2439 660 2483 ὡς
669 2442 748 2499 τῆς
765 2438 954 2499 ανδρείας
978 2455 1171 2488 μαρτυρας
1197 2441 1278 2489 ἔχοι
1301 2441 1343 2478 τὸ
1370 2443 1592 2489 Μαραθῶνι
1618 2442 1730 2484 αλσος

186 2488 251 2524 καὶ
277 2487 424 2535 Μήδων
451 2486 540 2530 τοὺς
566 2486 605 2531 ἐς
630 2487 723 2525 αὐτὸ
752 2486 984 2538 ἄποβαντας.
1012 2508 1063 2515 —
1095 2490 1139 2526 V.
1167 2494 1199 2526 2.
1227 2492 1538 2537 καταφθίμενον,
1570 2504 1588 2526 r
1613 2505 1727 2527 κατα-

186 2534 404 2596 φθάμενον.
438 2558 482 2563 ———
509 2534 764 2583 πυροφόροιο,
791 2538 857 2573 LN
888 2536 1122 2583 πυροφόρον.
1157 2559 1202 2565 --
1235 2538 1373 2583 Γέλας,
1404 2537 1577 2574 BCDGar
1601 2537 1728 2583 πέλας,

187 2584 253 2619 LN
289 2582 407 2626 σέλας.
460 2585 590 2631 μνῆμα
624 2584 759 2631 Γέλας,
799 2585 971 2631 quamvis
1003 2585 1165 2640 publica·
1188 2586 1359 2632 impensa
1391 2598 1414 2621 a
1453 2585 1578 2622 Gelois
1616 2587 1730 2622 fuerit

186 2632 397 2678 conditum,
429 2632 651 2669 insolentius
683 2633 844 2679 dictum,
877 2634 943 2670 sed
975 2633 1276 2670 testimoniorum
1302 2645 1502 2670 consensus
1536 2634 1729 2671 dissuadet

187 2680 410 2717 emendandi
442 2681 668 2727 periculum,
701 2681 807 2717 velut
837 2680 959 2729 πέδῳ
993 2683 1199 2728 φθίμενον.
1232 2702 1278 2708 -
1313 2682 1354 2717 V.
1381 2686 1413 2717 3.
1447 2683 1566 2727 εἴποι,
1591 2681 1727 2718 DLNA

187 2728 285 2774 εἴπη.
314 2749 357 2755 -
384 2728 428 2764 V.
455 2732 488 2764 4.
515 2728 580 2765 καὶ
615 2726 888 2777 βαθυχαιτήεις
919 2718 1054 2776 Μῆδος
1085 2726 1334 2776 ἐπιστάμενος
1366 2730 1445 2765 vita
1475 2729 1606 2765 Aesch.
1640 2730 1727 2775 (nisi

282 2859 314 2904 ²⁸)
341 2859 498 2897 Finsleri
525 2861 683 2897 comitas
702 2860 961 2908 suppeditavit
985 2872 1120 2898 novam
1142 2861 1384 2897 collationem
1404 2861 1668 2908 Anffiologiae,
1688 2862 1725 2897 in

185 2905 308 2942 titulis
341 2910 449 2944 notat
480 2910 513 2943 A
545 2909 764 2955 scriptorem
796 2909 877 2944 eod.
912 2909 1094 2953 Palatini,
1132 2907 1158 2944 C
1193 2920 1277 2944 eum
1311 2908 1374 2954 qui
1407 2909 1588 2944 lemmata
1620 2910 1723 2945 addi-

186 2953 255 2999 dit,
281 2954 382 2992 Corr.
408 2967 494 2992 eum
520 2957 583 3002 qui
611 2956 804 2992 Michaelis
831 2956 927 2992 libro
954 2970 1039 2992 usus
1066 2956 1294 3002 recognovit.

258 3021 388 3048 Poma
407 3022 554 3050 Lvn.11
1396 3021 1438 3052 16
