1890 3216
185 161 240 202 10
716 159 909 198 POETAE
934 159 1174 199 ELEGIACI.

312 272 520 325 μαντείας
549 286 596 314 τε
626 271 742 314 θεοῦ
771 270 844 313 καὶ
875 269 1061 315 τελεέντ’
1097 273 1216 315 ἔπεα·

253 338 406 398 ἄρχειν
438 339 519 396 μὲν
551 343 718 398 βουλῆς
748 341 1041 398 θεοτιμήτους
1071 343 1301 397 βασιλῆας,

313 406 403 455 οἷσι
435 412 554 468 με’λει
589 411 797 469 Σπάρτης
829 411 1066 470 ἱμερόεσσα
1098 411 1239 468 πόλις,

206 496 226 526 5
252 486 565 539 πρεσβυγενεῐς
595 501 641 527 τε
672 484 899 541 γέροντας·
932 486 1079 527 ἔπειτα
1112 482 1160 527 δὲ
1194 482 1387 540 δημότας
1417 482 1587 540 ἄνδρας

311 552 509 606 εὐθείαις
540 553 722 611 ῥήτραις
753 552 1222 611 ἀνταπαμειβομέυους

252 629 504 681 μυθεῖσθαί
530 643 576 670 τε
607 626 660 670 τὰ
691 624 803 670 καλὰ
835 626 909 670 καὶ
942 628 1090 684 ἔρδειν
1121 625 1266 670 πάντα
1300 627 1465 681 δίκαι-α,

312 698 413 754 μηδ’
450 696 755 753 ἐπιβουλεύειν
787 699 892 758 τῇδε
924 696 1050 741 πόλει
1083 696 1140 754 (τι
1173 695 1345 754 κακόν),
1640 710 1709 742 395

258 768 404 826 δήμου
436 768 486 813 δὲ
516 769 678 826 πλήθει
710 773 841 826 νίκην
873 769 946 812 καὶ
976 768 1139 826 κάρτος
1170 769 1373 812 ἕπεσθαι·

186 853 229 884 10
318 844 482 896 Φοῖβος
512 839 597 898 γὰρ
629 840 728 898 περὶ
760 842 851 885 τῶν
885 834 965 885 οἷδ’
1002 840 1198 897 ἀνέφηνε
1229 839 1366 885 πόλει.

185 972 223 1006 et
242 971 300 1017 Xy
302 971 442 1015 lauder,
468 971 555 1006 libri
581 970 617 1006 οἳ
641 969 731 1007 τάδε
758 972 880 1007 νικᾶν.
902 992 944 996 -
973 970 1017 1005 V.
1038 975 1069 1006 2
1097 984 1148 1014 τε,
1174 971 1241 1006 τοῦ
1268 971 1364 1007 FaL.
1386 991 1430 997 —-
1449 971 1492 1008 V.
1514 976 1546 1007 3.
1568 968 1710 1017 ἄρχειν,

185 1017 285 1064 ἔχειν
311 1019 373 1062 Fa,
400 999 466 1054 se⁷d
492 1030 583 1054 corr
609 1019 647 1054 in
672 1031 721 1054 111.
748 1041 792 1045 -
821 1019 955 1067 βουλῆς
979 1018 1076 1054 Plut
1105 1019 1182 1064 (Fa.
1209 1019 1349 1065 τιμῆς),
1369 1020 1495 1076 βουλῇ
1534 1019 1644 1055 Diod
1670 1040 1715 1046 -

185 1067 380 1114 βασιλῆας,
410 1066 448 1102 ia
481 1068 681 1124 βασιλεῑας.
714 1088 758 1092 -
790 1068 834 1102 V.
861 1071 893 1103 4.
904 1063 1099 1123 Σπάρτης
1130 1066 1259 1111 Diod.⁷
1290 1064 1471 1112 Σπάρτας
1501 1066 1600 1103 Ρ11113.
1627 1067 1713 1103 fort.

182 1116 293 1149 r.ecte
328 1135 371 1139 —
411 1112 625 1159 ἱμερόεσσα,
665 1114 772 1150 Diod
812 1111 1017 1171 ι’χερόεσσα.
1059 1135 1101 1140 --
1139 1114 1183 1151 V.
1217 1118 1248 1150 5.
1288 1116 1558 1161 πρεσβυγενεῖς
1594 1114 1715 1159 Diod,

183 1159 392 1209 πρεσβύτας
426 1162 541 1205 Ρ1111,,
572 1162 656 1198 fort
690 1159 984 1221 πρερβυγενέας,
1017 1162 1063 1196 cf.
1096 1162 1212 1198 etiam
1244 1162 1341 1197 Plut.
1368 1173 1416 1197 an
1447 1162 1529 1198 seni
1557 1162 1607 1198 sit
1637 1173 1737 1223 ger

116 1239 127 1246 .
182 1220 335 1254 respo.
364 1213 418 1245 10.
447 1230 490 1235 —-
517 1222 554 1244 τε
588 1207 769 1254 γέροντας
801 1210 917 1252 Ρ11113.,
944 1208 986 1245 δε
1012 1207 1089 1267 ’γε’ρ.
1116 1210 1223 1246 Diod.
1249 1230 1296 1236 —
1321 1210 1365 1246 V.
1393 1215 1425 1246 6.
1453 1206 1626 1250 εὐθείαις
1650 1206 1715 1256 ρή-

182 1269 298 1301 τραις,
323 1256 431 1293 Diod.
459 1253 617 1302 εὖθείην
645 1255 790 1303 ῥ’ήτρας.
819 1279 861 1283 -
889 1257 979 1293 Post
1004 1254 1408 1303 οἷνταπαμειβομένους
1431 1257 1715 1293 distinctionem

182 1304 327 1347 sustuli,
352 1315 440 1339 nam
466 1305 670 1340 arctissime
697 1306 897 1341 cohaerent
923 1316 967 1340 ea
992 1316 1088 1350 quae
1115 1306 1336 1363 sequuntur;
1363 1305 1538 1341 similiter
1564 1305 1714 1362 Sauppe

182 1352 250 1397 Ep
277 1332 327 1386 ad
351 1352 474 1388 Η61111.
502 1365 537 1397 p.
565 1357 622 1398 69,
649 1352 715 1398 qui
739 1355 948 1412 praeterea
964 1352 1124 1388 coniecit
1155 1349 1290 1399 εὐθείη
1317 1350 1435 1402 ῤ’ήτρᾳ
1466 1349 1579 1388 πάντ’
1614 1349 1715 1388 ἀπα-

183 1398 443 1447 μειβομένους,
474 1399 702 1436 Boissonade
734 1397 899 1458 εύθείην
926 1397 1090 1446 ῥήτραις.
1118 1421 1162 1426 -
1188 1401 1232 1436 V.
1261 1405 1291 1436 7.
1319 1389 1536 1460 μυθεῖσθαί
1556 1413 1595 1436 τε
1621 1400 1714 1436 Ι)111-

183 1447 282 1490 dorf,
321 1447 401 1483 cod.
439 1449 651 1492 μυθεῖσθαι
694 1447 748 1483 δέ.
787 1469 832 1474 -
878 1446 1019 1492 ἕρδειν,
1057 1448 1097 1483 111
1135 1448 1221 1483 edit.
1262 1452 1281 1482 2
1323 1447 1455 1494 scripsi
1496 1447 1631 1494 ερδειν.
1670 1469 1715 1474 -

125 1494 127 1497 ’
182 1494 225 1529 V.
255 1498 287 1530 8.
314 1505 390 1529 non
415 1495 474 1530 est
497 1495 643 1540 integer
669 1497 849 1540 servatus,
874 1506 961 1530 nam
989 1496 1068 1531 cod.
1096 1494 1191 1541 μηδέ
1217 1509 1251 1531 τι
1277 1493 1552 1553 ἐπιβουλεύειν,
1577 1495 1713 1531 rectius

183 1542 371 1588 supplevit
397 1544 434 1577 et
459 1542 674 1579 emendavit
691 1543 854 1579 Dindorf
876 1540 965 1589 μηδ’
996 1540 1258 1599 ἐπιβουλεύειν
1278 1543 1366 1590 τῇδε
1388 1541 1498 1579 πόλει
1521 1556 1556 1578 τι
1581 1541 1714 1588 κακόν,

183 1601 297 1634 quam
321 1590 424 1624 Bach
450 1588 544 1636 μηδέ
570 1604 605 1625 τι
633 1589 826 1638 βουλεύειν
851 1592 940 1638 τῇδε
972 1587 1081 1626 πόλει
1113 1589 1274 1627 σκολιόν.
1324 1591 1393 1626 Est
1424 1591 1524 1626 enim
1556 1590 1628 1626 hoc
1660 1602 1718 1627 so-

182 1638 304 1672 lemne
340 1648 504 1681 carmen,
542 1638 646 1673 velut
680 1639 779 1683 apud
812 1628 1078 1683 Athenienses,
1113 1638 1187 1674 vid.
1218 1638 1409 1694 Aristoph.
1444 1639 1606 1674 Thesmo
1608 1638 1714 1683 p.hor

182 1688 251 1719 335
286 1686 406 1725 εἴτις
438 1682 675 1741 ἐπιβουλεύει
709 1699 744 1720 τι
775 1687 825 1733 τῷ
852 1683 958 1731 δημῳ
991 1667 1122 1721 κακόν.
1150 1707 1194 1711 --
1220 1685 1264 1721 V.
1291 1690 1324 1722 9.
1353 1683 1427 1731 δήμ
1430 1699 1474 1721 ου
1508 1684 1550 1721 δὲ
1581 1685 1716 1730 Krebs,

182 1732 379 1777 legebatur
404 1730 524 1777 δήμου
550 1745 602 1768 τε.
631 1752 673 1757 —
700 1733 743 1768 V.
774 1722 827 1769 1ὁ.
855 1734 1002 1768 Hecker
1025 1732 1325 1778 interpunctione
1350 1734 1437 1778 post
1463 1729 1626 1768 ἕπέσθαι
1652 1732 1716 1768 de-

182 1780 260 1815 leta
291 1780 384 1815 coni.
435 1781 573 1833 Φοῖβος
604 1776 912 1826 ἀκειρεκόμης
944 1783 1019 1816 κτλ.
1052 1801 1097 1806 —-
1130 1779 1236 1815 Dixit
1267 1781 1313 1816 de
1347 1781 1418 1816 hoc
1450 1780 1505 1825 Ty
1508 1779 1603 1815 rtaei
1631 1780 1716 1816 loco

184 1826 274 1862 satis
300 1826 445 1862 difficili
472 1826 665 1887 Goettling
692 1827 826 1872 Opu=c
852 1829 869 1863 I
895 1831 963 1863 317
991 1839 1111 1872 seqq„
1137 1827 1203 1862 ubi
1228 1828 1423 1863 ostendere
1455 1793 1621 1862 instituit
1645 1827 1715 1863 La—

183 1874 507 1910 cedaemoniorum
533 1888 681 1919 ρητρας,
708 1886 804 1920 quae
830 1875 1015 1918 dicuntur,
1036 1875 1125 1910 011111
1151 1875 1317 1910 versibus
1336 1874 1495 1911 heroicis
1515 1874 1715 1910 adstrictas

183 1921 313 1957 fuisse:
341 1922 571 1967 Goettlingio
599 1922 817 1957 adversatus
850 1924 907 1958 est
938 1903 1084 1958 Urlichs
1111 1923 1206 1958 Mus.
1232 1922 1350 1958 Rhen.
1376 1923 1427 1958 VI
1455 1926 1521 1957 194
1547 1933 1624 1967 seq.
1650 1933 1715 1958 ne-

183 1981 254 2014 que
279 1971 407 2004 tamen
434 1969 692 2014 quaestionem
717 1969 918 2015 expedivit.
968 1970 1053 2005 Non
1079 1971 1137 2005 est
1161 1970 1272 2005 huius
1297 1970 1371 2006 loci
1395 1981 1473 2005 rem
1500 1970 1712 2005 accuratius

182 2018 425 2062 pertractare,
452 2017 577 2062 capita
600 2018 749 2052 tantum
774 2017 903 2062 paucis
914 2017 1189 2076 perstringam.
1240 2018 1362 2052 Nullis
1390 2016 1540 2053 omnino
1566 2017 1714 2063 legibus

182 2063 329 2109 scriptis
361 2064 645 2100 Lacedaemonii
678 2065 737 2099 usi
771 2061 1038 2125 8111113,ῤ“ῆτραι
1071 2076 1167 2110 quae
1199 2065 1381 2100 vocantur
1413 2065 1500 2099 sunt
1530 2064 1714 2101 dictiones

182 2111 399 2156 Delphicae,
426 2112 532 2148 velut
556 2111 790 2148 nobilissima
814 2112 882 2148 illa
907 2110 1041 2158 ρήτροι,
1069 2123 1165 2157 quae
1191 2112 1362 2165 Lycurgo
1388 2112 1598 2158 praecepit,
1624 2123 1715 2158 quo-

182 2160 292 2195 modo
318 2159 530 2204 respublica
550 2159 815 2205 Spartanorum
841 2160 1048 2195 ordinanda
1073 2161 1182 2205 esset,
1201 2158 1504 2204 antiquissimum
1530 2160 1714 2205 pedestris

183 2207 362 2242 sermonis
384 2206 516 2242 Graeci
534 2208 827 2252 monumentum,
848 2219 923 2243 non
938 2207 1173 2253 Spartanam,
1192 2207 1258 2243 sed
1270 2207 1494 2253 Delphicam
1513 2207 1716 2243 dialectum

182 2265 272 2300 prae
297 2266 336 2289 se
369 2254 451 2290 fert.
503 2254 551 2289 Et
587 2255 658 2290 hoc
696 2255 845 2299 quidem
876 2256 955 2290 tam
987 2255 1143 2300 planum
1175 2255 1231 2291 6813
1262 2265 1305 2290 ac
1335 2253 1716 2300 locupletissimorum

183 2301 339 2337 testium
373 2301 596 2338 auctoritate
628 2303 833 2345 firmatum,
869 2303 910 2337 ut
945 2301 1090 2337 mireris
1124 2302 1311 2337 neminem
1347 2301 1590 2347 perspexisse.
1642 2302 1716 2338 Sed

183 2349 359 2384 nimirum
384 2349 554 2385 homines
580 2350 710 2385 doctos
735 2349 834 2395 fugit
860 2349 999 2395 duplex
1029 2349 1144 2384 fuisse
1177 2361 1294 2394 genus
1326 2348 1533 2385 dictionum
1558 2347 1714 2394 Delphi—

183 2408 326 2431 carum:
363 2398 513 2442 praeter
534 2396 657 2442 ipsum
684 2398 876 2432 oraculum
901 2397 1068 2433 versibus
1093 2397 1251 2432 heroicis
1278 2398 1426 2442 aptum,
1453 2397 1554 2441 quod
1579 2396 1716 2442 Pythia

182 2445 304 2480 furore
330 2444 474 2489 percita
499 2444 652 2488 edebat,
680 2445 852 2490 quodque
876 2444 992 2490 ipsius
1025 2444 1086 2480 dei
1115 2455 1336 2490 responsum
1369 2454 1449 2480 esse
1483 2443 1714 2489 credebatur,

121 2503 126 2507 ·
182 2491 300 2537 legati
339 2492 559 2547 plerumque
595 2491 710 2527 etiam
747 2492 882 2527 litteris
923 2491 1135 2527 mandanda
1173 2492 1370 2537 curabant,
1408 2503 1503 2537 quae
1541 2493 1714 2528 sacerdos

183 2539 387 2584 Delphicus
413 2537 635 2600 (προφήτης)
661 2540 778 2585 ipsius
805 2539 947 2575 oraculi
972 2539 1198 2585 explanandi
1222 2539 1344 2585 gratia
1369 2538 1649 2584 suppeditabat·
1677 2542 1716 2575 et

182 2587 278 2622 haec
302 2586 453 2632 quidem
479 2588 638 2646 μαντεία
663 2587 829 2632 pedestri
855 2587 1022 2623 oratione
1048 2588 1128 2622 erat
1154 2587 1373 2633 perscripta,
1400 2586 1715 2631 quemadmodum

182 2634 251 2669 illa
276 2634 359 2679 ipsa
384 2633 547 2679 Lycurgi
573 2631 700 2680 ῥήτρα.
750 2635 959 2679 Utrumque
985 2645 1102 2680 genus
1133 2633 1419 2670 Lacedaemonii
1451 2633 1652 2680 diligenter
1676 2634 1715 2669 in

183 2681 334 2727 publico
360 2681 548 2718 tabulario
575 2682 792 2726 servabant,
818 2693 937 2726 neque
970 2683 1097 2718 tamen
1127 2682 1278 2725 mirum,
1311 2681 1342 2718 si
1372 2682 1506 2727 postea
1535 2681 1714 2726 pleraque

183 2729 429 2764 diuturnitate
454 2729 637 2774 temporis
664 2711 862 2775 absunipta
887 2729 1037 2765 fuerint.
1089 2728 1340 2775 Goettlingius
1373 2729 1499 2763 autem
1529 2728 1598 2764 hos
1624 2729 1679 2774 Ty
1682 2741 1715 2764 r-

182 2776 259 2812 taei
292 2788 419 2813 versus
455 2777 622 2822 argutius
657 2789 768 2823 quam
802 2777 925 2812 verius
957 2777 1005 2812 ad
1036 2778 1250 2822 Lycurgum
1280 2776 1417 2830 referre
1449 2775 1587 2812 voluit·
1620 2776 1715 2811 nihil

184 2824 282 2859 enim
309 2835 442 2860 causae
467 2826 534 2868 est,
561 2836 625 2860 cur
651 2824 854 2860 Plutarcho
883 2815 998 2860 Bdem
1024 2825 1265 2870 abrogemus,
1297 2823 1362 2869 qui
1391 2825 1545 2869 poetam
1571 2823 1616 2858 de
1641 2823 1714 2860 Po-

182 2871 314 2924 lydoro
341 2872 380 2906 et
404 2872 646 2925 Theopompo
672 2872 765 2908 haec
795 2872 968 2908 retulisse
993 2872 1172 2916 testatur;
1204 2852 1304 2908 ide⁷m
1334 2873 1462 2907 tamen
1493 2870 1714 2906 Plutarchus

183 2917 277 2954 mihi
301 2918 449 2954 videtur
476 2919 624 2955 omnino
649 2920 764 2956 falsus
789 2931 881 2966 esse,
908 2931 993 2956 cum
1018 2919 1112 2956 dicit
1135 2919 1203 2956 hos
1228 2930 1335 2966 reges
1360 2918 1564 2955 novissima
1582 2919 1717 2955 verba:
