1890 3216
870 769 1046 813 XXXV.
1663 778 1733 811 630

549 878 879 930 SIMMIAS
926 876 1368 928 THEBANUS.

938 1008 975 1051 1.

261 1094 340 1139 Τὸν
372 1096 414 1138 σὲ
445 1099 577 1151 χοροῖς
608 1094 812 1149 μέλψαντα
842 1092 1068 1148 Σοφοκλέα,
1099 1094 1226 1134 παῖδα
1257 1094 1476 1147 Σοφίλλου,

316 1160 385 1205 τὸν
414 1165 600 1216 τραγικῆς
631 1158 807 1215 Μούσης
838 1157 981 1214 ἀστέρα
1013 1157 1253 1215 Κεκρόπιον,

282 1303 493 1340 Simmias
528 1303 784 1339 Thebanus.
840 1307 868 1340 1,
910 1303 1022 1338 Anth.
1051 1302 1129 1338 Pal.
1157 1302 1227 1338 VII
1252 1307 1314 1338 21:
1349 1303 1381 1338 A
1414 1302 1468 1343 εἰς
1500 1300 1567 1338 τὸν
1600 1300 1732 1350 αυτὸν,

185 1365 278 1390 corr.
305 1349 522 1410 Σοφοκλέα,
549 1350 582 1386 Α
602 1352 780 1398 Σιμμίου,
808 1362 899 1387 corr.
929 1352 1113 1396 Θηβαίου.
1142 1350 1169 1386 C
1196 1350 1251 1392 εἰς
1275 1348 1342 1387 τὸν
1369 1347 1488 1387 αὐτὸν
1514 1332 1732 1407 Σοφοκλέα.

185 1402 255 1448 Ap.
275 1401 331 1437 Pl.
353 1402 411 1436 est
436 1396 660 1436 ἀδέσποτον.
714 1399 893 1435 Simmiae
914 1399 1093 1435 Thebano
1114 1398 1185 1435 hoc
1205 1400 1244 1435 et
1261 1399 1475 1445 proximum
1495 1400 1733 1446 epigramma

183 1449 361 1486 tribuitur
386 1448 426 1484 in
452 1447 684 1494 Anthologia
708 1447 901 1492 Palatina,
929 1447 994 1483 sed
1019 1448 1120 1483 hunc
1151 1447 1422 1494 philosophum
1448 1449 1552 1494 poesi
1579 1460 1733 1494 operam

185 1497 331 1534 dedisse
357 1496 509 1532 aliunde
535 1507 610 1531 non
636 1497 803 1541 constat,
837 1507 958 1541 neque
985 1495 1208 1540 verisimile,
1244 1495 1274 1530 si
1301 1495 1432 1541 attigit
1456 1496 1607 1542 poesin,
1636 1496 1732 1532 eius-

185 1545 288 1582 modi
309 1545 501 1591 scripsisse
522 1544 808 1590 epigrammata,
829 1555 924 1589 quae
946 1543 1233 1580 demonstrativi
1253 1544 1402 1590 generis
1421 1545 1597 1580 naturam
1617 1545 1732 1591 plane

185 1594 395 1636 ostentant3
416 1603 570 1639 prorsus
597 1593 724 1628 autem
749 1591 970 1628 incredibile
997 1594 1067 1636 est,
1088 1603 1173 1628 eum
1198 1592 1255 1628 bis
1281 1592 1321 1627 in
1348 1592 1481 1628 eodem
1507 1595 1731 1639 argumento

184 1653 265 1678 esse
292 1642 499 1685 versatum,
532 1640 633 1685 quod
658 1641 707 1676 ab
732 1639 835 1676 illius
869 1640 1011 1676 saeculi
1042 1640 1195 1686 ingenio
1229 1640 1342 1687 plane
1376 1641 1570 1677 abhorret·
1603 1641 1731 1687 itaque

184 1690 216 1726 si
241 1691 441 1734 utrumque
468 1688 700 1735 epigramma
725 1688 893 1724 eiusdem
920 1690 976 1724 est
1001 1689 1156 1735 poetae,
1182 1688 1406 1735 scriptorum
1432 1700 1507 1725 non
1533 1691 1619 1725 ante
1646 1689 1732 1725 Ale-

183 1737 450 1792 Χαηᾱτίῃομιῐη
472 1736 664 1773 saeculum
683 1736 819 1772 vixisse
840 1737 1132 1772 consentaneum
1154 1739 1221 1782 est,
1240 1749 1363 1783 neque
1390 1738 1455 1782 est,
1477 1738 1575 1784 quod
1602 1738 1703 1774 hoc
1693 1750 1733 1773 111

185 1785 463 1823 dubitationem
490 1796 685 1827 vocemus,
711 1796 799 1820 nam
825 1785 919 1820 haec
947 1785 1021 1820 duo
1049 1785 1216 1821 carmina
1248 1787 1290 1821 ut
1320 1786 1518 1822 venustate
1552 1786 1731 1832 aequipa-

185 1836 281 1880 rant,
307 1831 363 1870 ita
388 1833 541 1870 omnino
568 1833 762 1869 simillima
788 1834 885 1878 sunt,
912 1844 1033 1878 neque
1058 1834 1187 1869 tamen
1213 1834 1311 1869 alter
1331 1833 1492 1869 alterum
1519 1835 1732 1870 aemulatus

184 1893 277 1927 esse,
303 1882 370 1918 sed
395 1881 610 1928 ingeniosus
645 1882 757 1927 poeta
791 1881 892 1917 idem
925 1884 1189 1927 argumentum
1223 1881 1388 1918 variasse
1421 1882 1580 1920 videtur.
1635 1882 1731 1926 Qua-

183 1932 337 1977 propter
356 1931 555 1975 utrumque
582 1928 818 1975 epigramma
842 1929 968 1975 potius
989 1929 1164 1966 Simmiae
1184 1930 1331 1985 Rhodio
1350 1930 1552 1976 vindicavi,
1572 1931 1612 1966 id.
1632 1931 1732 1976 quod

185 1979 301 2015 etiam
326 1977 499 2014 Meineke
534 1979 573 2014 et
604 1977 778 2023 Hartung
810 1979 1023 2014 suaserunt:
1057 1989 1144 2014 nam
1176 1979 1275 2024 quod
1307 1978 1346 2014 in
1372 1979 1486 2014 Anth.
1513 1979 1591 2015 Pal.
1619 1981 1733 2024 poeta

186 2027 353 2074 Θηβαῖος
383 2027 560 2070 vocatur,
599 2025 783 2062 eiusmodi
813 2025 1096 2071 additamentis,
1135 2038 1231 2072 quae
1262 2026 1483 2073 plerumque
1519 2038 1542 2063 a
1566 2026 1732 2063 librariis

187 2041 358 2120 profecta
383 2075 490 2119 sunt,
516 2073 652 2122 exigua
676 2074 769 2110 fides
796 2075 854 2110 est
879 2074 1071 2119 habenda,
1098 2074 1137 2110 id
1163 2075 1261 2120 quod
1289 2087 1388 2111 nova
1413 2075 1569 2112 codicis
1580 2075 1734 2111 collatio

186 2134 299 2168 quam
338 2121 480 2158 Holder
516 2122 682 2158 instituit
718 2122 938 2168 planissime
977 2123 1183 2158 confirmat.
1236 2124 1314 2159 Nec
1353 2126 1482 2159 tamen
1526 2124 1646 2159 omnis
1685 2123 1731 2160 de

185 2172 337 2207 auctore
364 2170 571 2206 carminum
598 2170 786 2207 dubitatio
807 2172 993 2216 exempta,
1014 2172 1236 2217 praesertim
1255 2184 1371 2217 quum
1394 2172 1572 2208 Simmiae
1592 2171 1733 2208 Rhodii

183 2229 306 2264 pauca
332 2218 535 2254 admodum
564 2218 752 2264 supersint
777 2219 1064 2265 epigrammata.
1106 2218 1279 2255 Fortasse
1300 2220 1404 2256 aliud
1424 2231 1561 2256 nomen
1581 2221 1730 2265 poetae,

187 2267 294 2303 velut
316 2263 554 2311 Ἀντιπατρου
582 2267 847 2302 ΣΙΔΩΝΙΟΤ
870 2266 1071 2310 delitescit,
1097 2279 1184 2303 nam
1211 2270 1410 2314 poetarum
1436 2266 1608 2304 indices
1597 2281 1637 2304 m
1656 2268 1729 2303 An-

183 2314 354 2360 thologia
392 2313 623 2360 glavissimis
667 2314 855 2351 erroribus
895 2315 998 2351 fuere
1038 2315 1210 2351 obnoxia.
1268 2316 1384 2352 Extat
1425 2316 1465 2352 in
1504 2316 1618 2352 A.nth
1651 2315 1731 2352 Pal.

184 2362 326 2398 ibidem
353 2361 438 2408 (VII
463 2362 524 2408 20)
551 2362 655 2398 aliud
681 2363 914 2409 epigramma
939 2363 979 2398 in
1005 2363 1229 2410 Sophoclem
1256 2366 1458 2410 mortuum,
1485 2364 1586 2411 quod
1612 2364 1729 2400 Simo-

185 2411 270 2447 nidi
294 2410 388 2446 falso
421 2410 617 2455 tribuitur,
649 2410 807 2446 fortasse
838 2411 911 2446 hoc
942 2423 1090 2457 quoque
1126 2411 1293 2449 eiusdem
1327 2394 1504 2449 Simmiae
1537 2412 1623 2457 fuit,
1657 2413 1730 2449 nisi

129 2484 133 2488 .
183 2458 371 2494 Leonidae
398 2458 563 2494 tribuere
590 2457 712 2503 malis,
736 2458 812 2495 vid.
841 2459 1020 2496 Simonid.
1050 2460 1093 2496 fr.
1124 2463 1203 2496 180.
1254 2460 1415 2507 Reliqua
1442 2461 1729 2507 epigrammata,

184 2518 281 2552 quae
307 2507 346 2542 in
373 2505 605 2552 Anthologia
632 2506 810 2542 Simmiae
843 2507 992 2543 nomine
1026 2508 1087 2543 vel
1120 2508 1343 2554 simpliciter
1373 2509 1435 2545 vel
1466 2510 1728 2555 γραμματικοῦ

185 2554 370 2591 vocabulo
397 2554 526 2591 addito
554 2555 741 2600 leguntur,
762 2553 853 2591 item
873 2555 1010 2591 Rhodii
1029 2557 1164 2610 poetae
1185 2556 1361 2593 videntur
1381 2569 1474 2602 esse,
1500 2568 1727 2602 quamquam

183 2602 305 2638 fatcor
330 2602 566 2648 aliquantum
600 2601 799 2638 abhorrere
826 2615 848 2639 a
873 2603 1043 2649 reliquiis
1076 2604 1267 2650 epicorum
1298 2606 1337 2641 et
1367 2605 1566 2651 lyricorum
1599 2605 1729 2640 carmi-

183 2662 293 2694 num,
327 2661 422 2695 quae
456 2650 630 2686 Simmias
663 2650 891 2696 composuit:
923 2663 1011 2687 nam
1041 2651 1137 2688 haec
1175 2652 1451 2699 epigrammata
1483 2652 1728 2699 simplicitate

186 2699 507 2744 commendantur,
535 2699 572 2735 et
598 2710 621 2734 3,
646 2699 838 2734 doctrinae
866 2699 1120 2735 ostentatione
1147 2700 1272 2736 aliena
1297 2702 1399 2737 sunt:
1426 2702 1467 2736 at
1486 2700 1729 2736 Alexandrini

183 2746 350 2792 poetae
340 2759 378 2781 m
398 2746 610 2792 disparibus
631 2746 840 2782 carminum
859 2746 1059 2793 generibus
1086 2749 1264 2784 versatile
1291 2749 1483 2794 ingenium
1509 2760 1726 2794 expromere

186 2794 318 2830 solent.
371 2793 493 2829 Unum
519 2796 647 2830 tamen
680 2795 914 2840 epigramma
939 2795 1087 2831 Rhodio
1121 2797 1257 2842 poetae
1290 2796 1548 2842 abrogandum
1581 2808 1728 2842 censeo,

184 2842 286 2886 quod
313 2842 451 2888 legitur
478 2842 629 2879 Anthol.
651 2843 730 2877 Pal
752 2842 821 2877 VII
847 2846 892 2878 60
919 2842 973 2883 εις
999 2841 1207 2888 Πλάτωνα,
1234 2857 1282 2879 111.
1310 2855 1381 2880 sec
1408 2843 1475 2880 τὸν
1502 2826 1728 2890 φιλόσοφον,

146 2911 148 2913 -
186 2891 349 2935 σιμμίου.
378 2890 443 2926 sed
469 2887 536 2926 τὸν
562 2893 695 2935 φιλοσο
723 2891 759 2925 in
787 2901 926 2935 iasuia,
952 2891 1025 2926 fuit
1050 2903 1072 2927 a
1098 2904 1144 2926 m.
1167 2904 1214 2937 pr.
1242 2893 1310 2928 τοῦ
1337 2888 1456 2928 αὐτοῦ
1484 2893 1730 2938 (praecedunt

186 2937 322 2973 Iuliani
349 2938 649 2984 epigrammata),
677 2939 775 2983 quod
802 2938 917 2974 etiam
944 2939 1053 2985 Diog.
1081 2940 1204 2975 Laert.
1232 2940 1283 2975 lll
1309 2943 1354 2975 43
1387 2941 1465 2976 sine
1498 2943 1633 2987 poetae
1666 2953 1728 2977 no-

185 2985 284 3021 mine
312 2985 430 3031 alfei-,t
457 2985 522 3032 qui
548 2986 639 3023 dicit
663 2987 832 3023 Platonis
859 2986 1030 3034 sepulcro
1056 2987 1280 3034 inscriptum
1307 2988 1438 3025 fuisse:
