1890 3216
738 186 770 207 ⁴
807 188 1069 225 THEOGNIS.
1623 186 1710 230 235

165 319 234 352 τις
258 300 464 351 ἐκλέξειε
491 305 581 343 τῶν
606 298 909 356 προεχόντων
935 303 1146 353 ποιητῶν
1171 297 1240 349 τὰς
1265 298 1566 353 καλουμένας
1591 296 1709 354 γνώ-

99 364 103 365 ⁷
167 383 274 421 μας,
306 363 371 419 ἐφ’
401 362 464 416 αἷς
494 366 638 408 ε’κεῖνοι
669 362 820 420 μάλιστ’
850 363 1124 419 ἐσπούδασαν,
1155 364 1301 420 ὁμοίως
1326 362 1379 407 ἂν
1404 365 1470 408 κάὶ
1494 362 1593 418 πρὸς
1618 362 1710 406 ταύ-

165 448 234 483 τας
275 433 505 474 διατεθεῖεν.
566 429 684 485 ἥδιον
724 429 798 487 γὰρ
836 428 888 472 ἂν
925 434 1134 488 κωμῳδίας
1174 436 1243 486 τῆς
1285 429 1534 486 φαυλοτάτης
1570 427 1596 485 ἢ
1634 434 1712 472 τῶν

167 495 270 541 οὕτω
300 501 485 552 τεχνικῶς
515 497 798 551 πεποιημένων
829 495 1052 540 ἀκούσαιεν.
1116 501 1293 541 nondum
1324 501 1419 540 talis
1452 500 1612 552 sylloge
1645 512 1709 538 ex·

168 565 296 606 tabat.
353 564 432 605 Sed
462 565 564 604 nihil
595 565 799 616 prohibet,
832 566 1044 615 quominus
1077 567 1352 607 existimemus
1383 580 1463 606 non
1494 566 1554 606 ita
1584 566 1712 605 multo

166 633 260 683 post
289 631 363 672 has
401 632 560 682 eclogas
600 644 646 670 ex
683 630 814 681 poetis
853 631 1041 682 elegiacis
1081 634 1207 672 factas
1246 645 1346 672 esse.
1409 633 1538 671 Erant
1577 633 1783 674 autem567

167 698 238 739 illo
270 698 358 749 ipso
396 700 578 748 tempore
616 697 684 748 qui
721 709 801 736 non
833 697 879 734 ut
916 698 1050 746 priore
1088 700 1222 738 aetate
1259 698 1381 737 moris
1424 699 1558 737 fuerat
1596 697 1714 736 unius

170 764 339 820 alicuius
371 764 514 814 poetae
546 763 726 803 carmina
756 763 920 812 praeter
951 766 1086 803 cetera
1117 764 1253 814 pueris
1280 764 1493 804 ediscenda
1518 776 1714 804 commen-

168 830 329 880 darent,
368 828 439 869 sed
476 829 612 880 potius
651 829 800 868 selecta
832 841 880 867 ex
910 830 1157 880 principibus
1189 830 1320 880 poetis
1352 829 1487 880 capita
1517 842 1713 879 propone-

169 896 277 934 rent:
309 894 388 934 vid.
409 894 527 934 Plato
553 894 602 934 de
628 894 726 945 Leg.
749 893 827 932 VII
849 895 936 934 810
950 896 1002 934 E:
1036 892 1134 948 λέγω
1167 891 1247 947 μὴν
1279 891 1338 935 ’ὅτι
1368 894 1530 946 ποιηταί
1554 909 1592 934 τε
1618 890 1715 946 ἡμῖν

135 974 141 982 ‘
168 960 246 1001 εἰσί
277 974 380 1009 τινες
417 958 526 1000 ἐπῶν
563 957 783 1012 ἑξαμέτρων
820 955 1064 1012 πάμπολλοι,
1101 958 1167 1000 καὶ
1204 958 1415 1013 τριμέτρων
1451 958 1516 1000 καὶ
1554 956 1716 1000 πάντων

169 1021 218 1078 δὴ
251 1027 331 1066 τῶν
362 1023 584 1079 λεγομένων
616 1023 787 1078 μέτρων,
819 1026 861 1066 οἱ
889 1022 961 1078 μὲν
993 1023 1056 1065 ἐπὶ
1088 1022 1290 1077 σπουδήν,
1334 1026 1375 1066 οἵ
1403 1021 1440 1065 δ’
1475 1023 1538 1065 ἐπὶ
1570 1023 1716 1078 γέλωτα

169 1087 402 1145 ὡρμηκότες.
465 1091 508 1132 ἐν
540 1087 600 1140 οἷς
631 1103 730 1142 φασι
762 1091 847 1131 δεῖν
879 1091 922 1132 οἱ
948 1087 1135 1140 πολλάκις
1175 1088 1309 1145 μύριοι
1339 1087 1431 1140 τοὺς
1463 1087 1598 1144 ὀρθῶς
1628 1106 1715 1131 παι-

169 1155 410 1210 δευομένους
439 1160 518 1199 τῶν
550 1155 652 1198 νέων
682 1155 840 1210 τρέφειν
877 1155 943 1197 καὶ
976 1158 1174 1210 διακορεῖς
1210 1161 1357 1208 ποιεῖν,
1396 1154 1648 1209 πολυηκόους
1679 1153 1711 1196 τ’

168 1224 212 1265 ἐν
242 1227 327 1272 ταῖς
357 1220 605 1278 ἀναγνώσεσι
642 1225 857 1272 ποιοῦντας
894 1222 960 1263 καὶ
990 1226 1257 1275 πολυμαθεῖς,
1299 1219 1416 1270 ’ὅλους
1454 1218 1620 1275 ποιητὰς
1653 1221 1714 1262 ε’κ-

169 1287 468 1344 μανθάνοντας·
489 1286 600 1330 οἶδὲ
628 1287 676 1330 ἐκ
701 1285 892 1330 πάντων
918 1286 1160 1342 κεφάλαια
1186 1287 1462 1338 ἐκλέξαντες
1483 1289 1566 1329 καί
1583 1304 1716 1337 τινας

169 1355 281 1407 ’ὅλας
324 1353 485 1411 ῥήσεις
531 1356 604 1404 εἰς
646 1351 786 1395 ταύτὸ
831 1351 1182 1410 ξυναγαγόντες
1225 1351 1556 1408 ἐκμανθάνειν
1599 1353 1716 1406 φασὶ

170 1424 274 1464 δεῖν
306 1423 361 1471 εἰς
393 1418 554 1475 μνήμην
584 1420 836 1473 τιθεμένους,
868 1421 904 1461 εἰ
933 1420 1058 1474 μέλλει
1090 1438 1146 1471 τις
1177 1417 1333 1475 ἀγαθὸς
1364 1417 1460 1473 ἡμῖν
1491 1419 1556 1460 καὶ
1588 1417 1714 1472 σοφὸς

169 1488 213 1530 ἐκ
251 1489 507 1541 πολυπειρίας
548 1487 614 1528 καὶ
652 1487 907 1539 πολυμαθίας
943 1486 1141 1541 γενέσθαι.
1204 1488 1307 1527 Hinc
1343 1488 1562 1538 repetenda
1602 1488 1716 1539 origo

170 1555 315 1593 harum
341 1555 590 1605 eclogarum,
622 1566 725 1604 quae
756 1566 837 1593 non
869 1555 999 1594 solum
1024 1555 1076 1594 ad
1103 1554 1407 1594 conformandos
1441 1555 1715 1605 regendosque

172 1621 394 1662 iuventutis
427 1633 559 1660 mores
591 1620 810 1670 plurimum
842 1620 1117 1670 conferebant,
1162 1620 1232 1660 sed
1264 1621 1387 1659 etiam
1418 1620 1460 1658 in
1497 1620 1583 1659 vita
1614 1633 1716 1660 com-

171 1687 283 1726 muni
313 1686 471 1727 varium
501 1685 752 1736 praebebant
790 1686 924 1735 usum,
967 1687 1081 1726 velut
1112 1687 1154 1725 in
1185 1686 1397 1736 conviviis,
1437 1686 1471 1725 si
1503 1687 1661 1737 quando
1694 1700 1718 1726 a

172 1752 344 1804 singulis
375 1751 560 1802 deinceps
592 1752 841 1792 canebantur
873 1749 1040 1806 scolia¹)
1079 1754 1143 1793 vel
1181 1752 1406 1792 sententiae
1440 1752 1523 1792 sive
1556 1753 1718 1792 decreta

170 1819 382 1870 poetarum
420 1813 621 1870 (γνῶμαι,
653 1813 874 1872 κεφάλαια)
907 1812 1243 1871 recitabantur2),
1288 1817 1493 1856 commode
1530 1819 1718 1868 poterant

172 1885 233 1924 uti
264 1885 340 1924 hac
372 1883 559 1934 sylloge,
585 1897 687 1934 quae
718 1884 895 1934 amplam
934 1884 1033 1924 satis
1065 1883 1277 1924 materiam
1310 1884 1485 1934 apteque
1517 1885 1564 1922 ut
1593 1883 1718 1934 pluri-

172 1963 281 1989 mum
310 1949 511 2001 digestam
521 1943 554 2002 3)
585 1950 888 2000 suppeditabat:
922 1963 1094 2001 namque
1125 1950 1167 1989 id
1199 1950 1284 2000 egit
1311 1950 1541 2000 eclogarum
1566 1951 1717 1999 auctor,

174 2018 220 2056 ut
249 2016 507 2066 potissimum
539 2016 762 2055 sententias
795 2016 975 2056 eiusdem
1006 2016 1236 2067 argumenti
1269 2017 1540 2066 componeret,
1574 2016 1718 2066 quibus

173 2083 323 2133 passim
361 2081 540 2132 disparia
576 2082 641 2122 vel
673 2083 876 2122 contraria
913 2083 1077 2122 decreta
1116 2081 1323 2122 subiunxit
1333 2075 1380 2134 4).
1444 2079 1550 2120 Usus
1583 2083 1717 2120 autem

272 2215 305 2259 1)
332 2212 512 2259 Elegiaca
534 2213 701 2250 carmina
719 2225 804 2250 cum
824 2215 900 2251 iam
920 2226 943 2250 a
962 2214 1149 2261 principio
1169 2211 1457 2250 convivantibus
1476 2212 1537 2247 vel
1556 2211 1717 2248 maxime

173 2263 284 2308 grata
315 2263 356 2297 et
387 2263 541 2307 accepta
572 2261 727 2308 fuerint,
760 2262 875 2298 etiam
907 2264 1041 2308 postea
1070 2262 1110 2298 in
1142 2260 1357 2302 scoliormn,
1393 2259 1458 2305 qui
1490 2260 1603 2306 vulgo
1635 2260 1719 2296 cani

177 2309 367 2354 solebant,
394 2321 589 2345 numerum
615 2309 779 2346 disticha
803 2311 955 2356 recepta
983 2311 1087 2354 sunt,
1115 2309 1190 2345 vid.
1217 2308 1306 2345 scol.
1327 2311 1383 2343 27.

272 2371 308 2414 2)
342 2368 542 2405 Clearchus
574 2380 633 2415 ap.
660 2368 796 2406 Athen.
822 2370 857 2405 X
882 2374 950 2406 457
966 2369 995 2404 Ε
1023 2369 1168 2406 ludicra
1201 2366 1480 2403 convivantium
1506 2369 1719 2409 ,certamina

176 2428 387 2454 recensens:
425 2413 519 2453 ἄλλα
553 2418 694 2463 μᾶλλον
724 2415 793 2459 τὰς
825 2415 1002 2458 τοιαύτας
1033 2418 1083 2466 τῷ
1110 2413 1244 2463 πρώτῳ
1271 2413 1362 2456 ἔπος
1387 2410 1441 2459 (ἢ)
1469 2414 1643 2474 ἰαμβεῖον
1670 2416 1719 2452 εἰ·

118 2472 122 2477 ”
176 2463 287 2502 πόντι
312 2462 354 2501 τὸ
383 2461 567 2511 ἐχόμενον
595 2463 754 2501 ἕκαστον
781 2464 921 2511 λέγειν,
949 2465 1013 2501 καὶ
1038 2466 1089 2501 τῶ
1114 2462 1327 2510 κεφάλαιον
1353 2461 1499 2498 εἰπόντι
1524 2469 1719 2499 αντειπεῑν

978 2502 1074 2523 ’x‘

176 2509 308 2559 ἒτέρου
340 2513 500 2559 ποιητοῦ
533 2525 651 2556 τινος,
688 2508 740 2559 (ὃ)
767 2512 821 2554 εἰς
846 2511 914 2558 τὴν
941 2526 1062 2558 αυτην
1089 2511 1172 2548 εἶπε
1198 2509 1362 2557 γνώμην.
1414 2511 1520 2546 Adde
1546 2512 1619 2547 huc
1643 2512 1718 2557 gri-

175 2561 290 2607 phos,
316 2571 473 2606 quorum
499 2561 712 2607 exemplum
738 2572 783 2597 ex
809 2560 1029 2607 Theognide
1056 2558 1256 2606 adscripsit
1280 2557 1414 2594 Athen.
1443 2558 1477 2592 X
1503 2562 1572 2594 457
1586 2559 1628 2595 A.

272 2621 308 2666 3)
343 2618 435 2655 Cum
459 2620 555 2656 haec
581 2621 725 2667 sylloge
750 2622 884 2666 postea
908 2620 1032 2656 varias
1059 2619 1217 2655 subierit
1240 2616 1535 2662 vicissitudines,
1567 2629 1719 2655 consen-

177 2670 329 2704 taneum
356 2669 414 2704 est
438 2666 568 2704 multis
594 2668 686 2704 locis
712 2668 897 2713 ordinem,
930 2668 994 2714 qui
1021 2679 1044 2703 a
1068 2666 1254 2713 principio
1288 2665 1379 2710 fuit,
1411 2665 1602 2701 turbatum
1629 2678 1718 2704 esse.

271 2728 309 2773 4)
349 2726 567 2774 Senserum,
608 2739 682 2764 non
729 2727 926 2763 verborum
965 2727 1207 2773 respexerunt
1244 2724 1377 2761 Graeci
1415 2723 1719 2770 similitudinem3

176 2774 342 2821 graviter
367 2777 493 2811 errant
518 2775 636 2812 nostri
667 2775 855 2819 homines,
892 2775 997 2810 velut
1025 2774 1198 2810 Welcker
1223 2772 1320 2808 Prol.
1347 2771 1513 2818 Theogn.
1542 2773 1622 2808 CVI
1642 2786 1717 2820 seq.

177 2824 217 2858 et
241 2821 356 2859 Lehrs
383 2821 533 2865 Quaest.
556 2824 624 2870 Ep.
652 2836 686 2870 p.
714 2827 803 2866 2133
837 2833 956 2868 nuper
988 2821 1182 2858 exornavit
1207 2832 1344 2856 vanum
1370 2819 1442 2855 hoc
1468 2823 1718 2858 commentum

178 2869 375 2918 Nietcsche
401 2870 447 2906 de
474 2871 692 2918 Theognide
724 2870 920 2916 disputans
951 2869 989 2905 in
1016 2869 1108 2905 Mus.
1136 2869 1206 2904 Rh.
1235 2867 1338 2903 XXII
1371 2871 1434 2920 ,¹⁶¹
1452 2879 1527 2913 seq.
1554 2867 1719 2906 minatus

177 2918 249 2953 hoc
281 2918 394 2954 modo
425 2918 624 2964 pristinum
657 2918 824 2954 ordinem
859 2917 1186 2963 Theognideorum
1219 2927 1257 2952 se
1290 2914 1518 2958 resntuisse,
1552 2917 1611 2952 cui
1643 2929 1718 2954 non

181 2965 344 3001 debebat
368 2975 476 3002 aures
507 2966 685 3012 praebere
712 2966 780 3002 Th.
807 2965 994 3001 Fritzsche
1021 2964 1156 3001 Philol.
1185 2963 1306 3000 XXIX
1332 2966 1400 2999 526
1416 2962 1453 2999 ff.
1481 2964 1577 3008 (Das
1602 2964 1718 3002 Stich-
