1890 3216
162 128 251 170 432
750 130 1103 166 IAMBOGRAPHI.

883 239 978 282 168.

284 323 419 374 Oyrill.
453 323 582 363 Cram.
615 324 690 364 An.
722 324 813 363 Par.
833 324 891 362 IV
915 327 1011 377 183,
1034 328 1106 365 21:
1136 327 1423 382 Θριαθρίκη·
1452 321 1689 381 Ἀρχίλοχος·

162 386 229 427 καὶ
253 381 318 428 ,ὅτι
349 382 428 427 ἀπὸ
464 388 596 440 Θριῶν
626 391 704 429 τῶν
735 385 833 437 Διὸς
856 388 1089 443 θυγατέρων
1115 388 1465 444 διωνομάσθησαν,
1497 389 1550 441 ὦς
1575 395 1690 447 Φερε-

161 449 288 505 κύδης
319 453 478 506 ἱστορεῖ·
511 452 595 493 ἐπεὶ
624 454 726 506 τρίαι
757 454 873 505 εἰσίν,
906 451 1004 495 οἷον
1024 454 1174 508 τρισσαὶ
1203 453 1301 496 κατὰ
1331 453 1410 497 τὸν»
1430 451 1618 510 ἀριθμόν.
1650 461 1692 499 01:

162 519 214 558 ib.
257 519 510 571 Θριαθρικκί·
550 520 750 559 Μαντείαι
790 518 856 559 καὶ
892 522 1045 572 ψῆφοι·
1089 517 1176 561 οἷον
1212 521 1361 575 τρισσαὶ
1398 518 1466 562 τὸν
1502 517 1690 576 ἆρνθμόν.

162 584 255 622 Non
292 584 468 634 expedio.
515 583 675 624 Conieoi
706 585 920 636 aliquando
955 584 1097 638 Θριαὶ
1126 588 1354 640 θρησκαί,
1393 590 1434 627 et
1463 588 1538 628 hoc
1573 590 1692 630 modo

161 649 455 688 restituendum
486 650 621 689 censui
652 663 814 690 versum
851 648 1040 702 animymi
1075 654 1217 702 poetae
1255 666 1317 703 ap.
1350 652 1479 693 cram.
1510 653 1586 694 An.
1619 653 1691 694 Ox.

159 714 219 752 IV
240 716 337 765 337,
359 717 432 753 26:

450 778 566 832 Θριαὶ
595 778 769 833 θρησκαὶ
799 777 927 834 γρηῢν
957 779 1200 822 ἐπιπνείουσι
1230 779 1424 836 κορώνην.

165 845 244 885 vid.
275 845 342 885 Fr.
375 846 509 896 adesp.
544 847 582 885 3.

795 951 1061 1004 169.[108]

281 1037 425 1076 Pollux
456 1037 492 1075 X
529 1038 629 1076 135:
662 1034 743 1075 Καὶ
773 1031 863 1084 ἶπος
893 1032 935 1076 τὸ
967 1034 1101 1084 πιέζον
1136 1030 1206 1085 τοὶς
1242 1035 1411 1089 ἐσθῆτας
1442 1037 1486 1078 ἐν
1515 1041 1568 1096 τῷ
1597 1055 1693 1094 γνα-

163 1101 280 1156 φείῳ,
314 1097 367 1149 ὦς
388 1095 609 1154 Ἀρχίλοχος
639 1099 801 1140 κέαται
833 1095 871 1140 δ’
907 1100 958 1141 ἐν
988 1102 1089 1156 ἴπῳ.
1138 1103 1290 1142 Eadem
1309 1103 1389 1142 VII
1409 1105 1478 1143 41.

866 1191 1007 1260 170.>

281 1303 410 1344 Cram.
443 1304 519 1343 An.
553 1303 623 1342 Ox.
656 1303 675 1341 I
710 1305 807 1354 249,
841 1305 914 1343 27:
959 1299 1078 1357 Παρὰ
1116 1300 1158 1343 τὸ
1197 1303 1339 1353 ἐκεῖθι,
1376 1308 1484 1345 κεῖθι
1519 1304 1586 1345 καὶ
1622 1310 1700 1346 κεῖ

162 1365 269 1422 παρὰ
298 1363 520 1425 Ἀρχιλόχῳ.

795 1474 1061 1532 17l·[120]

280 1560 469 1600 Eustath.
501 1560 548 1598 Il.
579 1574 618 1610 p.
639 1561 737 1611 851,
759 1561 835 1599 33:
867 1558 948 1599 Καὶ
979 1558 1106 1600 ἔοικεν
1137 1555 1158 1599 ὅ
1190 1557 1440 1612 σκορπιῶδης
1470 1557 1543 1613 τὴν
1573 1563 1694 1615 γλῶσ-

161 1637 236 1665 σαν
258 1619 478 1679 Ἀρχίλοχος
502 1620 691 1664 ἁπαλόν
716 1623 856 1677 κέρας
881 1620 922 1664 τὸ
949 1624 1104 1665 αἰδοῖον
1130 1621 1272 1676 εἰπών,
1297 1624 1482 1666 ἐντεῦθεν
1500 1622 1573 1679 τὴν
1591 1625 1694 1675 λέξιν

160 1691 414 1744 πορίσασθαι.

878 1795 975 1836 172.

279 1883 426 1922 Pollux
443 1882 501 1921 IV
523 1885 595 1923 71:
621 1877 666 1930 ‘O
697 1878 740 1921 δὲ
769 1883 850 1928 τοῖς
876 1874 1013 1928 αὐλοῖς
1033 1876 1231 1933 χρώμενος
1251 1874 1422 1934 αὐλητὴς
1440 1879 1508 1921 καὶ
1525 1896 1694 1934 κεραυ-

159 1944 246 2000 λής
276 1944 375 1988 κατὰ
405 1943 476 1988 τὸν
501 1941 737 2000 Ἀρχίλοχον.
1519 1967 1521 1969 -

733 2105 737 2108 ,
800 2032 1065 2115 1i3.[150]

279 2151 423 2191 Pollux
442 2151 462 2190 I
483 2152 586 2190 232:
619 2151 771 2202 Χρῆται
798 2146 841 2188 δὲ
865 2146 931 2188 καὶ
953 2141 1174 2200 Ἀρχίλοχος
1198 2150 1250 2204 τῷ
1275 2150 1353 2188 τῶν
1378 2145 1695 2201 κοκκυμήλων

160 2211 336 2268 ὀνόματι.
385 2217 487 2255 adde
519 2216 665 2255 Athen.
698 2215 739 2253 II
770 2212 826 2254 49
849 2214 898 2263 Ε,
932 2227 1050 2264 quem
1081 2214 1213 2253 locum
1243 2214 1397 2254 correxi
1435 2214 1486 2253 ad.
1522 2214 1694 2265 Hippon.

158 2283 207 2322 fr.
241 2284 310 2322 81.

801 2358 1073 2424 174.[151]

280 2461 415 2511 Etym.
434 2440 487 2498 M.
507 2473 545 2510 p.
566 2460 760 2509 529,12:
793 2453 989 2497 Κοποὶεν
1020 2456 1156 2507 ξίφος
1187 2452 1294 2508 παρὰ
1316 2450 1580 2512 Ἀρχιλόχῳ·
1611 2450 1692 2497 ἆπὸ

161 2528 230 2566 τοῦ
261 2521 470 2579 κοπάγειν·
503 2519 616 2576 ζήτει.
648 2525 717 2563 ubi
736 2524 772 2562 V
804 2519 980 2563 Κοπόεν·
1012 2517 1135 2569 κόπος
1159 2517 1316 2592 κοπόεις
1341 2518 1499 2584 κοπόεν,
1531 2517 1583 2570 ὡς
1608 2518 1693 2562 στό-

161 2641 230 2674 νος
267 2621 441 2673 στονόεις
477 2621 657 2675 στονόεν,
695 2626 736 2663 Μ
767 2620 906 2665 Komba
944 2624 1058 2674 ξίφος
1095 2595 1125 2661 ⁷³}
1160 2596 1286 2674 ἆρχῖιι.
1344 2622 1467 2662 Serib.
1505 2615 1584 2661 ἀπὸ
1621 2624 1692 2662 τοῦ

160 2687 364 2731 κόπτειν
396 2687 497 2742 ζήτει
529 2690 595 2738 εἰς
624 2686 671 2730 τὸ
702 2685 834 2741 κώπη
867 2684 925 2743 (p.
946 2690 1044 2738 551,
1065 2682 1152 2741 36).
1194 2687 1335 2727 Brevis
1361 2687 1519 2738 syllaba
1548 2702 1595 2727 κο
1626 2687 1691 2726 fir-

161 2758 295 2795 matur
325 2756 462 2795 latinis
487 2756 693 2796 vocabulis
724 2756 887 2804 capulus
918 2756 959 2793 et
984 2755 1106 2803 capio,
1136 2752 1366 2792 terminatio
1391 2766 1474 2799 αεις
1498 2753 1559 2803 iis,
1591 2765 1693 2802 quae

161 2821 308 2860 Herod.
346 2835 386 2860 π.
424 2837 462 2872 μ.
493 2823 525 2860 λ.
562 2835 599 2870 p.
636 2822 690 2860 10
721 2820 848 2859 affert.
905 2819 1087 2859 Meineke
1126 2818 1220 2858 coni.
1263 2813 1370 2869 παρὰ
1404 2810 1591 2869 Ἀλκμᾶνι
1628 2818 1694 2857 vel
1707 2830 1775 2864 728

158 2881 268 2937 παρὰ
295 2881 474 2941 Ἀλκαίῳ,
505 2886 705 2936 posterius
736 2898 875 2925 verum
906 2885 1076 2926 videtur.
