<?xml version="1.0" encoding="UTF-8"?>
<!DOCTYPE html PUBLIC "-//W3C//DTD XHTML 1.0 Transitional//EN"
    "http://www.w3.org/TR/xhtml1/DTD/xhtml1-transitional.dtd">
<html xmlns="http://www.w3.org/1999/xhtml" xml:lang="en" lang="en">
 <head>
  <title>
</title>
<meta http-equiv="Content-Type" content="text/html;charset=utf-8" />
  <meta name='ocr-system' content='tesseract 3.04.00' />
  <meta name='ocr-capabilities' content='ocr_page ocr_carea ocr_par ocr_line ocrx_word'/>
</head>
<body>
  <div class='ocr_page' id='page_1' title='image "./poetaelyricigrae02berguoft_0132.png"; bbox 0 0 1890 3216; ppageno 0'>
   <div class='ocr_carea' id='block_1_1' title="bbox 208 179 1202 235">
    <p class='ocr_par' dir='ltr' id='par_1_1' title="bbox 208 179 1202 235">
     <span class='ocr_line' id='line_1_1' title="bbox 208 179 1202 235; baseline 0.002 -2"><span class='ocrx_word' id='word_1_1' title='bbox 208 191 292 233; x_wconf 78' lang='lat'>122</span> <span class='ocrx_word' id='word_1_2' title='bbox 353 179 359 185; x_wconf 80' lang='lat'>&#39;</span> <span class='ocrx_word' id='word_1_3' title='bbox 740 194 933 232; x_wconf 76' lang='grc' dir='ltr'><strong>ΡΟΕΤΑΕ</strong></span> <span class='ocrx_word' id='word_1_4' title='bbox 961 188 1202 235; x_wconf 75' lang='lat' dir='ltr'><strong>ELEGIACI.</strong></span> 
     </span>
    </p>
   </div>
   <div class='ocr_carea' id='block_1_2' title="bbox 270 300 1511 434">
    <p class='ocr_par' dir='ltr' id='par_1_2' title="bbox 270 300 1511 434">
     <span class='ocr_line' id='line_1_2' title="bbox 270 300 1511 364; baseline 0.006 -20"><span class='ocrx_word' id='word_1_5' title='bbox 270 302 409 345; x_wconf 85' lang='grc' dir='ltr'><em>ταῦτα</em></span> <span class='ocrx_word' id='word_1_6' title='bbox 440 300 603 358; x_wconf 74' lang='grc' dir='ltr'><em>μαθών</em></span> <span class='ocrx_word' id='word_1_7' title='bbox 635 300 878 358; x_wconf 72' lang='grc' dir='ltr'><em>ἀγαθοῖσιν</em></span> <span class='ocrx_word' id='word_1_8' title='bbox 911 302 1079 361; x_wconf 88' lang='grc' dir='ltr'><em>ὁμίλεε,</em></span> <span class='ocrx_word' id='word_1_9' title='bbox 1109 309 1189 349; x_wconf 92' lang='grc' dir='ltr'>καί</span> <span class='ocrx_word' id='word_1_10' title='bbox 1216 322 1321 351; x_wconf 91' lang='grc' dir='ltr'><em>ποτε</em></span> <span class='ocrx_word' id='word_1_11' title='bbox 1353 306 1511 364; x_wconf 80' lang='grc' dir='ltr'><em>φήσεις</em></span> 
     </span>
     <span class='ocr_line' id='line_1_3' title="bbox 331 366 1236 434; baseline 0.008 -19"><span class='ocrx_word' id='word_1_12' title='bbox 331 366 381 416; x_wconf 79' lang='grc' dir='ltr'>εὖ</span> <span class='ocrx_word' id='word_1_13' title='bbox 414 372 739 429; x_wconf 77' lang='grc' dir='ltr'><em>συμβουλεύειν</em></span> <span class='ocrx_word' id='word_1_14' title='bbox 769 383 886 419; x_wconf 90' lang='grc' dir='ltr'><em>τοῖσι</em></span> <span class='ocrx_word' id='word_1_15' title='bbox 918 379 1118 434; x_wconf 83' lang='grc' dir='ltr'><em>φίλοισιν</em></span> <span class='ocrx_word' id='word_1_16' title='bbox 1151 377 1236 434; x_wconf 86' lang='grc' dir='ltr'><em>ε’μέ.</em></span> 
     </span>
    </p>
   </div>
   <div class='ocr_carea' id='block_1_3' title="bbox 198 515 1569 792">
    <p class='ocr_par' dir='ltr' id='par_1_3' title="bbox 198 515 1569 792">
     <span class='ocr_line' id='line_1_4' title="bbox 274 515 1569 579; baseline 0.005 -21"><span class='ocrx_word' id='word_1_17' title='bbox 274 515 444 573; x_wconf 85' lang='grc' dir='ltr'><em>Κύρνε,</em></span> <span class='ocrx_word' id='word_1_18' title='bbox 476 515 574 560; x_wconf 84' lang='grc' dir='ltr'><em>κύει</em></span> <span class='ocrx_word' id='word_1_19' title='bbox 605 516 732 570; x_wconf 83' lang='grc' dir='ltr'><em>πόλις</em></span> <span class='ocrx_word' id='word_1_20' title='bbox 763 517 867 575; x_wconf 81' lang='grc' dir='ltr'><em>ἥδε,</em></span> <span class='ocrx_word' id='word_1_21' title='bbox 901 519 1082 563; x_wconf 80' lang='grc' dir='ltr'><em>δέδοικα</em></span> <span class='ocrx_word' id='word_1_22' title='bbox 1115 519 1164 564; x_wconf 78' lang='grc' dir='ltr'><em>δὲ</em></span> <span class='ocrx_word' id='word_1_23' title='bbox 1196 518 1255 576; x_wconf 84' lang='grc' dir='ltr'><em>μὴ</em></span> <span class='ocrx_word' id='word_1_24' title='bbox 1287 520 1388 579; x_wconf 81' lang='grc' dir='ltr'><em>τέκῃ</em></span> <span class='ocrx_word' id='word_1_25' title='bbox 1422 518 1569 578; x_wconf 76' lang='grc' dir='ltr'><em>ἄνδρα</em></span> 
     </span>
     <span class='ocr_line' id='line_1_5' title="bbox 198 586 1198 649; baseline 0.005 -18"><span class='ocrx_word' id='word_1_26' title='bbox 198 599 243 631; x_wconf 90' lang='grc'>40</span> <span class='ocrx_word' id='word_1_27' title='bbox 330 586 589 645; x_wconf 85' lang='grc' dir='ltr'><em>εὐθυντῆρα</em></span> <span class='ocrx_word' id='word_1_28' title='bbox 619 592 756 647; x_wconf 84' lang='grc' dir='ltr'><em>κακῆς</em></span> <span class='ocrx_word' id='word_1_29' title='bbox 786 589 944 648; x_wconf 82' lang='grc' dir='ltr'><em>ὕβριος</em></span> <span class='ocrx_word' id='word_1_30' title='bbox 974 589 1198 649; x_wconf 81' lang='grc' dir='ltr'><em>ἡμετέρης.</em></span> 
     </span>
     <span class='ocr_line' id='line_1_6' title="bbox 267 657 1501 721; baseline 0.004 -18"><span class='ocrx_word' id='word_1_31' title='bbox 267 657 398 704; x_wconf 77' lang='grc' dir='ltr'><em>ἀστοὶ</em></span> <span class='ocrx_word' id='word_1_32' title='bbox 430 658 513 716; x_wconf 78' lang='grc' dir='ltr'><em>μὲν</em></span> <span class='ocrx_word' id='word_1_33' title='bbox 544 659 630 717; x_wconf 73' lang='grc' dir='ltr'><em>γὰρ</em></span> <span class='ocrx_word' id='word_1_34' title='bbox 664 660 734 705; x_wconf 82' lang='grc' dir='ltr'>ἔθ’</span> <span class='ocrx_word' id='word_1_35' title='bbox 772 663 867 706; x_wconf 81' lang='grc' dir='ltr'><em>οἵδε</em></span> <span class='ocrx_word' id='word_1_36' title='bbox 899 662 1170 721; x_wconf 89' lang='grc' dir='ltr'><em>σαόφρονες,</em></span> <span class='ocrx_word' id='word_1_37' title='bbox 1203 661 1417 720; x_wconf 80' lang='grc' dir='ltr'><em>ἡγεμόνες</em></span> <span class='ocrx_word' id='word_1_38' title='bbox 1449 663 1501 708; x_wconf 82' lang='grc' dir='ltr'><em>δέ</em></span> 
     </span>
     <span class='ocr_line' id='line_1_7' title="bbox 328 730 1319 792; baseline 0.006 -18"><span class='ocrx_word' id='word_1_39' title='bbox 328 730 597 790; x_wconf 81' lang='grc' dir='ltr'><em>τετράφαται</em></span> <span class='ocrx_word' id='word_1_40' title='bbox 628 732 800 791; x_wconf 88' lang='grc' dir='ltr'><em>πολλὴν</em></span> <span class='ocrx_word' id='word_1_41' title='bbox 824 735 876 787; x_wconf 30' lang='grc' dir='ltr'><em>,ἐς</em></span> <span class='ocrx_word' id='word_1_42' title='bbox 906 733 1127 792; x_wconf 82' lang='grc' dir='ltr'><em>κακότητα</em></span> <span class='ocrx_word' id='word_1_43' title='bbox 1157 744 1319 780; x_wconf 79' lang='grc' dir='ltr'><em>πεσεῖν.</em></span> 
     </span>
    </p>
   </div>
   <div class='ocr_carea' id='block_1_4' title="bbox 197 873 1734 1222">
    <p class='ocr_par' dir='ltr' id='par_1_4' title="bbox 197 873 1734 1222">
     <span class='ocr_line' id='line_1_8' title="bbox 275 873 1598 936; baseline 0.004 -18"><span class='ocrx_word' id='word_1_44' title='bbox 275 873 503 932; x_wconf 80' lang='grc' dir='ltr'><em>Οὐδεμίαν</em></span> <span class='ocrx_word' id='word_1_45' title='bbox 535 890 616 932; x_wconf 89' lang='grc' dir='ltr'>πω,</span> <span class='ocrx_word' id='word_1_46' title='bbox 649 875 814 933; x_wconf 82' lang='grc' dir='ltr'><em>Κύρν’,</em></span> <span class='ocrx_word' id='word_1_47' title='bbox 848 875 1015 933; x_wconf 76' lang='grc' dir='ltr'><em>ἀγαθοὶ</em></span> <span class='ocrx_word' id='word_1_48' title='bbox 1047 876 1179 922; x_wconf 90' lang='grc' dir='ltr'><em>πόλιν</em></span> <span class='ocrx_word' id='word_1_49' title='bbox 1212 877 1387 923; x_wconf 74' lang='grc' dir='ltr'><em>ὤλεσαν</em></span> <span class='ocrx_word' id='word_1_50' title='bbox 1419 876 1598 936; x_wconf 74' lang='grc' dir='ltr'><em>ἄνδρες·</em></span> 
     </span>
     <span class='ocr_line' id='line_1_9' title="bbox 328 945 1325 1008; baseline 0.003 -17"><span class='ocrx_word' id='word_1_51' title='bbox 328 945 425 991; x_wconf 82' lang='grc' dir='ltr'><em>ἀλλ’</em></span> <span class='ocrx_word' id='word_1_52' title='bbox 461 945 570 991; x_wconf 81' lang='grc' dir='ltr'><em>ὅταν</em></span> <span class='ocrx_word' id='word_1_53' title='bbox 601 945 799 1005; x_wconf 84' lang='grc' dir='ltr'><em>ὑβρίζειν</em></span> <span class='ocrx_word' id='word_1_54' title='bbox 830 957 947 992; x_wconf 89' lang='grc' dir='ltr'><em>τοῖσι</em></span> <span class='ocrx_word' id='word_1_55' title='bbox 979 958 1183 993; x_wconf 79' lang='grc' dir='ltr'><em>κακοῖσιν</em></span> <span class='ocrx_word' id='word_1_56' title='bbox 1215 947 1325 1008; x_wconf 78' lang='grc' dir='ltr'><em>ἅδῃ,</em></span> 
     </span>
     <span class='ocr_line' id='line_1_10' title="bbox 197 1018 1449 1078; baseline 0.003 -16"><span class='ocrx_word' id='word_1_57' title='bbox 197 1031 242 1062; x_wconf 82' lang='grc'>45</span> <span class='ocrx_word' id='word_1_58' title='bbox 270 1018 416 1077; x_wconf 83' lang='grc' dir='ltr'><em>δῆμόν</em></span> <span class='ocrx_word' id='word_1_59' title='bbox 447 1036 492 1063; x_wconf 88' lang='grc' dir='ltr'>τε</span> <span class='ocrx_word' id='word_1_60' title='bbox 524 1022 770 1078; x_wconf 81' lang='grc' dir='ltr'><em>φθείρωσι,</em></span> <span class='ocrx_word' id='word_1_61' title='bbox 803 1022 928 1072; x_wconf 83' lang='grc' dir='ltr'><em>δίκας</em></span> <span class='ocrx_word' id='word_1_62' title='bbox 959 1019 996 1064; x_wconf 89' lang='grc' dir='ltr'><em>τ’</em></span> <span class='ocrx_word' id='word_1_63' title='bbox 1032 1019 1227 1065; x_wconf 79' lang='grc' dir='ltr'><em>ἀδίκοισι</em></span> <span class='ocrx_word' id='word_1_64' title='bbox 1261 1023 1449 1066; x_wconf 75' lang='grc' dir='ltr'><em>διδῶσιν</em></span> 
     </span>
     <span class='ocr_line' id='line_1_11' title="bbox 331 1091 1257 1148; baseline 0.003 -14"><span class='ocrx_word' id='word_1_65' title='bbox 331 1093 508 1135; x_wconf 81' lang='grc' dir='ltr'><em>οἰκείων</em></span> <span class='ocrx_word' id='word_1_66' title='bbox 539 1092 736 1148; x_wconf 81' lang='grc' dir='ltr'><em>κερδέων</em></span> <span class='ocrx_word' id='word_1_67' title='bbox 770 1093 917 1136; x_wconf 83' lang='grc' dir='ltr'><em>εἵνεκα</em></span> <span class='ocrx_word' id='word_1_68' title='bbox 948 1092 1022 1136; x_wconf 86' lang='grc' dir='ltr'>καὶ</span> <span class='ocrx_word' id='word_1_69' title='bbox 1053 1091 1257 1148; x_wconf 80' lang='grc' dir='ltr'><em>κράτεος,</em></span> 
     </span>
     <span class='ocr_line' id='line_1_12' title="bbox 271 1161 1734 1222; baseline 0.003 -16"><span class='ocrx_word' id='word_1_70' title='bbox 271 1165 398 1206; x_wconf 83' lang='grc' dir='ltr'><em>ἔλπεο</em></span> <span class='ocrx_word' id='word_1_71' title='bbox 432 1161 490 1220; x_wconf 83' lang='grc' dir='ltr'><em>μὴ</em></span> <span class='ocrx_word' id='word_1_72' title='bbox 525 1161 667 1221; x_wconf 84' lang='grc' dir='ltr'><em>δηρὸν</em></span> <span class='ocrx_word' id='word_1_73' title='bbox 699 1167 853 1221; x_wconf 83' lang='grc' dir='ltr'><em>κείνην</em></span> <span class='ocrx_word' id='word_1_74' title='bbox 884 1162 1017 1208; x_wconf 91' lang='grc' dir='ltr'><em>πόλιν</em></span> <span class='ocrx_word' id='word_1_75' title='bbox 1049 1161 1383 1222; x_wconf 79' lang='grc' dir='ltr'><em>ἄτρεμιεῖσθαι,</em></span> <span class='ocrx_word' id='word_1_76' title='bbox 1665 1178 1734 1212; x_wconf 83' lang='grc'>487</span> 
     </span>
    </p>
   </div>
   <div class='ocr_carea' id='block_1_5' title="bbox 195 1328 1734 1520">
    <p class='ocr_par' dir='ltr' id='par_1_5' title="bbox 195 1328 1734 1520">
     <span class='ocr_line' id='line_1_13' title="bbox 291 1328 1733 1379; baseline 0.001 -12"><span class='ocrx_word' id='word_1_77' title='bbox 291 1331 335 1366; x_wconf 92' lang='lat' dir='ltr'>V.</span> <span class='ocrx_word' id='word_1_78' title='bbox 363 1335 418 1367; x_wconf 82' lang='lat'>37.</span> <span class='ocrx_word' id='word_1_79' title='bbox 447 1331 501 1367; x_wconf 87' lang='lat' dir='ltr'><strong>Cf.</strong></span> <span class='ocrx_word' id='word_1_80' title='bbox 534 1331 582 1366; x_wconf 86' lang='lat' dir='ltr'>ad</span> <span class='ocrx_word' id='word_1_81' title='bbox 613 1344 647 1367; x_wconf 94' lang='lat' dir='ltr'><strong>v.</strong></span> <span class='ocrx_word' id='word_1_82' title='bbox 674 1335 731 1368; x_wconf 80' lang='lat'>27.</span> <span class='ocrx_word' id='word_1_83' title='bbox 759 1351 803 1357; x_wconf 93' lang='lat'>—</span> <span class='ocrx_word' id='word_1_84' title='bbox 836 1328 1055 1377; x_wconf 76' lang='grc' dir='ltr'><em>ἀγαθοῖσιν,</em></span> <span class='ocrx_word' id='word_1_85' title='bbox 1087 1328 1254 1378; x_wconf 72' lang='grc' dir='ltr'><em>ἀγαθοῖς</em></span> <span class='ocrx_word' id='word_1_86' title='bbox 1286 1345 1315 1368; x_wconf 87' lang='grc' dir='ltr'>ο.</span> <span class='ocrx_word' id='word_1_87' title='bbox 1348 1354 1392 1359; x_wconf 84' lang='grc'>-</span> <span class='ocrx_word' id='word_1_88' title='bbox 1432 1331 1570 1379; x_wconf 82' lang='grc' dir='ltr'><em>ὁμίλεε,</em></span> <span class='ocrx_word' id='word_1_89' title='bbox 1596 1334 1733 1379; x_wconf 85' lang='grc' dir='ltr'><em>ομίλει·</em></span> 
     </span>
     <span class='ocr_line' id='line_1_14' title="bbox 195 1375 1734 1427; baseline 0.001 -13"><span class='ocrx_word' id='word_1_90' title='bbox 195 1392 250 1424; x_wconf 81' lang='grc' dir='ltr'><em>γρ.</em></span> <span class='ocrx_word' id='word_1_91' title='bbox 279 1375 404 1425; x_wconf 84' lang='grc' dir='ltr'><em>ὁμίλεε</em></span> <span class='ocrx_word' id='word_1_92' title='bbox 429 1379 526 1416; x_wconf 81' lang='grc'>1.-</span> <span class='ocrx_word' id='word_1_93' title='bbox 553 1379 597 1414; x_wconf 90' lang='lat' dir='ltr'>V.</span> <span class='ocrx_word' id='word_1_94' title='bbox 625 1383 715 1414; x_wconf 87' lang='grc'>39-</span> <span class='ocrx_word' id='word_1_95' title='bbox 720 1383 765 1414; x_wconf 85' lang='grc'>42</span> <span class='ocrx_word' id='word_1_96' title='bbox 791 1379 891 1414; x_wconf 89' lang='lat' dir='ltr'>haud</span> <span class='ocrx_word' id='word_1_97' title='bbox 918 1378 1029 1415; x_wconf 87' lang='lat' dir='ltr'>dubie</span> <span class='ocrx_word' id='word_1_98' title='bbox 1056 1379 1248 1415; x_wconf 85' lang='lat' dir='ltr'><strong>exordium</strong></span> <span class='ocrx_word' id='word_1_99' title='bbox 1274 1380 1428 1427; x_wconf 82' lang='lat' dir='ltr'>elegiae,</span> <span class='ocrx_word' id='word_1_100' title='bbox 1455 1382 1493 1416; x_wconf 84' lang='lat' dir='ltr'>et</span> <span class='ocrx_word' id='word_1_101' title='bbox 1518 1393 1551 1417; x_wconf 81' lang='lat' dir='ltr'>v,</span> <span class='ocrx_word' id='word_1_102' title='bbox 1578 1385 1679 1416; x_wconf 88' lang='lat'>43—</span> <span class='ocrx_word' id='word_1_103' title='bbox 1689 1385 1734 1416; x_wconf 82' lang='lat'>52</span> 
     </span>
     <span class='ocr_line' id='line_1_15' title="bbox 197 1426 1733 1474; baseline 0.001 -12"><span class='ocrx_word' id='word_1_104' title='bbox 197 1427 361 1462; x_wconf 80' lang='lat' dir='ltr'>eiusdem</span> <span class='ocrx_word' id='word_1_105' title='bbox 388 1426 561 1462; x_wconf 79' lang='lat' dir='ltr'><strong>carminis</strong></span> <span class='ocrx_word' id='word_1_106' title='bbox 588 1427 770 1472; x_wconf 83' lang='lat' dir='ltr'>epilogus.</span> <span class='ocrx_word' id='word_1_107' title='bbox 798 1447 842 1452; x_wconf 97' lang='lat'><strong>—</strong></span> <span class='ocrx_word' id='word_1_108' title='bbox 875 1427 918 1463; x_wconf 93' lang='lat' dir='ltr'>V.</span> <span class='ocrx_word' id='word_1_109' title='bbox 946 1431 991 1462; x_wconf 83' lang='lat'>39</span> <span class='ocrx_word' id='word_1_110' title='bbox 1018 1428 1056 1463; x_wconf 80' lang='lat' dir='ltr'>et</span> <span class='ocrx_word' id='word_1_111' title='bbox 1080 1431 1125 1463; x_wconf 87' lang='lat'><strong>40</strong></span> <span class='ocrx_word' id='word_1_112' title='bbox 1155 1428 1330 1474; x_wconf 85' lang='lat' dir='ltr'>leguntur</span> <span class='ocrx_word' id='word_1_113' title='bbox 1355 1428 1453 1464; x_wconf 90' lang='lat' dir='ltr'>infra</span> <span class='ocrx_word' id='word_1_114' title='bbox 1478 1441 1512 1464; x_wconf 88' lang='lat' dir='ltr'><strong>v.</strong></span> <span class='ocrx_word' id='word_1_115' title='bbox 1547 1432 1690 1464; x_wconf 84' lang='lat'><strong>1081—</strong></span> <span class='ocrx_word' id='word_1_116' title='bbox 1700 1432 1733 1473; x_wconf 82' lang='lat'>2,</span> 
     </span>
     <span class='ocr_line' id='line_1_16' title="bbox 196 1475 711 1520; baseline 0 -10"><span class='ocrx_word' id='word_1_117' title='bbox 196 1475 260 1510; x_wconf 88' lang='lat' dir='ltr'>sed</span> <span class='ocrx_word' id='word_1_118' title='bbox 286 1475 522 1520; x_wconf 73' lang='lat' dir='ltr'>pentametro</span> <span class='ocrx_word' id='word_1_119' title='bbox 548 1476 711 1510; x_wconf 84' lang='lat' dir='ltr'>mutato:</span> 
     </span>
    </p>
   </div>
   <div class='ocr_carea' id='block_1_6' title="bbox 484 1554 1254 1606">
    <p class='ocr_par' dir='ltr' id='par_1_6' title="bbox 484 1554 1254 1606">
     <span class='ocr_line' id='line_1_17' title="bbox 484 1554 1254 1606; baseline 0.003 -13"><span class='ocrx_word' id='word_1_120' title='bbox 484 1554 682 1606; x_wconf 81' lang='grc' dir='ltr'><em>ὑβριστήν,</em></span> <span class='ocrx_word' id='word_1_121' title='bbox 708 1559 873 1604; x_wconf 78' lang='grc' dir='ltr'><em>χαλεπῆς</em></span> <span class='ocrx_word' id='word_1_122' title='bbox 898 1556 1069 1605; x_wconf 85' lang='grc' dir='ltr'><em>ἡγεμόνα</em></span> <span class='ocrx_word' id='word_1_123' title='bbox 1096 1557 1254 1601; x_wconf 77' lang='grc' dir='ltr'><em>στάσιος.</em></span> 
     </span>
    </p>
   </div>
   <div class='ocr_carea' id='block_1_7' title="bbox 195 1641 1736 2260">
    <p class='ocr_par' dir='ltr' id='par_1_7' title="bbox 195 1641 1735 1691">
     <span class='ocr_line' id='line_1_18' title="bbox 195 1641 1735 1691; baseline 0.001 -13"><span class='ocrx_word' id='word_1_124' title='bbox 195 1642 410 1687; x_wconf 87' lang='lat' dir='ltr'>ibidemque</span> <span class='ocrx_word' id='word_1_125' title='bbox 436 1641 475 1677; x_wconf 90' lang='lat' dir='ltr'>in</span> <span class='ocrx_word' id='word_1_126' title='bbox 500 1641 613 1677; x_wconf 89' lang='lat' dir='ltr'>Codd.</span> <span class='ocrx_word' id='word_1_127' title='bbox 641 1641 907 1687; x_wconf 87' lang='lat' dir='ltr'>AObdfhlmnp</span> <span class='ocrx_word' id='word_1_128' title='bbox 933 1642 1155 1688; x_wconf 90' lang='lat' dir='ltr'>repetuntur</span> <span class='ocrx_word' id='word_1_129' title='bbox 1181 1642 1297 1678; x_wconf 88' lang='lat' dir='ltr'>etiam</span> <span class='ocrx_word' id='word_1_130' title='bbox 1323 1655 1357 1679; x_wconf 92' lang='lat' dir='ltr'><strong>v.</strong></span> <span class='ocrx_word' id='word_1_131' title='bbox 1387 1647 1443 1678; x_wconf 87' lang='lat'>41.</span> <span class='ocrx_word' id='word_1_132' title='bbox 1465 1647 1528 1688; x_wconf 80' lang='lat'>42,</span> <span class='ocrx_word' id='word_1_133' title='bbox 1560 1645 1603 1680; x_wconf 91' lang='lat' dir='ltr'>ut</span> <span class='ocrx_word' id='word_1_134' title='bbox 1621 1656 1669 1690; x_wconf 87' lang='lat' dir='ltr'>ap</span> <span class='ocrx_word' id='word_1_135' title='bbox 1644 1656 1735 1691; x_wconf 89' lang='lat' dir='ltr'>pp-</span> 
     </span>
    </p>

    <p class='ocr_par' dir='ltr' id='par_1_8' title="bbox 196 1672 1735 2071">
     <span class='ocr_line' id='line_1_19' title="bbox 196 1672 1735 1738; baseline 0.003 -14"><span class='ocrx_word' id='word_1_136' title='bbox 196 1691 278 1726; x_wconf 84' lang='lat' dir='ltr'>reat</span> <span class='ocrx_word' id='word_1_137' title='bbox 301 1690 369 1725; x_wconf 87' lang='lat' dir='ltr'>illa</span> <span class='ocrx_word' id='word_1_138' title='bbox 394 1700 469 1724; x_wconf 90' lang='lat' dir='ltr'>non</span> <span class='ocrx_word' id='word_1_139' title='bbox 495 1701 539 1724; x_wconf 82' lang='lat' dir='ltr'>ex</span> <span class='ocrx_word' id='word_1_140' title='bbox 564 1689 638 1725; x_wconf 92' lang='lat' dir='ltr'>alio</span> <span class='ocrx_word' id='word_1_141' title='bbox 666 1689 829 1725; x_wconf 83' lang='lat' dir='ltr'>carmine</span> <span class='ocrx_word' id='word_1_142' title='bbox 855 1690 978 1735; x_wconf 82' lang='lat' dir='ltr'>petita</span> <span class='ocrx_word' id='word_1_143' title='bbox 999 1701 1088 1735; x_wconf 86' lang='lat' dir='ltr'>esse,</span> <span class='ocrx_word' id='word_1_144' title='bbox 1116 1690 1179 1726; x_wconf 90' lang='lat' dir='ltr'>ubi</span> <span class='ocrx_word' id='word_1_145' title='bbox 1199 1691 1356 1726; x_wconf 86' lang='lat' dir='ltr'>eandem</span> <span class='ocrx_word' id='word_1_146' title='bbox 1376 1672 1602 1727; x_wconf 64' lang='lat' dir='ltr'>sententiam</span> <span class='ocrx_word' id='word_1_147' title='bbox 1620 1693 1735 1738; x_wconf 82' lang='lat' dir='ltr'>poeta</span> 
     </span>
     <span class='ocr_line' id='line_1_20' title="bbox 197 1736 1734 1785; baseline 0.003 -13"><span class='ocrx_word' id='word_1_148' title='bbox 197 1736 418 1781; x_wconf 87' lang='lat' dir='ltr'>variaverit,</span> <span class='ocrx_word' id='word_1_149' title='bbox 457 1738 520 1772; x_wconf 87' lang='lat' dir='ltr'>sed</span> <span class='ocrx_word' id='word_1_150' title='bbox 559 1748 604 1772; x_wconf 82' lang='lat' dir='ltr'>ex</span> <span class='ocrx_word' id='word_1_151' title='bbox 640 1737 711 1772; x_wconf 92' lang='lat' dir='ltr'>hac</span> <span class='ocrx_word' id='word_1_152' title='bbox 743 1737 827 1782; x_wconf 85' lang='lat' dir='ltr'>ipsa</span> <span class='ocrx_word' id='word_1_153' title='bbox 858 1737 980 1782; x_wconf 85' lang='lat' dir='ltr'>elegia</span> <span class='ocrx_word' id='word_1_154' title='bbox 1012 1739 1145 1773; x_wconf 88' lang='lat' dir='ltr'>sumta.</span> <span class='ocrx_word' id='word_1_155' title='bbox 1190 1738 1268 1773; x_wconf 89' lang='lat' dir='ltr'>Iam</span> <span class='ocrx_word' id='word_1_156' title='bbox 1301 1749 1429 1774; x_wconf 89' lang='lat' dir='ltr'>versus</span> <span class='ocrx_word' id='word_1_157' title='bbox 1462 1743 1526 1783; x_wconf 89' lang='lat'>40,</span> <span class='ocrx_word' id='word_1_158' title='bbox 1559 1740 1734 1785; x_wconf 78' lang='lat' dir='ltr'>quemad-</span> 
     </span>
     <span class='ocr_line' id='line_1_21' title="bbox 197 1765 1735 1829; baseline 0.003 -9"><span class='ocrx_word' id='word_1_159' title='bbox 197 1785 350 1821; x_wconf 87' lang='lat' dir='ltr'>modum</span> <span class='ocrx_word' id='word_1_160' title='bbox 375 1765 475 1820; x_wconf 68' lang='lat' dir='ltr'>itifra</span> <span class='ocrx_word' id='word_1_161' title='bbox 499 1784 650 1829; x_wconf 83' lang='lat' dir='ltr'>legit-‚ur</span> <span class='ocrx_word' id='word_1_162' title='bbox 677 1785 811 1819; x_wconf 86' lang='lat' dir='ltr'>melius</span> <span class='ocrx_word' id='word_1_163' title='bbox 837 1785 986 1820; x_wconf 85' lang='lat' dir='ltr'>videtur</span> <span class='ocrx_word' id='word_1_164' title='bbox 1011 1797 1095 1821; x_wconf 89' lang='lat' dir='ltr'>cum</span> <span class='ocrx_word' id='word_1_165' title='bbox 1121 1784 1229 1820; x_wconf 84' lang='lat' dir='ltr'>huius</span> <span class='ocrx_word' id='word_1_166' title='bbox 1256 1785 1430 1821; x_wconf 78' lang='lat' dir='ltr'>carminis</span> <span class='ocrx_word' id='word_1_167' title='bbox 1448 1786 1623 1823; x_wconf 84' lang='lat' dir='ltr'>instituto</span> <span class='ocrx_word' id='word_1_168' title='bbox 1649 1799 1735 1824; x_wconf 87' lang='lat' dir='ltr'>con-</span> 
     </span>
     <span class='ocr_line' id='line_1_22' title="bbox 197 1832 1734 1878; baseline 0.001 -10"><span class='ocrx_word' id='word_1_169' title='bbox 197 1833 341 1877; x_wconf 87' lang='lat' dir='ltr'>venire,</span> <span class='ocrx_word' id='word_1_170' title='bbox 366 1832 495 1876; x_wconf 85' lang='lat' dir='ltr'>itaque</span> <span class='ocrx_word' id='word_1_171' title='bbox 521 1832 606 1867; x_wconf 84' lang='lat' dir='ltr'>illas</span> <span class='ocrx_word' id='word_1_172' title='bbox 632 1832 812 1868; x_wconf 86' lang='lat' dir='ltr'>lectiones</span> <span class='ocrx_word' id='word_1_173' title='bbox 838 1833 1077 1878; x_wconf 85' lang='lat' dir='ltr'>praeoptavit</span> <span class='ocrx_word' id='word_1_174' title='bbox 1101 1832 1290 1878; x_wconf 72' lang='lat' dir='ltr'>Har-:tang</span> <span class='ocrx_word' id='word_1_175' title='bbox 1317 1844 1438 1878; x_wconf 91' lang='lat' dir='ltr'>neque</span> <span class='ocrx_word' id='word_1_176' title='bbox 1464 1837 1592 1870; x_wconf 81' lang='lat' dir='ltr'>tamen</span> <span class='ocrx_word' id='word_1_177' title='bbox 1618 1835 1734 1871; x_wconf 87' lang='lat' dir='ltr'>credi—</span> 
     </span>
     <span class='ocr_line' id='line_1_23' title="bbox 196 1878 1733 1928; baseline 0.002 -13"><span class='ocrx_word' id='word_1_178' title='bbox 196 1880 272 1916; x_wconf 81' lang='lat' dir='ltr'>bile</span> <span class='ocrx_word' id='word_1_179' title='bbox 299 1891 357 1924; x_wconf 87' lang='lat' dir='ltr'>ea,</span> <span class='ocrx_word' id='word_1_180' title='bbox 383 1891 480 1925; x_wconf 88' lang='lat' dir='ltr'>quae</span> <span class='ocrx_word' id='word_1_181' title='bbox 506 1879 568 1915; x_wconf 88' lang='lat' dir='ltr'>hic</span> <span class='ocrx_word' id='word_1_182' title='bbox 593 1878 770 1925; x_wconf 88' lang='lat' dir='ltr'>legimus,</span> <span class='ocrx_word' id='word_1_183' title='bbox 796 1891 819 1915; x_wconf 93' lang='lat' dir='ltr'>a</span> <span class='ocrx_word' id='word_1_184' title='bbox 845 1880 1055 1916; x_wconf 80' lang='lat' dir='ltr'>breviatore</span> <span class='ocrx_word' id='word_1_185' title='bbox 1082 1880 1286 1916; x_wconf 83' lang='lat' dir='ltr'>substituta</span> <span class='ocrx_word' id='word_1_186' title='bbox 1311 1892 1407 1926; x_wconf 82' lang='lat' dir='ltr'>esse3</span> <span class='ocrx_word' id='word_1_187' title='bbox 1442 1882 1532 1927; x_wconf 90' lang='lat' dir='ltr'>puto</span> <span class='ocrx_word' id='word_1_188' title='bbox 1559 1882 1733 1928; x_wconf 89' lang='lat' dir='ltr'>equidem</span> 
     </span>
     <span class='ocr_line' id='line_1_24' title="bbox 197 1927 1732 1976; baseline 0.002 -13"><span class='ocrx_word' id='word_1_189' title='bbox 197 1930 398 1972; x_wconf 82' lang='lat' dir='ltr'>utrumque</span> <span class='ocrx_word' id='word_1_190' title='bbox 423 1928 700 1973; x_wconf 80' lang='lat' dir='ltr'>pentametrum</span> <span class='ocrx_word' id='word_1_191' title='bbox 728 1927 956 1972; x_wconf 85' lang='lat' dir='ltr'>Theognidis</span> <span class='ocrx_word' id='word_1_192' title='bbox 982 1939 1079 1963; x_wconf 84' lang='lat' dir='ltr'>esse·</span> <span class='ocrx_word' id='word_1_193' title='bbox 1110 1927 1300 1963; x_wconf 76' lang='lat' dir='ltr'>breviator</span> <span class='ocrx_word' id='word_1_194' title='bbox 1331 1929 1392 1963; x_wconf 88' lang='lat' dir='ltr'>hic</span> <span class='ocrx_word' id='word_1_195' title='bbox 1425 1939 1573 1974; x_wconf 89' lang='lat' dir='ltr'>quoque</span> <span class='ocrx_word' id='word_1_196' title='bbox 1597 1930 1732 1976; x_wconf 82' lang='lat' dir='ltr'>poetae</span> 
     </span>
     <span class='ocr_line' id='line_1_25' title="bbox 197 1975 1732 2034; baseline 0.001 -23"><span class='ocrx_word' id='word_1_197' title='bbox 197 1976 344 2021; x_wconf 85' lang='lat' dir='ltr'>copiam</span> <span class='ocrx_word' id='word_1_198' title='bbox 364 1975 403 2010; x_wconf 91' lang='lat' dir='ltr'>in</span> <span class='ocrx_word' id='word_1_199' title='bbox 423 1978 546 2010; x_wconf 85' lang='lat' dir='ltr'>artum</span> <span class='ocrx_word' id='word_1_200' title='bbox 565 1975 724 2029; x_wconf 86' lang='lat' dir='ltr'>redegit,</span> <span class='ocrx_word' id='word_1_201' title='bbox 745 1976 815 2011; x_wconf 88' lang='lat' dir='ltr'>hoc</span> <span class='ocrx_word' id='word_1_202' title='bbox 835 1975 1024 2011; x_wconf 75' lang='lat' dir='ltr'>distichon</span> <span class='ocrx_word' id='word_1_203' title='bbox 1044 1987 1087 2011; x_wconf 85' lang='lat' dir='ltr'>ex</span> <span class='ocrx_word' id='word_1_204' title='bbox 1107 1975 1275 2021; x_wconf 87' lang='lat' dir='ltr'>pluribus</span> <span class='ocrx_word' id='word_1_205' title='bbox 1296 1976 1451 2018; x_wconf 87' lang='lat' dir='ltr'>coaluit·</span> <span class='ocrx_word' id='word_1_206' title='bbox 1477 1979 1590 2034; x_wconf 89' lang='lat' dir='ltr'>poeta</span> <span class='ocrx_word' id='word_1_207' title='bbox 1606 1978 1732 2024; x_wconf 80' lang='lat' dir='ltr'>tyran-</span> 
     </span>
     <span class='ocr_line' id='line_1_26' title="bbox 197 2021 1734 2071; baseline 0.001 -12"><span class='ocrx_word' id='word_1_208' title='bbox 197 2035 304 2067; x_wconf 92' lang='lat' dir='ltr'>num,</span> <span class='ocrx_word' id='word_1_209' title='bbox 338 2022 442 2059; x_wconf 86' lang='lat' dir='ltr'>cuius</span> <span class='ocrx_word' id='word_1_210' title='bbox 473 2022 671 2068; x_wconf 86' lang='lat' dir='ltr'>imperium</span> <span class='ocrx_word' id='word_1_211' title='bbox 702 2025 925 2068; x_wconf 87' lang='lat' dir='ltr'>auguratur,</span> <span class='ocrx_word' id='word_1_212' title='bbox 958 2023 1117 2068; x_wconf 84' lang='lat' dir='ltr'>primum</span> <span class='ocrx_word' id='word_1_213' title='bbox 1151 2023 1284 2059; x_wconf 88' lang='lat' dir='ltr'>acerbe</span> <span class='ocrx_word' id='word_1_214' title='bbox 1315 2023 1408 2059; x_wconf 84' lang='lat' dir='ltr'>dicit</span> <span class='ocrx_word' id='word_1_215' title='bbox 1439 2021 1620 2071; x_wconf 82' lang='grc' dir='ltr'><em>ὑβριστὴν</em></span> <span class='ocrx_word' id='word_1_216' title='bbox 1645 2028 1734 2070; x_wconf 82' lang='grc' dir='ltr'><em>κτλ.,</em></span> 
     </span>
    </p>

    <p class='ocr_par' dir='ltr' id='par_1_9' title="bbox 197 2051 1736 2260">
     <span class='ocr_line' id='line_1_27' title="bbox 200 2051 1734 2117; baseline 0.002 -11"><span class='ocrx_word' id='word_1_217' title='bbox 200 2051 334 2107; x_wconf 85' lang='lat' dir='ltr'>deinde</span> <span class='ocrx_word' id='word_1_218' title='bbox 366 2070 483 2106; x_wconf 89' lang='lat' dir='ltr'>libere</span> <span class='ocrx_word' id='word_1_219' title='bbox 514 2070 655 2106; x_wconf 86' lang='lat' dir='ltr'>fatetur</span> <span class='ocrx_word' id='word_1_220' title='bbox 686 2070 886 2116; x_wconf 82' lang='lat' dir='ltr'>optimates</span> <span class='ocrx_word' id='word_1_221' title='bbox 916 2071 988 2106; x_wconf 89' lang='lat' dir='ltr'>hoc</span> <span class='ocrx_word' id='word_1_222' title='bbox 1020 2071 1160 2107; x_wconf 88' lang='lat' dir='ltr'>malum</span> <span class='ocrx_word' id='word_1_223' title='bbox 1192 2082 1259 2106; x_wconf 83' lang='lat' dir='ltr'>sua</span> <span class='ocrx_word' id='word_1_224' title='bbox 1290 2071 1464 2117; x_wconf 83' lang='lat' dir='ltr'>superbia</span> <span class='ocrx_word' id='word_1_225' title='bbox 1497 2073 1734 2109; x_wconf 84' lang='lat' dir='ltr'>commeritos</span> 
     </span>
     <span class='ocr_line' id='line_1_28' title="bbox 200 2144 1733 2224; baseline 0.001 -23"><span class='ocrx_word' id='word_1_226' title='bbox 200 2177 292 2206; x_wconf 84' lang='lat' dir='ltr'>esse</span> <span class='ocrx_word' id='word_1_227' title='bbox 318 2162 539 2224; x_wconf 84' lang='grc' dir='ltr'><em>ευθυντῆρα</em></span> <span class='ocrx_word' id='word_1_228' title='bbox 565 2169 639 2202; x_wconf 87' lang='grc' dir='ltr'><em>κτλ.</em></span> <span class='ocrx_word' id='word_1_229' title='bbox 661 2187 704 2192; x_wconf 90' lang='grc'><strong>-</strong></span> <span class='ocrx_word' id='word_1_230' title='bbox 730 2166 775 2201; x_wconf 90' lang='lat' dir='ltr'>V.</span> <span class='ocrx_word' id='word_1_231' title='bbox 795 2170 851 2202; x_wconf 88' lang='grc'>39.</span> <span class='ocrx_word' id='word_1_232' title='bbox 879 2163 960 2211; x_wconf 77' lang='grc' dir='ltr'><em>ἥδε,</em></span> <span class='ocrx_word' id='word_1_233' title='bbox 985 2160 1054 2212; x_wconf 83' lang='grc' dir='ltr'>ἥδε</span> <span class='ocrx_word' id='word_1_234' title='bbox 1078 2167 1121 2210; x_wconf 91' lang='lat' dir='ltr'>A,</span> <span class='ocrx_word' id='word_1_235' title='bbox 1143 2144 1238 2202; x_wconf 72' lang='grc' dir='ltr'><em>οὔδε</em></span> <span class='ocrx_word' id='word_1_236' title='bbox 1259 2166 1282 2202; x_wconf 91' lang='lat' dir='ltr'><strong>i.</strong></span> <span class='ocrx_word' id='word_1_237' title='bbox 1311 2188 1355 2192; x_wconf 83' lang='lat'>-—-</span> <span class='ocrx_word' id='word_1_238' title='bbox 1381 2165 1484 2214; x_wconf 84' lang='grc' dir='ltr'><em>τέκῃ,</em></span> <span class='ocrx_word' id='word_1_239' title='bbox 1509 2166 1666 2204; x_wconf 74' lang='grc' dir='ltr'><em>τέκοιΙι.</em></span> <span class='ocrx_word' id='word_1_240' title='bbox 1689 2189 1733 2194; x_wconf 94' lang='lat'>—-</span> 
     </span>
     <span class='ocr_line' id='line_1_29' title="bbox 197 2195 1736 2260; baseline 0.002 -11"><span class='ocrx_word' id='word_1_241' title='bbox 197 2214 241 2249; x_wconf 91' lang='lat' dir='ltr'>V.</span> <span class='ocrx_word' id='word_1_242' title='bbox 270 2218 327 2250; x_wconf 88' lang='grc'>40.</span> <span class='ocrx_word' id='word_1_243' title='bbox 356 2210 594 2260; x_wconf 81' lang='grc' dir='ltr'><em>εὖθυντῆρα,</em></span> <span class='ocrx_word' id='word_1_244' title='bbox 627 2213 803 2250; x_wconf 88' lang='lat' dir='ltr'>coniicias</span> <span class='ocrx_word' id='word_1_245' title='bbox 828 2213 1029 2260; x_wconf 84' lang='grc' dir='ltr'><em>ἰθυντῆρα,</em></span> <span class='ocrx_word' id='word_1_246' title='bbox 1056 2195 1121 2250; x_wconf 81' lang='lat' dir='ltr'>sed</span> <span class='ocrx_word' id='word_1_247' title='bbox 1148 2213 1262 2249; x_wconf 83' lang='lat' dir='ltr'>etiam</span> <span class='ocrx_word' id='word_1_248' title='bbox 1289 2214 1400 2250; x_wconf 85' lang='lat' dir='ltr'>Solon</span> <span class='ocrx_word' id='word_1_249' title='bbox 1426 2215 1477 2251; x_wconf 94' lang='lat' dir='ltr'>IV</span> <span class='ocrx_word' id='word_1_250' title='bbox 1503 2220 1547 2251; x_wconf 82' lang='lat'>37</span> <span class='ocrx_word' id='word_1_251' title='bbox 1574 2212 1736 2252; x_wconf 78' lang='grc' dir='ltr'><em>εὐθύνει</em></span> 
     </span>
    </p>
   </div>
   <div class='ocr_carea' id='block_1_8' title="bbox 197 2275 1734 3014">
    <p class='ocr_par' dir='ltr' id='par_1_10' title="bbox 197 2275 1734 3013">
     <span class='ocr_line' id='line_1_30' title="bbox 197 2275 1731 2344; baseline 0.001 -12"><span class='ocrx_word' id='word_1_252' title='bbox 197 2297 302 2333; x_wconf 83' lang='lat' dir='ltr'>dixit.</span> <span class='ocrx_word' id='word_1_253' title='bbox 329 2318 373 2324; x_wconf 88' lang='lat'>—</span> <span class='ocrx_word' id='word_1_254' title='bbox 399 2294 582 2344; x_wconf 80' lang='grc' dir='ltr'><em>ἡμετέρης</em></span> <span class='ocrx_word' id='word_1_255' title='bbox 609 2297 654 2343; x_wconf 92' lang='grc' dir='ltr'>Α,</span> <span class='ocrx_word' id='word_1_256' title='bbox 678 2275 863 2343; x_wconf 81' lang='grc' dir='ltr'><em>υμετέρης</em></span> <span class='ocrx_word' id='word_1_257' title='bbox 890 2297 927 2343; x_wconf 87' lang='lat' dir='ltr'>h,</span> <span class='ocrx_word' id='word_1_258' title='bbox 954 2297 1147 2342; x_wconf 81' lang='lat' dir='ltr'>omisitm,</span> <span class='ocrx_word' id='word_1_259' title='bbox 1175 2297 1289 2333; x_wconf 86' lang='lat' dir='ltr'>ceteri</span> <span class='ocrx_word' id='word_1_260' title='bbox 1313 2294 1505 2344; x_wconf 77' lang='grc' dir='ltr'><em>ὑμετέρης·</em></span> <span class='ocrx_word' id='word_1_261' title='bbox 1533 2319 1577 2324; x_wconf 94' lang='grc'><strong>-</strong></span> <span class='ocrx_word' id='word_1_262' title='bbox 1604 2298 1647 2334; x_wconf 94' lang='lat' dir='ltr'>V.</span> <span class='ocrx_word' id='word_1_263' title='bbox 1674 2303 1731 2336; x_wconf 87' lang='lat'><strong>41</strong></span> 
     </span>
     <span class='ocr_line' id='line_1_31' title="bbox 200 2326 1730 2391; baseline 0.001 -11"><span class='ocrx_word' id='word_1_264' title='bbox 200 2342 264 2380; x_wconf 75' lang='grc' dir='ltr'>ἔθ’</span> <span class='ocrx_word' id='word_1_265' title='bbox 293 2345 387 2389; x_wconf 77' lang='grc' dir='ltr'><em>οἵδε,</em></span> <span class='ocrx_word' id='word_1_266' title='bbox 413 2346 510 2381; x_wconf 89' lang='lat' dir='ltr'>infra</span> <span class='ocrx_word' id='word_1_267' title='bbox 536 2345 619 2382; x_wconf 75' lang='grc' dir='ltr'><em>ἔασι</em></span> <span class='ocrx_word' id='word_1_268' title='bbox 643 2346 793 2391; x_wconf 91' lang='lat' dir='ltr'>legitur,</span> <span class='ocrx_word' id='word_1_269' title='bbox 819 2345 919 2390; x_wconf 90' lang='lat' dir='ltr'>quod</span> <span class='ocrx_word' id='word_1_270' title='bbox 943 2345 1086 2391; x_wconf 88' lang='lat' dir='ltr'>recepit</span> <span class='ocrx_word' id='word_1_271' title='bbox 1109 2326 1290 2391; x_wconf 62' lang='lat' dir='ltr'>H’artung.</span> <span class='ocrx_word' id='word_1_272' title='bbox 1317 2345 1474 2380; x_wconf 83' lang='lat' dir='ltr'>&#39;lonosis</span> <span class='ocrx_word' id='word_1_273' title='bbox 1500 2344 1592 2391; x_wconf 77' lang='grc' dir='ltr'><em>οἶδε,</em></span> <span class='ocrx_word' id='word_1_274' title='bbox 1619 2358 1730 2391; x_wconf 89' lang='lat' dir='ltr'>quam</span> 
     </span>
     <span class='ocr_line' id='line_1_32' title="bbox 200 2392 1732 2439; baseline 0.002 -12"><span class='ocrx_word' id='word_1_275' title='bbox 200 2395 231 2428; x_wconf 94' lang='lat' dir='ltr'>A</span> <span class='ocrx_word' id='word_1_276' title='bbox 254 2392 422 2436; x_wconf 84' lang='lat' dir='ltr'>exhibet,</span> <span class='ocrx_word' id='word_1_277' title='bbox 450 2393 622 2439; x_wconf 88' lang='lat' dir='ltr'>congruit</span> <span class='ocrx_word' id='word_1_278' title='bbox 642 2405 726 2429; x_wconf 93' lang='lat' dir='ltr'>cum</span> <span class='ocrx_word' id='word_1_279' title='bbox 745 2395 913 2428; x_wconf 85' lang='lat' dir='ltr'>veterum</span> <span class='ocrx_word' id='word_1_280' title='bbox 934 2393 1262 2438; x_wconf 82' lang='lat' dir='ltr'>grammaticorum</span> <span class='ocrx_word' id='word_1_281' title='bbox 1279 2392 1501 2438; x_wconf 80' lang='lat' dir='ltr'>praeceptis,</span> <span class='ocrx_word' id='word_1_282' title='bbox 1521 2394 1594 2429; x_wconf 90' lang='lat' dir='ltr'>vid.</span> <span class='ocrx_word' id='word_1_283' title='bbox 1616 2394 1732 2430; x_wconf 85' lang='lat' dir='ltr'>Lehrs</span> 
     </span>
     <span class='ocr_line' id='line_1_33' title="bbox 200 2421 1732 2500; baseline 0.001 -24"><span class='ocrx_word' id='word_1_284' title='bbox 200 2440 349 2484; x_wconf 76' lang='lat' dir='ltr'>Quaest.</span> <span class='ocrx_word' id='word_1_285' title='bbox 382 2421 448 2486; x_wconf 67' lang='lat' dir='ltr'><strong>Ep.</strong></span> <span class='ocrx_word' id='word_1_286' title='bbox 484 2445 567 2485; x_wconf 89' lang='lat'>133,</span> <span class='ocrx_word' id='word_1_287' title='bbox 609 2441 743 2484; x_wconf 87' lang='lat' dir='ltr'>quibus</span> <span class='ocrx_word' id='word_1_288' title='bbox 755 2441 914 2500; x_wconf 77' lang='lat' dir='ltr'>passim</span> <span class='ocrx_word' id='word_1_289' title='bbox 951 2440 1094 2476; x_wconf 87' lang='lat' dir='ltr'>librarii</span> <span class='ocrx_word' id='word_1_290' title='bbox 1124 2441 1229 2476; x_wconf 87' lang='lat' dir='ltr'>velut</span> <span class='ocrx_word' id='word_1_291' title='bbox 1263 2441 1364 2485; x_wconf 88' lang='lat' dir='ltr'>apud</span> <span class='ocrx_word' id='word_1_292' title='bbox 1400 2440 1632 2495; x_wconf 67' lang='lat' dir='ltr'>Herodotum</span> <span class='ocrx_word' id='word_1_293' title='bbox 1670 2442 1732 2477; x_wconf 93' lang='lat' dir='ltr'>ob-</span> 
     </span>
     <span class='ocr_line' id='line_1_34' title="bbox 198 2485 1733 2544; baseline 0.002 -22"><span class='ocrx_word' id='word_1_294' title='bbox 198 2489 511 2544; x_wconf 85' lang='lat' dir='ltr'>temperaverunt</span> <span class='ocrx_word' id='word_1_295' title='bbox 533 2509 577 2514; x_wconf 89' lang='lat'>—</span> <span class='ocrx_word' id='word_1_296' title='bbox 599 2488 642 2523; x_wconf 95' lang='lat' dir='ltr'>V.</span> <span class='ocrx_word' id='word_1_297' title='bbox 664 2493 719 2525; x_wconf 83' lang='lat'>42.</span> <span class='ocrx_word' id='word_1_298' title='bbox 748 2485 797 2533; x_wconf 85' lang='grc' dir='ltr'><em>ε’ς,</em></span> <span class='ocrx_word' id='word_1_299' title='bbox 816 2487 870 2528; x_wconf 85' lang='grc' dir='ltr'>εἰς</span> <span class='ocrx_word' id='word_1_300' title='bbox 889 2488 932 2524; x_wconf 90' lang='lat' dir='ltr'><strong>A.</strong></span> <span class='ocrx_word' id='word_1_301' title='bbox 956 2509 998 2514; x_wconf 91' lang='lat'>-—-</span> <span class='ocrx_word' id='word_1_302' title='bbox 1019 2488 1063 2524; x_wconf 90' lang='lat' dir='ltr'>V.</span> <span class='ocrx_word' id='word_1_303' title='bbox 1083 2492 1140 2524; x_wconf 89' lang='lat'><strong>44.</strong></span> <span class='ocrx_word' id='word_1_304' title='bbox 1166 2492 1351 2532; x_wconf 82' lang='grc' dir='ltr'><em>κακοῖσιν,</em></span> <span class='ocrx_word' id='word_1_305' title='bbox 1377 2492 1510 2528; x_wconf 82' lang='grc' dir='ltr'><em>κακοῖς</em></span> <span class='ocrx_word' id='word_1_306' title='bbox 1534 2488 1558 2533; x_wconf 90' lang='lat' dir='ltr'>i,</span> <span class='ocrx_word' id='word_1_307' title='bbox 1584 2494 1733 2525; x_wconf 87' lang='grc' dir='ltr'><em>κακοῖσι</em></span> 
     </span>
     <span class='ocr_line' id='line_1_35' title="bbox 197 2531 1732 2583; baseline 0.001 -12"><span class='ocrx_word' id='word_1_308' title='bbox 197 2531 272 2582; x_wconf 85' lang='grc' dir='ltr'><em>α’δῃ</em></span> <span class='ocrx_word' id='word_1_309' title='bbox 301 2535 362 2571; x_wconf 90' lang='lat' dir='ltr'>hic</span> <span class='ocrx_word' id='word_1_310' title='bbox 394 2537 432 2571; x_wconf 90' lang='lat' dir='ltr'>et</span> <span class='ocrx_word' id='word_1_311' title='bbox 463 2536 546 2571; x_wconf 88' lang='lat' dir='ltr'>aliis</span> <span class='ocrx_word' id='word_1_312' title='bbox 577 2536 669 2572; x_wconf 89' lang='lat' dir='ltr'>locis</span> <span class='ocrx_word' id='word_1_313' title='bbox 695 2531 854 2581; x_wconf 88' lang='lat' dir='ltr'>requirit</span> <span class='ocrx_word' id='word_1_314' title='bbox 876 2535 1050 2572; x_wconf 85' lang='lat' dir='ltr'>Leutsch.</span> <span class='ocrx_word' id='word_1_315' title='bbox 1082 2532 1173 2582; x_wconf 83' lang='grc' dir='ltr'><em>α’δῃ,</em></span> <span class='ocrx_word' id='word_1_316' title='bbox 1206 2532 1297 2580; x_wconf 81' lang='grc' dir='ltr'><em>άδηι</em></span> <span class='ocrx_word' id='word_1_317' title='bbox 1321 2535 1372 2580; x_wconf 93' lang='lat' dir='ltr'>A,</span> <span class='ocrx_word' id='word_1_318' title='bbox 1403 2532 1494 2581; x_wconf 87' lang='grc' dir='ltr'><em>α”δηι</em></span> <span class='ocrx_word' id='word_1_319' title='bbox 1521 2536 1569 2579; x_wconf 94' lang='lat' dir='ltr'>O,</span> <span class='ocrx_word' id='word_1_320' title='bbox 1602 2533 1677 2572; x_wconf 78' lang='grc' dir='ltr'><em>ἁδὺ</em></span> <span class='ocrx_word' id='word_1_321' title='bbox 1704 2549 1732 2583; x_wconf 86' lang='lat' dir='ltr'>r,</span> 
     </span>
     <span class='ocr_line' id='line_1_36' title="bbox 197 2549 1732 2630; baseline 0.001 -12"><span class='ocrx_word' id='word_1_322' title='bbox 197 2549 272 2628; x_wconf 79' lang='grc' dir='ltr'><em>ἄδῆ</em></span> <span class='ocrx_word' id='word_1_323' title='bbox 306 2583 358 2627; x_wconf 87' lang='lat' dir='ltr'>el,</span> <span class='ocrx_word' id='word_1_324' title='bbox 390 2581 464 2627; x_wconf 81' lang='grc' dir='ltr'>ἁδῆ</span> <span class='ocrx_word' id='word_1_325' title='bbox 501 2583 626 2628; x_wconf 89' lang='lat' dir='ltr'>ceteri,</span> <span class='ocrx_word' id='word_1_326' title='bbox 659 2583 851 2619; x_wconf 82' lang='lat' dir='ltr'>Turnebus</span> <span class='ocrx_word' id='word_1_327' title='bbox 885 2584 990 2630; x_wconf 86' lang='grc' dir='ltr'><em>δοκῇ.</em></span> <span class='ocrx_word' id='word_1_328' title='bbox 1026 2604 1070 2609; x_wconf 92' lang='lat'><em>-</em></span> <span class='ocrx_word' id='word_1_329' title='bbox 1101 2583 1146 2618; x_wconf 89' lang='lat' dir='ltr'>V.</span> <span class='ocrx_word' id='word_1_330' title='bbox 1178 2587 1235 2619; x_wconf 87' lang='lat'>45.</span> <span class='ocrx_word' id='word_1_331' title='bbox 1263 2584 1473 2628; x_wconf 84' lang='grc' dir='ltr'><em>φθείρωσιν</em></span> <span class='ocrx_word' id='word_1_332' title='bbox 1508 2584 1546 2619; x_wconf 89' lang='lat' dir='ltr'>et</span> <span class='ocrx_word' id='word_1_333' title='bbox 1577 2585 1732 2620; x_wconf 84' lang='grc' dir='ltr'><em>διδῶσιν</em></span> 
     </span>
     <span class='ocr_line' id='line_1_37' title="bbox 197 2630 1733 2676; baseline 0.001 -10"><span class='ocrx_word' id='word_1_334' title='bbox 197 2631 332 2676; x_wconf 86' lang='lat' dir='ltr'>vulgo,</span> <span class='ocrx_word' id='word_1_335' title='bbox 365 2632 593 2676; x_wconf 84' lang='grc' dir='ltr'><em>φθείρουσιν</em></span> <span class='ocrx_word' id='word_1_336' title='bbox 625 2632 663 2676; x_wconf 87' lang='lat' dir='ltr'>(v</span> <span class='ocrx_word' id='word_1_337' title='bbox 690 2642 712 2666; x_wconf 91' lang='lat' dir='ltr'>a</span> <span class='ocrx_word' id='word_1_338' title='bbox 743 2642 814 2667; x_wconf 84' lang='lat' dir='ltr'>sec.</span> <span class='ocrx_word' id='word_1_339' title='bbox 840 2643 888 2666; x_wconf 88' lang='lat' dir='ltr'><strong>m.</strong></span> <span class='ocrx_word' id='word_1_340' title='bbox 924 2632 967 2667; x_wconf 87' lang='lat' dir='ltr'>ut</span> <span class='ocrx_word' id='word_1_341' title='bbox 992 2631 1066 2667; x_wconf 85' lang='lat' dir='ltr'><strong>vid.</strong></span> <span class='ocrx_word' id='word_1_342' title='bbox 1096 2630 1134 2665; x_wconf 92' lang='lat' dir='ltr'>in</span> <span class='ocrx_word' id='word_1_343' title='bbox 1167 2630 1290 2676; x_wconf 84' lang='lat' dir='ltr'>spatio</span> <span class='ocrx_word' id='word_1_344' title='bbox 1315 2641 1434 2666; x_wconf 84' lang='lat' dir='ltr'>vacuo</span> <span class='ocrx_word' id='word_1_345' title='bbox 1465 2631 1564 2666; x_wconf 78' lang='lat' dir='ltr'>inter</span> <span class='ocrx_word' id='word_1_346' title='bbox 1589 2644 1608 2667; x_wconf 94' lang='grc' dir='ltr'><em>ο</em></span> <span class='ocrx_word' id='word_1_347' title='bbox 1635 2633 1674 2667; x_wconf 86' lang='lat' dir='ltr'>et</span> <span class='ocrx_word' id='word_1_348' title='bbox 1699 2634 1733 2676; x_wconf 89' lang='grc' dir='ltr'>σ)</span> 
     </span>
     <span class='ocr_line' id='line_1_38' title="bbox 199 2677 1732 2725; baseline 0 -11"><span class='ocrx_word' id='word_1_349' title='bbox 199 2680 238 2714; x_wconf 90' lang='lat' dir='ltr'>et</span> <span class='ocrx_word' id='word_1_350' title='bbox 263 2679 412 2714; x_wconf 79' lang='grc' dir='ltr'><em>διδοῦσι</em></span> <span class='ocrx_word' id='word_1_351' title='bbox 439 2679 482 2723; x_wconf 89' lang='grc' dir='ltr'>Α,</span> <span class='ocrx_word' id='word_1_352' title='bbox 508 2689 604 2722; x_wconf 88' lang='lat' dir='ltr'>quae</span> <span class='ocrx_word' id='word_1_353' title='bbox 628 2678 820 2714; x_wconf 87' lang='lat' dir='ltr'>revocavit</span> <span class='ocrx_word' id='word_1_354' title='bbox 844 2678 1030 2724; x_wconf 84' lang='lat' dir='ltr'>Hartung,</span> <span class='ocrx_word' id='word_1_355' title='bbox 1064 2678 1109 2714; x_wconf 91' lang='lat' dir='ltr'>de</span> <span class='ocrx_word' id='word_1_356' title='bbox 1141 2679 1327 2713; x_wconf 83' lang='lat' dir='ltr'>structura</span> <span class='ocrx_word' id='word_1_357' title='bbox 1356 2677 1448 2723; x_wconf 90' lang='lat' dir='ltr'>loci,</span> <span class='ocrx_word' id='word_1_358' title='bbox 1480 2690 1592 2723; x_wconf 86' lang='lat' dir='ltr'>quam</span> <span class='ocrx_word' id='word_1_359' title='bbox 1624 2689 1732 2725; x_wconf 87' lang='lat' dir='ltr'>expe-</span> 
     </span>
     <span class='ocr_line' id='line_1_39' title="bbox 200 2725 1731 2771; baseline 0.001 -11"><span class='ocrx_word' id='word_1_360' title='bbox 200 2725 278 2761; x_wconf 90' lang='lat' dir='ltr'>divi</span> <span class='ocrx_word' id='word_1_361' title='bbox 314 2726 354 2762; x_wconf 91' lang='lat' dir='ltr'>in</span> <span class='ocrx_word' id='word_1_362' title='bbox 389 2725 705 2762; x_wconf 86' lang='lat' dir='ltr'>commentatione</span> <span class='ocrx_word' id='word_1_363' title='bbox 744 2726 789 2761; x_wconf 91' lang='lat' dir='ltr'>de</span> <span class='ocrx_word' id='word_1_364' title='bbox 827 2725 1044 2771; x_wconf 85' lang='lat' dir='ltr'>Theognide</span> <span class='ocrx_word' id='word_1_365' title='bbox 1070 2725 1111 2761; x_wconf 87' lang='lat' dir='ltr'>in</span> <span class='ocrx_word' id='word_1_366' title='bbox 1142 2726 1235 2762; x_wconf 83' lang='lat' dir='ltr'><strong>Mus.</strong></span> <span class='ocrx_word' id='word_1_367' title='bbox 1268 2725 1337 2760; x_wconf 86' lang='lat' dir='ltr'>Rh.</span> <span class='ocrx_word' id='word_1_368' title='bbox 1370 2726 1432 2769; x_wconf 89' lang='lat' dir='ltr'>HI,</span> <span class='ocrx_word' id='word_1_369' title='bbox 1459 2736 1504 2761; x_wconf 86' lang='lat' dir='ltr'>ea</span> <span class='ocrx_word' id='word_1_370' title='bbox 1533 2725 1731 2771; x_wconf 78' lang='lat' dir='ltr'>professus,</span> 
     </span>
     <span class='ocr_line' id='line_1_40' title="bbox 201 2772 1731 2820; baseline 0.001 -12"><span class='ocrx_word' id='word_1_371' title='bbox 201 2785 297 2819; x_wconf 88' lang='lat' dir='ltr'>quae</span> <span class='ocrx_word' id='word_1_372' title='bbox 323 2774 427 2809; x_wconf 89' lang='lat' dir='ltr'>nullo</span> <span class='ocrx_word' id='word_1_373' title='bbox 447 2774 560 2819; x_wconf 85' lang='lat' dir='ltr'>pacto</span> <span class='ocrx_word' id='word_1_374' title='bbox 586 2773 737 2818; x_wconf 88' lang='lat' dir='ltr'>probari</span> <span class='ocrx_word' id='word_1_375' title='bbox 755 2774 921 2819; x_wconf 85' lang='lat' dir='ltr'>possunt.</span> <span class='ocrx_word' id='word_1_376' title='bbox 966 2774 1091 2809; x_wconf 84' lang='lat' dir='ltr'>Etiam</span> <span class='ocrx_word' id='word_1_377' title='bbox 1110 2773 1271 2809; x_wconf 85' lang='lat' dir='ltr'>Leutsch</span> <span class='ocrx_word' id='word_1_378' title='bbox 1292 2772 1441 2817; x_wconf 85' lang='lat' dir='ltr'>(Philol.</span> <span class='ocrx_word' id='word_1_379' title='bbox 1456 2772 1543 2808; x_wconf 93' lang='lat' dir='ltr'>XXI</span> <span class='ocrx_word' id='word_1_380' title='bbox 1558 2777 1623 2808; x_wconf 88' lang='lat'><strong>141</strong></span> <span class='ocrx_word' id='word_1_381' title='bbox 1639 2775 1731 2820; x_wconf 84' lang='lat' dir='ltr'>seq.)</span> 
     </span>
     <span class='ocr_line' id='line_1_41' title="bbox 200 2820 1732 2867; baseline 0.001 -11"><span class='ocrx_word' id='word_1_382' title='bbox 200 2821 338 2866; x_wconf 83' lang='lat' dir='ltr'>probat</span> <span class='ocrx_word' id='word_1_383' title='bbox 357 2821 437 2857; x_wconf 88' lang='lat' dir='ltr'>cod.</span> <span class='ocrx_word' id='word_1_384' title='bbox 465 2822 498 2856; x_wconf 91' lang='lat' dir='ltr'>A</span> <span class='ocrx_word' id='word_1_385' title='bbox 517 2821 752 2867; x_wconf 88' lang='lat' dir='ltr'>scripturam,</span> <span class='ocrx_word' id='word_1_386' title='bbox 778 2821 842 2856; x_wconf 88' lang='lat' dir='ltr'>sed</span> <span class='ocrx_word' id='word_1_387' title='bbox 867 2821 900 2856; x_wconf 84' lang='lat' dir='ltr'>is</span> <span class='ocrx_word' id='word_1_388' title='bbox 919 2821 1122 2866; x_wconf 82' lang='lat' dir='ltr'>praeeunte</span> <span class='ocrx_word' id='word_1_389' title='bbox 1139 2820 1310 2856; x_wconf 86' lang='lat' dir='ltr'>Bekkero</span> <span class='ocrx_word' id='word_1_390' title='bbox 1330 2820 1416 2855; x_wconf 84' lang='lat' dir='ltr'>inde</span> <span class='ocrx_word' id='word_1_391' title='bbox 1438 2832 1460 2855; x_wconf 91' lang='lat' dir='ltr'>a</span> <span class='ocrx_word' id='word_1_392' title='bbox 1473 2832 1507 2856; x_wconf 90' lang='lat' dir='ltr'><strong>v.</strong></span> <span class='ocrx_word' id='word_1_393' title='bbox 1528 2824 1573 2856; x_wconf 81' lang='grc'>47</span> <span class='ocrx_word' id='word_1_394' title='bbox 1593 2832 1732 2857; x_wconf 88' lang='lat' dir='ltr'>novum</span> 
     </span>
     <span class='ocr_line' id='line_1_42' title="bbox 199 2867 1734 2914; baseline 0.001 -11"><span class='ocrx_word' id='word_1_395' title='bbox 199 2870 453 2914; x_wconf 86' lang='lat' dir='ltr'>fragmentum</span> <span class='ocrx_word' id='word_1_396' title='bbox 482 2868 653 2905; x_wconf 89' lang='lat' dir='ltr'>inchoari</span> <span class='ocrx_word' id='word_1_397' title='bbox 685 2867 813 2913; x_wconf 88' lang='lat' dir='ltr'>credit,</span> <span class='ocrx_word' id='word_1_398' title='bbox 840 2880 1066 2913; x_wconf 86' lang='lat' dir='ltr'>quamquam</span> <span class='ocrx_word' id='word_1_399' title='bbox 1091 2867 1254 2904; x_wconf 85' lang='lat' dir='ltr'>eiusdem</span> <span class='ocrx_word' id='word_1_400' title='bbox 1290 2867 1464 2903; x_wconf 84' lang='lat' dir='ltr'>carminis</span> <span class='ocrx_word' id='word_1_401' title='bbox 1489 2868 1616 2903; x_wconf 90' lang='lat' dir='ltr'>omnia</span> <span class='ocrx_word' id='word_1_402' title='bbox 1641 2869 1734 2905; x_wconf 83' lang='lat' dir='ltr'>haec</span> 
     </span>
     <span class='ocr_line' id='line_1_43' title="bbox 201 2914 1730 2974; baseline 0.001 -23"><span class='ocrx_word' id='word_1_403' title='bbox 201 2927 280 2951; x_wconf 87' lang='lat' dir='ltr'>esse</span> <span class='ocrx_word' id='word_1_404' title='bbox 300 2916 469 2974; x_wconf 84' lang='lat' dir='ltr'>largitur.</span> <span class='ocrx_word' id='word_1_405' title='bbox 504 2937 548 2942; x_wconf 97' lang='lat'><strong>—</strong></span> <span class='ocrx_word' id='word_1_406' title='bbox 578 2916 621 2954; x_wconf 92' lang='lat' dir='ltr'>V.</span> <span class='ocrx_word' id='word_1_407' title='bbox 648 2921 703 2952; x_wconf 84' lang='lat'>46.</span> <span class='ocrx_word' id='word_1_408' title='bbox 743 2929 809 2962; x_wconf 85' lang='grc' dir='ltr'>κερ</span> <span class='ocrx_word' id='word_1_409' title='bbox 813 2915 910 2952; x_wconf 81' lang='grc' dir='ltr'><em>δέων</em></span> <span class='ocrx_word' id='word_1_410' title='bbox 930 2916 1008 2960; x_wconf 91' lang='grc' dir='ltr'>ΑΟ,</span> <span class='ocrx_word' id='word_1_411' title='bbox 1035 2915 1150 2951; x_wconf 89' lang='lat' dir='ltr'>ceteri</span> <span class='ocrx_word' id='word_1_412' title='bbox 1173 2916 1330 2959; x_wconf 81' lang='grc' dir='ltr'><em>κερδῶν.</em></span> <span class='ocrx_word' id='word_1_413' title='bbox 1358 2934 1403 2941; x_wconf 85' lang='lat'><strong>—</strong></span> <span class='ocrx_word' id='word_1_414' title='bbox 1427 2914 1493 2950; x_wconf 86' lang='grc' dir='ltr'>καὶ</span> <span class='ocrx_word' id='word_1_415' title='bbox 1517 2926 1589 2952; x_wconf 90' lang='lat' dir='ltr'>om.</span> <span class='ocrx_word' id='word_1_416' title='bbox 1618 2916 1659 2952; x_wconf 93' lang='grc' dir='ltr'><strong>Ο.</strong></span> <span class='ocrx_word' id='word_1_417' title='bbox 1685 2937 1730 2943; x_wconf 93' lang='grc'>-</span> 
     </span>
     <span class='ocr_line' id='line_1_44' title="bbox 199 2959 1730 3014; baseline 0.001 -16"><span class='ocrx_word' id='word_1_418' title='bbox 199 2963 243 3001; x_wconf 88' lang='lat' dir='ltr'>V.</span> <span class='ocrx_word' id='word_1_419' title='bbox 277 2967 332 3000; x_wconf 86' lang='grc'><strong>47.</strong></span> <span class='ocrx_word' id='word_1_420' title='bbox 378 2960 642 3014; x_wconf 81' lang='grc' dir='ltr'><em>ἆτρεμιεῐσθαι</em></span> <span class='ocrx_word' id='word_1_421' title='bbox 679 2963 833 3013; x_wconf 85' lang='lat' dir='ltr'>scripsi,</span> <span class='ocrx_word' id='word_1_422' title='bbox 872 2974 1031 3012; x_wconf 87' lang='lat' dir='ltr'>quocum</span> <span class='ocrx_word' id='word_1_423' title='bbox 1071 2962 1307 3000; x_wconf 84' lang='lat' dir='ltr'>Homericum</span> <span class='ocrx_word' id='word_1_424' title='bbox 1350 2959 1596 3008; x_wconf 81' lang='grc' dir='ltr'><em>αγλαϊεῖσθαι</em></span> <span class='ocrx_word' id='word_1_425' title='bbox 1632 2974 1730 2999; x_wconf 88' lang='lat' dir='ltr'>com-</span> 
     </span>
    </p>
   </div>
  </div>
 </body>
</html>
