1890 3216
16 706 22 714 ¹
0 546 18 689 “Apu-Vm.
0 515 15 539 tr

0 753 13 830 ‘'VT’'

0 313 27 494 V‘W*-.Q¹ww
0 255 24 308 ῩῬΤ..
11 228 24 239 ¹-
9 185 26 195 -Ι
10 174 13 178 ⁴
16 154 26 162 ξ
30 144 34 147 Α

794 207 1054 246 macoma
1591 199 1593 201 ’
1609 207 1693 251 159

247 318 328 376 Μή
360 317 458 365 ποτ’
495 316 561 363 ἐπ’
597 316 862 377 ἀπρήκτοισι
894 315 1007 362 νόον
1040 319 1131 374 ἔχε,
1163 315 1274 374 μηδὲ
1305 317 1513 374 μενοίνα,

306 390 521 451 χρήμασι,
553 393 644 436 τῶν
675 389 835 442 ἄνυσις
865 392 1036 447 γίνεται
1068 385 1270 446 οὐδεμία.

248 535 492 595 Εὐμαρέως
522 553 590 580 τοι
623 537 769 593 χρῆμα
801 533 903 579 θεοὶ
937 532 1079 578 δόσαν
1112 531 1215 577 οὔτε
1247 549 1289 576 τι
1319 530 1459 576 καλὸν
1627 545 1695 577 515

308 605 402 653 οὔτ’
437 605 634 663 ἀγαθόν·
667 608 842 666 χαλεπῷ
877 603 918 650 δ’
955 607 1136 664 ἔργματι
1168 606 1306 656 κῦδος
1339 606 1420 648 ἔπι.

155 787 260 825 Stob.
288 785 368 846 (sed
388 780 1135 844 AVind.Trino.&yuvpm),‚1&‘ynv9ac.
1157 804 1202 811 -
1229 780 1486 843 ἀπορρήξασα,
1513 795 1572 830 ap.
1595 785 1697 822 Stob.

154 832 654 888 Τ11110.ἇπορρήξασαι.-
681 832 722 869 V.
749 836 830 868 461.
859 828 935 878 ἐπ’,
962 829 1056 875 Ιὲν,
1082 843 1154 868 om.
1175 843 1231 877 cg.
1255 853 1298 858 —-
1327 845 1417 867 νοον
1445 830 1518 878 ε’,χε
1543 844 1700 869 numero

153 883 299 921 labanti
332 886 374 919 ut
407 881 648 919 subvenirent
671 881 722 917 M.
750 880 921 916 Schmidt
946 881 984 915 et
1010 879 1228 916 Heimsoeth
1264 879 1379 925 σχέθε
1415 881 1699 917 commendave-

151 933 260 980 runt,
284 931 386 978 quod
412 930 612 975 occupavit
635 929 776 964 dudum
804 928 993 964 Hermann
1019 927 1067 963 ad
1088 927 1201 974 Orph.
1223 940 1258 973 p.
1281 931 1367 972 765,
1393 928 1472 964 iure
1498 929 1699 975 repudians

154 973 323 1027 priorum
342 979 595 1015 commentum
615 974 706 1013 νόον
717 973 764 1034 γ’
789 975 863 1035 ἔχε.
902 975 953 1011 At
972 973 1022 1022 μὴ
1044 975 1159 1021 σχέθε
1187 975 1369 1012 sermonis
1395 977 1522 1022 graeci
1547 988 1700 1014 consue-

155 1027 280 1065 tudini
304 1027 540 1069 adversatur,
565 1037 652 1061 nam
680 1022 729 1071 μὴ
758 1024 898 1071 σχέθῃς
923 1024 1124 1070 oportebat
1150 1023 1234 1059 dici.
1288 1023 1510 1070 Apollonius
1543 1036 1632 1061 sane
1665 1026 1703 1061 et

156 1074 390 1112 Herodianus
403 1072 530 1120 σχέθω
547 1074 768 1119 agnoscunt,
781 1072 902 1107 nostri
920 1071 1159 1118 grammatici
1177 1071 1359 1107 dissident
1375 1072 1421 1107 de
1436 1072 1541 1108 verbi
1554 1074 1701 1117 natura,

156 1123 224 1160 alii
247 1123 393 1159 veteres
418 1121 619 1168 magistros
646 1122 866 1166 sequuntur,
892 1119 1082 1176 plerisque
1109 1120 1166 1155 est
1191 1120 1372 1164 aoristus,
1403 1120 1442 1155 id
1468 1121 1570 1166 quod
1595 1122 1701 1157 Euri-

157 1170 257 1229 pidis
282 1181 410 1208 versus
436 1169 536 1216 apud
555 1167 721 1205 Erotian.
746 1173 812 1204 119
821 1172 1016 1225 γυναῖκες
1041 1164 1234 1214 ὁρμήθητε
1263 1164 1355 1214 μηδ’
1378 1165 1554 1214 ἀθυμίαν
1580 1168 1700 1216 σχέθῃ

156 1232 212 1261 τις
237 1215 364 1277 υμῶν,
390 1218 510 1254 ταῦτα
529 1231 603 1263 γαρ
618 1217 796 1262 σκεθρῶς
815 1213 910 1261 ὁρᾶν
930 1218 1006 1252 κτλ.
1033 1215 1248 1252 confirmat:
1275 1227 1362 1252 nam
1382 1215 1558 1252 Vulcanii
1577 1229 1701 1253 emen-

158 1267 263 1303 datio
290 1264 411 1313 σχέθῃ
440 1266 543 1311 (libri
568 1276 684 1319 prono
712 1275 835 1301 errore
862 1261 1045 1310 σκεθρήν)
1070 1263 1167 1299 1111111
1193 1264 1421 1300 dubitationi
1441 1266 1499 1300 est
1528 1265 1701 1301 obnoxia.

158 1315 277 1352 Attici
295 1314 412 1373 igitur
427 1312 620 1360 ἔσχεθον”
610 1325 650 1348 111
668 1313 895 1349 aoristorum
914 1322 1110 1349 numerum
1124 1312 1367 1357 rettulerunt3
1388 1312 1523 1357 quibus
1545 1313 1577 1348 si
1597 1325 1702 1372 prae—

159 1374 244 1400 sens
270 1361 396 1408 σχέθω
422 1362 627 1407 probatum
652 1360 800 1405 fuisset,
837 1359 1034 1406 Euripides
1060 1357 1109 1406 μὴ
1137 1358 1305 1405 σχεθέτω
1332 1340 1507 1405 dixisset,
1539 1373 1627 1397 nam
1651 1359 1702 1408 μὴ

159 1409 280 1458 σχέθῃ
307 1421 381 1446 11011
406 1410 529 1445 minus
554 1409 686 1457 foedus
710 1408 965 1445 barbarismus
990 1408 1093 1444 visus
1118 1410 1226 1451 esset,
1253 1419 1365 1466 quam
1386 1408 1418 1444 si
1437 1389 1521 1454 quis
1541 1406 1591 1455 μὴ
1610 1408 1700 1457 λέγη

160 1458 380 1505 scripsisset.
419 1458 499 1494 Iam
524 1457 555 1493 si
576 1457 659 1503 quis
681 1456 872 1493 existimet
891 1453 941 1503 μὴ
963 1454 1078 1502 σχέθε
1099 1467 1167 1501 pro
1188 1453 1238 1502 μὴ
1260 1454 1400 1503 σχὲθῃς
1426 1447 1704 1493 admittendum

160 1517 254 1550 esse,
281 1505 583 1552 quandoquidem
611 1504 753 1550 passim
773 1515 914 1550 negans
934 1504 1069 1540 vocula
1089 1503 1204 1539 etiam
1224 1516 1309 1539 cum
1329 1504 1553 1550 imperativo
1574 1506 1706 1542 aoristi

160 1553 427 1610 coniungatur,
461 1553 663 1589 tenendum
695 1554 752 1588 est
783 1551 914 1588 aoristi
937 1552 955 1587 Ι
981 1552 1160 1606 pleraque
1192 1563 1272 1587 esse
1301 1553 1491 1598 exempl&
1524 1554 1629 1590 velut
1653 1551 1703 1612 μὴ

165 1602 330 1647 ψεῦσον,
357 1599 406 1659 μὴ
433 1598 641 1658 νομισάτω,
668 1595 761 1643 alia,
786 1611 872 1636 rara
892 1598 1024 1636 aoristi
1041 1600 1075 1635 ΙΙ
1089 1595 1323 1656 praesertim
1348 1601 1447 1646 apud
1468 1601 1627 1646 Atticos,
1653 1600 1703 1648 μὴ

163 1649 298 1695 ἔνθεο,
336 1646 385 1695 μὴ
420 1646 635 1684 καταδύσεο
667 1629 767 1694 apud
798 1648 1020 1694 Homerum,
1053 1645 1102 1695 μὴ
1136 1646 1246 1683 ἰδέτω
1277 1648 1378 1694 apud
1404 1648 1704 1695 Xenophontem

163 1698 237 1735 Sed
254 1677 389 1733 hdrum
408 1696 663 1742 exemplorum
682 1696 807 1732 nullus
826 1694 888 1732 hic
908 1696 966 1732 est
983 1707 1083 1740 usus,
1109 1694 1296 1741 siquidem
1321 1696 1567 1742 imperativus
1588 1696 1703 1743 σχέθε

162 1745 264 1792 quod
299 1745 415 1782 sciam
446 1755 632 1801 nusquam
663 1744 820 1804 legitur,
856 1743 923 1780 sed
954 1742 1123 1790 σχεθέτω
1155 1743 1339 1779 Homerus
1373 1745 1440 1780 Od.
1470 1745 1502 1779 Θ
1527 1749 1607 1781 437.
1635 1750 1704 1782 442

162 1792 366 1840 usurpavit.
405 1791 528 1828 Possis
553 1790 645 1828 νόον
672 1790 774 1838 σχὲς
800 1791 1044 1836 substituere,
1071 1791 1136 1827 sed
1167 1791 1342 1837 equidem
1368 1797 1494 1838 σχεῖν
1519 1794 1543 1829 i.
1565 1805 1595 1830 e.
1624 1791 1706 1829 ἐπι-

163 1845 266 1888 σχεῖν
298 1840 610 1895 praeoptaverim.
661 1840 836 1876 Nondum
870 1842 999 1876 tamen
1033 1840 1136 1875 locus
1172 1838 1384 1886 expeditus,
1422 1851 1510 1876 nam
1545 1839 1707 1888 χρήμασι

164 1892 323 1936 apparet
347 1887 648 1934 coniungendum
674 1899 754 1924 esse
780 1899 865 1923 cum
890 1884 1132 1934 ἀπρήκτοισι,
1165 1899 1239 1924 11011
1268 1899 1354 1923 011111
1382 1888 1552 1934 proximo
1582 1890 1705 1936 priore

163 1938 280 1974 verbo
305 1937 480 1983 μ.ενοίνα
515 1936 582 1972 sed
605 1936 698 1972 haec
723 1936 921 1972 verborum
947 1935 1120 1972 traiectio
1146 1935 1185 1971 in
1210 1935 1366 1981 antiquo
1392 1938 1517 1982 poeta
1532 1937 1705 1974 offendit.

165 1950 410 2021 Alexandrini
428 1983 581 2041 quidem
599 1984 695 2020 hanc
714 1983 906 2020 licentiam
925 1982 1176 2041 frequentant,
1195 1984 1301 2020 velut
1321 1984 1475 2021 Theocr.
1498 1985 1656 2021 XXVIII
1667 1991 1706 2022 6.

165 2028 267 2074 ὅπως
291 2033 417 2076 ξεῖνον
444 2029 537 2089 ἐμὸν
563 2027 727 2090 τέρψομ’
757 2029 866 2077 ἰδών,
898 2028 1234 2078 κᾶντιφιλήσομαι,
1268 2033 1412 2068 Νικίαν
1438 2034 1601 2079 χαρίτων
1627 2032 1706 2080 ἴμε-

166 2077 351 2139 ροφώνων
389 2077 493 2138 ἴερόν
533 2078 674 2125 φυτόν,
711 2091 806 2125 quae
845 2091 920 2116 11011
957 2080 1120 2116 debebat
1153 2081 1300 2116 tentare
1332 2080 1488 2127 Ahrens‚
1519 2081 1640 2116 XXIX
1667 2087 1705 2118 3:

166 2125 370 2212 Ε’Ξῖἷῖζῃὲῗ
385 2108 988 2234 1,τεῖῑοῖΞῖιῗέθὲἷεῗιέὲξαέρ.ξῖ
1009 2110 1707 2221 &3²31Ussssxiifig'vassssleffffafflssz

167 2225 284 2260 εἴσιδε
310 2221 377 2260 τὸν
402 2221 521 2260 πάλαι
545 2236 717 2282 ποιηταν.
757 2223 1009 2260 Callimachus
1029 2224 1071 2259 fr.
1090 2227 1174 2259 176:
1201 2222 1267 2260 τὸν
1289 2223 1358 2260 οὐκ
1380 2223 1515 2270 ἔπλησε
1537 2224 1708 2286 φέρουσα

168 2269 306 2331 μήτηρ,
333 2267 420 2307 ουδ’
449 2268 573 2317 ωδιν’,
599 2268 713 2308 ἐννέα
739 2272 861 2318 μῆνας
886 2267 1035 2317 (oi-ovs).
1079 2271 1180 2317 apud
1207 2271 1464 2309 Schol.11.2
1488 2277 1574 2309 399:
1603 2271 1642 2309 οἷ
1664 2270 1705 2309 δ’

169 2316 273 2356 ἕνεκ’
296 2315 500 2376 Εὐρυνόμη
525 2316 704 2364 Τιτηνιας
729 2317 838 2355 εἶπον
865 2317 1020 2355 ἔτικτεν.
1065 2319 1110 2355 fr.
1130 2323 1218 2356 306·
1243 2318 1311 2365 ,Μή
1332 2333 1377 2366 με
1398 2318 1464 2355 τὸν
1486 2318 1527 2357 ἐν
1549 2322 1709 2357 Δωδῶνι

167 2367 271 2413 λέγοι
295 2363 413 2425 μόνον
440 2380 583 2403 ουνεκα
609 2364 748 2425 χαλκὸν
766 2364 954 2413 ”.Ηγειρον
1005 2367 1049 2403 fr.
1075 2370 1164 2403 445.
1199 2369 1376 2413 (Νεῖλος,
1403 2363 1461 2414 ὃν)
1494 2366 1582 2404 οὐδ’
1611 2365 1708 2406 ὅθεν

169 2413 274 2451 οἶδεν
305 2412 434 2451 ὁδεύει
469 2412 614 2461 θνητὸς
644 2411 759 2462 ανήρ,
798 2416 1029 2460 eandemque
1067 2414 1259 2451 licentiam
1296 2416 1436 2452 imitati
1474 2419 1562 2452 sunt
1598 2417 1710 2453 latini

116 2508 120 2514 ‘
168 2464 322 2509 poetae,
355 2463 460 2499 velut
485 2462 654 2499 Catullus
680 2466 743 2508 44,
770 2466 809 2498 8.
845 2463 992 2506 tussim
1023 2463 1113 2499 Non
1137 2463 1338 2500 immerenti
1362 2476 1472 2510 quam
1497 2465 1588 2500 mihi
1612 2477 1710 2501 meus

169 2514 309 2554 venter,
340 2511 442 2546 Dum
462 2507 706 2557 sumptuosus
736 2514 884 2557 appeto,
915 2511 1033 2555 dedit,
1065 2521 1182 2547 cenas.
1234 2511 1337 2555 Quae
1364 2524 1409 2548 ex
1434 2512 1709 2558 antiquioribus

170 2557 282 2595 affert
304 2558 455 2595 Lobeck
482 2559 539 2594 Ai.
565 2571 599 2595 v.
625 2563 696 2595 476
722 2559 872 2604 (quibus
897 2558 1014 2594 addas
1038 2557 1165 2605 Eurip.
1192 2558 1382 2596 Phoeniss
1410 2562 1493 2604 386)
1528 2561 1708 2606 pleraque

170 2605 266 2642 alius
304 2606 450 2652 generis
489 2607 592 2651 sunt,
629 2606 758 2660 itaque
796 2606 921 2642 nescio
955 2617 1003 2641 an
1041 2606 1102 2642 hic
1134 2609 1238 2642 locus
1270 2607 1420 2665 gravius
1452 2608 1585 2644 vitium
1624 2620 1709 2644 con-

171 2653 346 2711 traxerit,
377 2654 686 2711 scribendumque
719 2653 769 2690 sit
803 2653 862 2689 vel
895 2651 944 2711 μῄ
977 2651 1063 2690 ποτ’
1099 2650 1161 2690 ἐπ’
1195 2651 1420 2715 απρήκτοισι
1454 2654 1547 2692 νόον
1581 2661 1708 2702 σχεῖν

172 2698 307 2760 μῄτε
321 2682 543 2748 μενοινὴν
579 2699 758 2760 χρήμασι,
794 2702 856 2738 vel
886 2699 978 2737 νόον
1010 2706 1131 2748 σχεῖν
1165 2701 1278 2762 μηδὲ
1295 2705 1453 2761 μενοίνα
1484 2702 1710 2760 χρήματα,

170 2749 245 2786 τῶν
281 2746 415 2791 ἄνυσις
444 2751 591 2796 γίνεται
621 2747 793 2810 ουδεμία.
844 2749 977 2785 Hartel
1007 2761 1127 2795 nuper
1158 2747 1220 2786 ἐπ’
1254 2747 1462 2809 απρήκτοις
1493 2748 1582 2797 σύγε
1615 2753 1709 2788 νοῦν

174 2794 248 2843 ἔχε.
277 2818 319 2824 -
345 2798 490 2856 γίννεται
516 2797 602 2841 ΑΟ,
627 2810 662 2834 v.
681 2799 862 2844 γίγνεται.
890 2817 935 2823 -
961 2797 1005 2834 V.
1026 2801 1108 2833 463.
1134 2795 1329 2855 εὐμαρέως
1354 2811 1428 2844 τοι,
1462 2798 1496 2834 A
1521 2812 1710 2857 ενμαρεωι

173 2855 263 2881 στοι.
290 2865 335 2872 -
368 2842 475 2890 οὔτε,
508 2858 533 2892 g
559 2843 661 2884 οὐδέ.
689 2866 733 2872 -
765 2859 818 2889 τι,
845 2843 919 2891 Ofg
920 2857 946 2880 n
969 2858 1038 2882 τοι.
1063 2865 1112 2872 --
1143 2843 1261 2881 καλὸν
1288 2846 1438 2893 scripsi,
1469 2847 1557 2883 libri
1581 2845 1709 2884 δειλὸν

174 2902 220 2928 ex
237 2893 439 2930 manifesta
457 2893 760 2950 interpolatione,
785 2892 934 2929 Heeker
953 2892 1047 2929 coni.
1069 2889 1152 2929 οὔτ’
1175 2890 1285 2940 ἐπίδῃ
1288 2896 1366 2940 λον,
1387 2894 1561 2952 Hartung
1579 2893 1710 2932 δεινὸν

175 2938 344 3024 {cripi-sits
367 2940 586 2978 Heimsoeth
611 2939 773 2978 κλεινόν.
803 2961 844 2966 -
878 2939 922 2976 V.
948 2943 1030 2976 464.
1063 2941 1239 2990 χαλεπῷ,
1256 2908 1472 2987 Ιηχαλεπόν.
1499 2963 1543 2970 —-
1576 2941 1640 2979 ἔπι
1664 2945 1709 2992 Α,

197 2999 255 3033 χει
279 2998 318 3024 re
