1890 3216
728 192 919 231 ΡΟΕΤΑΕ
948 192 1187 230 ELEGIACI.
1640 190 1725 235 377

396 303 470 348 οὐκ
500 303 552 347 ἂν
582 303 796 361 γεροὲμενος
826 302 895 347 τὸν
927 305 1081 347 ἐκείνου
1113 297 1331 359 ἐλλέβορον.

182 423 255 477 (ἄν
284 424 323 481 γ’
358 424 547 480 ἐρόμενος
579 428 719 478 Nch,
757 429 835 467 τῶν
875 428 951 477 Bc,
992 424 1178 480 ἐλὲβορον
1210 421 1360 480 Na).*)
1418 426 1620 477 Antiquus
1659 426 1728 465 ille

180 493 368 534 Euclides
388 496 441 540 ,et
472 507 496 533 a
528 506 684 543 scurra,
718 507 836 545 quem
868 494 1015 534 Athen.
1047 492 1107 532 VI.
1141 494 1225 532 242
1259 494 1566 540 commemorat,
1598 492 1726 532 diver-

182 574 250 601 sus
289 562 330 599 et
368 561 418 600 ab
457 573 502 599 eo
542 559 726 608 Euclide,
774 572 891 610 quem
930 560 1074 599 Pollux
1119 558 1179 597 III
1226 560 1300 598 82:
1335 553 1544 610 Ὑπερίδης
1583 555 1626 598 δὲ
1663 555 1730 597 καὶ

183 622 406 677 Εὐκλείδης
444 621 717 678 ὁμόδουλον
754 623 936 679 λέγουσιν
977 629 1018 665 et
1059 625 1111 663 VI
1149 627 1250 664 161:
1295 622 1362 664 καὶ
1404 619 1647 676 ἡμίκακον
1686 621 1730 664 δὲ

183 687 405 743 Εὐκλείδης
436 690 535 745 λέγει
575 690 641 731 καὶ
679 691 894 743 Σοφοκλῆς
938 692 1124 740 adhibet,
1166 691 1234 741 qui
1271 691 1431 741 quidem
1470 691 1578 730 haud
1610 690 1730 730 dubie

120 796 123 799 Α
182 759 423 798 Socraticum
455 759 665 798 intellexit.

303 824 429 864 Porro
468 825 608 863 extant
645 825 961 875 epigrammata,
999 837 1101 876 quae
1140 836 1235 863 sane
1272 823 1530 874 antiquorum
1570 823 1731 862 nomina

182 903 279 942 prae
312 903 355 930 se
386 890 539 939 ferunt,
573 890 642 930 sed
674 902 794 941 saepe
827 891 943 929 valde
977 890 1163 938 dubium,
1202 901 1303 939 quae
1341 889 1440 928 fides
1480 889 1731 938 inscriptioni

147 1005 156 1012 ι
185 957 238 996 sit
269 955 467 996 habenda.
516 955 646 1002 Quare
678 968 758 995 non
789 957 920 1006 recepi
951 955 1094 1005 Ayz'dis
1126 955 1252 1005 epigr.
1279 955 1318 993 in
1339 955 1462 994 Anth.
1482 954 1525 994 P.
1546 954 1604 993 VI
1628 955 1730 994 152:

398 1084 480 1126 Καὶ
511 1082 693 1135 στάλικας
723 1085 788 1126 καὶ
821 1082 951 1138 πτηνὰ
982 1083 1189 1140 λαγωβόλα
1221 1085 1283 1128 σοὶ
1313 1083 1406 1127 τάδε
1438 1087 1623 1138 Μείδων,

472 1152 615 1205 Φοῖβε,
648 1149 723 1192 σὺν
754 1152 923 1200 ἰξευταῖς
954 1150 1165 1204 ἐκρέμασεν
1195 1149 1405 1205 καλάμοις,

397 1217 524 1273 ἔργων
555 1217 594 1267 ἐξ
626 1214 770 1272 ὀλίγων
802 1215 939 1271 ὀλίγην
971 1214 1100 1259 δόσιν·
1132 1214 1186 1271 ’ἢν
1217 1217 1260 1259 δέ
1290 1235 1326 1259 τι
1357 1220 1489 1272 μεῖζον
1652 1228 1721 1261 678

471 1280 651 1338 δωρήσῃ,
682 1285 777 1325 τίσει
807 1284 931 1325 τῶνδε
962 1281 1221 1325 πολυπλάσια.

185 1430 279 1456 nam
311 1419 514 1457 auctorem
541 1417 660 1457 huius
688 1418 991 1469 epigrammatis
1018 1431 1105 1457 esse
1130 1417 1238 1468 Aym
1263 1419 1475 1471 Argivum,
1507 1418 1729 1457 Alexandri

185 1483 322 1534 magni
353 1483 577 1533 aequalem,
607 1497 727 1535 quem
760 1483 923 1523 Curtius
947 1486 1164 1533 pessImum
1202 1488 1422 1526 carminum
1452 1487 1544 1534 post
1576 1483 1731 1524 Choeri-

186 1550 267 1588 lum
295 1550 526 1589 conditorem
549 1551 687 1602 vocat,
713 1549 831 1589 nimis
857 1550 1064 1589 incertum.
1115 1550 1199 1590 Nec
1218 1552 1434 1591 Democriti
1460 1551 1587 1601 epigr.
1607 1549 1731 1589 Anth.

187 1615 300 1654 Plan.
330 1615 414 1655 180
440 1615 714 1665 recipiendum
738 1615 835 1666 fuit,
862 1629 951 1655 cum
979 1616 1033 1656 sit
1058 1629 1082 1656 a
1100 1617 1338 1667 philosopho
1358 1629 1522 1667 prorsus
1543 1616 1730 1665 alienum,

188 1683 230 1720 et
260 1679 369 1719 haud
401 1680 521 1720 dubie
552 1682 808 1720 referendum
840 1681 890 1720 ad
917 1682 1430 1733 epigrammatographum,
1463 1695 1581 1732 quem
1613 1681 1730 1732 Diog.

186 1746 230 1786 L.
251 1746 309 1786 IX
328 1748 383 1786 49
418 1748 628 1787 memorat.
677 1741 895 1800 “Ηγέμονος
926 1748 1032 1798 quod
1063 1744 1298 1787 inscribitur
1329 1749 1580 1799 epigramma
1606 1746 1730 1786 Anth.

186 1812 266 1851 VII
298 1813 403 1862 436,
429 1807 658 1866 εΗγήμονος
688 1813 830 1864 parodi
863 1826 951 1853 esse
989 1814 1257 1854 demonstrari
1288 1815 1440 1865 nequit.
1501 1813 1731 1853 Xenocratis

185 1878 291 1930 quod
332 1879 444 1918 extat
481 1879 731 1930 epigramma
767 1879 891 1919 Anth.
930 1880 1042 1919 Plan.
1079 1882 1184 1930 186,
1223 1881 1335 1920 cuius
1375 1881 1428 1920 sit
1463 1892 1631 1930 prorsus
1670 1879 1730 1917 in-

185 1946 350 1984 certum.

307 2009 501 2062 Αἰσχίνου
533 2006 699 2063 ῥήτορος
725 2011 974 2062 epigramma
998 2013 1109 2051 extat
1135 2011 1258 2052 Anth.
1278 2012 1337 2052 VI
1358 2013 1444 2052 330
1477 2006 1730 2069 (etiamcod.

123 2127 126 2129 Α
187 2075 278 2114 Par.
310 2074 503 2128 Αἰσχίνου
535 2071 700 2128 ῥήτορος
733 2076 788 2124 εἰς
808 2072 1048 2128 Ἀσκλήπιον
1079 2074 1370 2131 χαριστήριον);

407 2207 572 2258 Θνητῶν
604 2204 676 2259 μὲν
705 2205 857 2260 τέχναις
888 2203 1179 2260 ἀπορούμενος,
1211 2209 1266 2258 εἰς
1298 2207 1342 2249 δὲ
1371 2205 1415 2250 τὸ
1446 2212 1563 2250 θεῖον

404 2270 542 2312 ἐλπίδα
573 2274 705 2312 πᾶσαν
736 2271 850 2326 ἔχων,
882 2269 1087 2326 προλιπὼν
1118 2270 1310 2323 εὔπαιδας
1336 2270 1527 2328 Ἀθήνας,

405 2337 530 2389 ἴαθην
561 2334 706 2389 ἐλθών,
733 2333 952 2391 Ἀσκλήπιε,
984 2335 1083 2392 πρὸς
1114 2335 1156 2380 τὸ
1189 2336 1262 2381 σὸν
1293 2337 1424 2391 ἄλσος,

404 2401 515 2452 ἕλκος
547 2402 647 2456 ἔχων
678 2406 855 2456 κεφαλῆς
886 2400 1101 2456 ἐνιαύσιον,
1134 2404 1178 2446 ἐν
1209 2404 1309 2459 τρισὶ
1340 2406 1471 2458 μησίν.

286 2584 319 2629 *)
345 2583 390 2619 V.
413 2589 443 2620 1.
464 2581 670 2630 Ἡδύχαριν
697 2584 823 2630 potius
850 2596 963 2631 quam
978 2581 1194 2641 Ηδυχοξρην
1215 2585 1465 2640 scribendum,
1485 2588 1527 2623 ut
1552 2586 1614 2622 hic
1640 2598 1730 2633 quo-

192 2643 265 2677 que
289 2632 434 2668 numeri
460 2632 521 2668 lex
547 2632 723 2679 neglecta
747 2632 806 2669 sit.
835 2653 876 2658 —
906 2633 948 2667 V.
976 2637 997 2668 2
1022 2633 1143 2679 possis
1170 2633 1370 2680 suspicari.

409 2711 491 2751 Οὐκ
517 2712 566 2751 ἄν
592 2713 629 2762 γ’
660 2713 843 2762 ε’ραμενος
868 2716 942 2752 τῶν
968 2713 1055 2753 ἐκεῖ
1074 2714 1292 2765 ἐλλεβόρων.

191 2799 257 2837 sed
281 2799 441 2836 fortasse
467 2798 533 2836 ille
558 2799 664 2836 lusit:

409 2879 491 2919 Οὐκ
517 2879 566 2918 ἂν
591 2879 821 2929 ἀειράμενος
847 2884 920 2918 τῶν
948 2881 1097 2920 ἐκείνου
1125 2881 1322 2932 ἐλεβόρων.

193 2963 361 3002 Aliorum
386 2965 597 3002 tentamina
622 2965 686 3011 qui
712 2977 934 3012 cognoscere
960 2966 1063 3013 velit,
1090 2968 1203 3005 adeat
1228 2969 1490 3006 Susemihlum.
