1890 3216
218 178 302 221 194
751 178 943 216 POETAE
967 178 1203 220 ELEGIACI.

307 286 409 333 οὔτε
441 291 606 345 φίλοις·
634 285 793 345 ἀρετῆς
825 286 874 335 δὲ
906 288 1015 345 μέγα
1046 289 1172 340 κλέος
1204 286 1357 333 οὔποτ’
1393 286 1576 334 ὀλεῖται·

365 358 578 417 αἰχμητὴς
609 357 694 416 γὰρ
728 357 845 416 ἀνὴρ
877 362 964 416 γῆν
995 376 1042 403 τε
1072 359 1147 403 καὶ
1179 358 1292 404 ἄστυ
1323 370 1437 405 σαοῖ.

291 477 374 522 ’Ἐν
406 495 482 534 μοι
514 480 661 521 ἔπειτα
692 478 819 521 πέσοι
852 478 985 534 μέγας
1017 475 1213 536 οὐρανὸς
1245 477 1380 537 εὐρὺς
1409 477 1609 537 ὕπερθεν

209 562 279 594 870
363 548 566 605 χάλκεος,
599 546 858 606 ἀνθρώπων
891 551 1021 605 δεῖμα
1053 550 1382 606 χαμαιγενέων,

305 622 346 664 εί
376 618 435 676 μὴ
471 617 554 676 ἐγώ
588 628 734 663 τοῖσιν
765 619 848 676 μὲν
881 620 1105 677 ἐπαρκέσω
1139 622 1186 664 οἵ
1213 638 1266 677 με
1298 624 1524 678 φιλεῦσιν,

363 699 457 742 τοῖς
489 689 531 734 δ’
568 691 750 748 ἐχθροῖς
782 688 884 747 ἀνίη
917 690 991 734 καὶ
1023 682 1134 748 μέγα
1165 691 1273 749 πῆμ’
1310 695 1478 750 ἔσομαι.

308 807 435 869 Οἷνε,
466 808 519 852 τὰ
553 809 634 865 μέν
667 808 708 852 σ’
744 805 876 864 αἰνῶ,
906 808 959 852 τὰ
993 808 1043 854 δὲ
1074 810 1323 867 μέμφομαι·
1356 809 1466 855 οὐδέ
1489 823 1538 855 σε
1562 809 1746 868 πάμπαν

365 879 467 924 οὔτε
499 878 596 924 ποτ’
633 881 861 938 ἐχθαίρειν
894 879 998 924 οὔτε
1029 886 1178 938 φιλεῖν
1210 881 1418 939 δύναμαι.

210 965 279 997 875
307 949 474 996 ἐσθλὸν
503 951 578 994 καὶ
611 951 750 996 κακόν
783 953 889 997 ἐσσι.
938 955 1004 1004 τίς
1036 949 1094 996 ἂν
1127 953 1178 996 σέ
1205 970 1256 1009 γε
1287 953 1564 1011 μωμήσαιτο;

361 1027 427 1075 τίς
459 1017 501 1067 δ’
536 1019 595 1066 ἂν
628 1021 863 1079 ἐπαινῆσαι
895 1023 1058 1081 μέτρον
1090 1026 1204 1081 ἔχων
1238 1027 1419 1081 σοφίης;

293 1141 411 1198 ’“Ήβα
443 1159 539 1198 μοι,
571 1145 674 1198 φίλε
704 1143 838 1198 θυμέ·
870 1140 966 1199 τάχ’
1002 1140 1060 1186 ἄν
1090 1159 1209 1194 τινες
1239 1141 1368 1187 ἄλλοι
1401 1146 1578 1188 ἔσονται

363 1212 545 1271 ἄνδρες,
577 1211 662 1269 ἐγώ
696 1211 746 1256 δὲ
775 1211 935 1258 θανών
966 1222 1072 1269 γαῖα
1103 1211 1275 1270 μέλαιν’
1312 1213 1479 1271 ἔσομαι.

304 1331 417 1376 Πῐν’
454 1329 605 1387 οἶνον,
635 1329 717 1375 τὸν
750 1330 847 1388 ἐμοὶ
878 1334 1080 1390 κορυφῇς
1110 1329 1198 1376 ῧπο
1236 1333 1476 1390 Τηϋγέτοιο
1541 1389 1544 1392 ἦ
1675 1345 1744 1378 540

209 1508 353 1555 δράσιν.
370 1509 472 1546 —V.
489 1514 570 1547 866.
586 1507 667 1546 οὔτ’
691 1506 850 1558 αὐτῷΑ,
871 1505 962 1544 οὔθ’
985 1505 1087 1552 αὐτῷ
1108 1521 1145 1564 8,
1171 1506 1262 1545 ουθ’
1286 1507 1425 1558 miz-95³⁸,
1453 1521 1511 1556 ap.
1532 1510 1634 1549 Stob.
1656 1508 1742 1547 οὐδ’

209 1556 322 1604 αὐτῷ,
339 1559 402 1594 sed
424 1554 510 1593 οὐδ’
532 1569 603 1593 om.
620 1546 778 1592 AVind.
793 1537 913 1592 Tr'ino.
943 1555 1014 1598 Qui
1028 1555 1130 1604 αὐτῷ
1147 1547 1384 1603 seripserunt,
1398 1569 1603 1615 pronomen
1616 1554 1745 1599 ὃςῐιοῐι

208 1607 257 1641 ad
283 1595 417 1654 ὄλβον,
443 1606 507 1641 sed
534 1606 581 1641 ad
607 1602 750 1650 ἄνδρας
775 1601 983 1650 ἀχρήστους
1008 1593 1248 1648 rettu‘lerunt,
1281 1606 1346 1641 sed
1370 1607 1460 1641 tunc
1491 1602 1592 1647 ὅστις
1622 1607 1745 1642 dicen-

213 1653 314 1711 dum,
341 1657 384 1689 ut
409 1654 467 1689 est
491 1654 590 1699 apud
611 1652 804 1712 Aristoph.
832 1652 898 1696 Eq
928 1655 1018 1686 1275
1053 1650 1147 1687 ἄλλα
1180 1650 1265 1699 τιμὴ
1298 1658 1393 1688 τοῖσι
1419 1659 1613 1714 χρηστοῖς,
1645 1667 1746 1696 οστις

209 1695 254 1737 εὖ
279 1702 478 1746 λογίζεται
507 1721 550 1727 -
578 1698 692 1736 ουὸὲν
719 1697 813 1744 ἐών,
841 1699 929 1735 Geel
957 1695 1164 1757 οὖτιδανῷ,
1190 1699 1352 1736 coniicas
1385 1699 1489 1737 ουτε
1523 1699 1672 1746 πόλει,
1699 1702 1743 1738 of.

207 1749 518 1807 Pseudoxenoph.
545 1748 653 1805 Apol.
682 1747 784 1783 Soor.
805 1751 868 1782 31:
896 1743 983 1782 οὔτε
1010 1747 1053 1794 τῇ
1081 1727 1220 1782 ἑαυτου
1246 1746 1365 1792 πόλει,
1392 1745 1478 1784 οὔτε
1505 1754 1583 1790 τοῖς
1609 1750 1744 1795 φίλοις,

213 1809 301 1832 ουτε
325 1793 426 1844 αὑτῷ
447 1794 552 1839 ἄξιος
572 1792 731 1835 οὐδενὸς
752 1793 913 1840 ἐγένετο.
936 1815 979 1819 -
1002 1795 1044 1829 V.
1067 1797 1145 1830 867.
1167 1793 1267 1839 οὔτε,
1288 1777 1390 1831 Stob.
1412 1793 1515 1832 ουὸε.
1538 1818 1578 1822 -—
1599 1796 1641 1832 V.
1663 1800 1743 1833 8.68

208 1849 300 1879 σαοι
313 1843 354 1888 Ο,
373 1833 495 1879 ham.
509 1855 565 1889 pr.
586 1855 669 1878 σαει
689 1844 816 1901 (supra
835 1844 896 1887 οι),
923 1839 1040 1877 *σαοι.
1061 1863 1106 1868 -
1126 1842 1169 1878 V.
1192 1847 1270 1878 869,
1293 1842 1345 1888 ἔν,
1365 1843 1403 1878 in
1426 1843 1454 1879 O
1475 1841 1674 1902 apparet'‘.
1696 1865 1739 1870 -—-

211 1891 352 1933 ε”,πειτα
382 1890 514 1926 ἔπεισα
540 1892 614 1926 bm.
643 1911 685 1916 ——
713 1889 833 1933 πέσοι,
861 1890 890 1925 Ο
917 1888 1035 1924 πέσει.
1063 1911 1106 1915 -
1133 1890 1177 1947 V.
1206 1893 1285 1926 870.
1295 1891 1574 1948 χαμαιγενέων
1600 1891 1645 1936 Α,
1671 1904 1742 1927 πα-

207 1938 450 1985 λαιγενέων*.
500 1938 697 1995 Emperius
729 1934 937 1973 αθανάτων
969 1933 1113 1982 δώματ’
1151 1934 1368 1983 ἀειγενέων.
1396 1959 1439 1964 -—
1466 1939 1510 1975 V.
1539 1943 1617 1975 871.
1645 1938 1682 1974 εἰ
1704 1939 1744 1973 in

209 1986 238 2022 Ο
265 1999 321 2023 ev.
345 2007 388 2012 —
415 1986 459 2021 V.
487 1990 566 2022 873.
594 1983 642 2030 σ’,
668 1985 702 2020 Α
727 1997 779 2021 σε.
800 2006 844 2011 -
865 1984 972 2029 αἰνῶ,
998 1983 1113 2020 αἰνέω
1139 1998 1163 2020 n
1190 1997 1213 2020 a
1238 1997 1286 2021 m.
1311 1998 1366 2042 pr.
1392 1988 1492 2021 recte
1517 1987 1560 2020 ut
1586 1987 1743 2022 videtur.

209 2054 252 2060 —
291 2035 335 2070 V.
370 2037 451 2070 875.
485 2031 624 2069 ἐσθλὸν
656 2032 721 2068 καὶ
751 2031 891 2076 κακόν,
924 2044 970 2078 08
1001 2029 1136 2073 ἐσθλὸς
1167 2032 1232 2068 καὶ
1263 2030 1389 2074 κακός.
1427 2054 1469 2059 -
1502 2046 1562 2078 γε,
1594 2046 1632 2068 τε
1665 2034 1743 2078 ΑΟ,

208 2093 278 2118 om.
317 2083 392 2117 bm.
431 2102 476 2107 ——
514 2081 558 2117 V.
593 2084 673 2117 876.
714 2077 917 2126 ἐπαινῆσαι
950 2077 1351 2126 Β11111011,έπαινήσει
1390 2081 1464 2127 011,
1501 2079 1686 2127 ἐπαινήση
1718 2082 1743 2126 f,

208 2127 392 2176 ἐπαινήσῃ
426 2129 506 2165 rell.
534 2126 729 2186 (παινήσηι
755 2131 786 2163 Α
812 2133 881 2174 pr.)
908 2148 954 2154 —
982 2128 1023 2164 V.
1051 2131 1165 2163 877-
1170 2132 1191 2163 8
1218 2140 1286 2163 om
1316 2140 1371 2174 08.
1411 2128 1510 2164 Fort.
1531 2129 1745 2164 Mimnermi

208 2179 295 2212 sunt
320 2189 458 2213 versus
487 2197 527 2203 —
549 2173 660 2234 Ήβα
672 2189 735 2232 μοι
767 2175 915 2222 scripsi,
948 2176 1048 2220 quod
1081 2177 1195 2211 etiam
1226 2176 1368 2211 Ahrens
1399 2176 1512 2220 vidit,
1537 2175 1571 2210 A
1595 2178 1742 2222 ηβανοι.

209 2221 843 2278 Οὴβάοῖ,1)(1011111111ἡβάοις,1“
897 2229 973 2268 αϊς,
1004 2223 1125 2281 vulgo
1148 2220 1423 2271 ἡβώοις.1111“1·ῑι
1453 2226 1541 2270 post
1570 2227 1742 2269 v.1070,

207 2272 272 2307 ubi
305 2272 377 2308 hoc
413 2272 598 2307 distichon
637 2271 836 2317 repetitur,
886 2270 958 2306 ibri
990 2269 1126 2315 τέρπεό
1159 2283 1223 2316 μοι
1257 2282 1301 2306 ex
1310 2270 1657 2328 interpretatione.
1697 2292 1741 2297 —

208 2321 306 2365 φίλε,
332 2320 351 2355 f
374 2317 481 2365 φύλε.
506 2341 546 2345 -—
570 2333 619 2354 αν
644 2332 754 2362 τινες,
780 2317 813 2353 Α
833 2312 883 2353 αὖ
910 2316 1019 2363 τινὲς,
1042 2318 1071 2360 Ο
1098 2320 1135 2353 et
1161 2318 1277 2353 ceteri
1302 2332 1350 2353 αν
1379 2331 1486 2363 τινες,
1513 2319 1614 2364 quod
1638 2330 1742 2354 revo-

209 2368 308 2402 cavi:
335 2370 378 2402 ut
405 2367 586 2403 Homerus
611 2367 836 2423 frequenter,
862 2365 1043 2401 Pindarus
1069 2365 1135 2401 alii
1158 2366 1311 2411 passim,
1337 2367 1392 2402 ita
1418 2366 1532 2402 etiam
1552 2367 1741 2412 Theognis

207 2415 413 2450 indicativo
439 2415 556 2454 futuri
581 2413 752 2450 adiunxit
777 2410 826 2449 ὂὶν
852 2412 913 2449 vel
938 2411 996 2457 κέ,
1021 2412 1066 2449 cf.
1094 2426 1127 2449 v.
1154 2417 1234 2457 641,
1260 2413 1299 2448 id
1326 2415 1424 2458 quod
1450 2413 1646 2449 offensioni
1669 2413 1743 2449 fuit

207 2463 286 2497 tam
313 2462 512 2498 correctori
545 2462 625 2498 cod.
644 2461 700 2520 A,
732 2462 796 2507 qui
828 2455 877 2496 αὖ
910 2460 1120 2504 substituit,
1152 2472 1263 2506 quam
1295 2461 1481 2506 magistris
1516 2460 1741 2506 Byzantinis,

209 2510 273 2555 qui
299 2516 451 2545 servata
474 2510 611 2546 vocula
635 2507 685 2545 ἄν
711 2510 920 2555 optativum
948 2490 1165 2552 intuleruht,
1198 2520 1285 2543 nam
1310 2520 1379 2554 pro
1406 2507 1555 2544 ἔσονται
1575 2508 1742 2544 bdeflmn

210 2557 356 2593 ἔσοιντο
395 2557 582 2593 exhibent.
618 2579 658 2583 —
699 2558 742 2592 V.
771 2561 892 2593 879-—
903 2559 947 2591 85
987 2555 1019 2590 si
1051 2555 1278 2602 Theognidis
1311 2556 1414 2601 sunt,
1453 2556 1639 2600 hospitem
1673 2556 1742 2591 ali-

209 2617 321 2650 quem
354 2605 581 2651 Spartanum
621 2605 837 2650 loquentem
868 2603 1029 2648 inducit,
1062 2602 1128 2638 sed
1158 2604 1317 2639 fortasse
1350 2615 1394 2638 ex
1430 2603 1578 2650 Tyrtaei
1608 2603 1740 2649 elegiis

209 2653 433 2698 deprompta
466 2657 563 2695 sunt,
596 2663 822 2697 quamquam
849 2652 965 2687 etiam
1001 2651 1047 2686 (10
1078 2650 1316 2710 Polymnesto
1348 2651 1431 2685 aliis
1467 2651 1624 2706 cogitari
1655 2652 1741 2696 pot-

209 2702 282 2743 est3
305 2700 477 2755 Hartung
492 2682 641 2735 Chiloni
655 2699 830 2735 vindicat-
846 2720 891 2726 —
906 2696 1002 2755 ἐμοὶ,
1024 2699 1104 2753 008
1122 2696 1222 2745 ἐμῆς.
1238 2698 1468 2755 -κορυφῇς
1487 2711 1561 2733 vno
1582 2698 1739 2742 Becker,

208 2748 297 2783 libri
328 2749 498 2792 κορυφῆς
529 2745 606 2783 ἄπο
638 2747 685 2793 (Α
711 2760 804 2791 απο,
832 2747 861 2782 O
894 2743 1008 2791 ἀπὸ),
1033 2746 1106 2782 nisi
1137 2746 1238 2791 quod
1270 2757 1290 2781 0
1321 2743 1397 2780 ἄπο
1430 2745 1574 2790 omisit,
1605 2757 1631 2791 g
1661 2745 1740 2780 eius

208 2795 292 2831 1000
340 2793 383 2830 αἱ
424 2795 587 2831 exhibet.
629 2816 674 2821 --
720 2793 944 2840 Τηϋγέτοιο,
985 2791 1182 2839 ταῦγέτοιο
1224 2805 1286 2839 08,
1332 2791 1548 2838 τηλυγέτοιο
1587 2793 1633 2838 O,
1671 2793 1740 2828 τοῦ

208 2841 331 2887 γέτοιο
358 2855 389 2879 0.
429 2863 475 2869 --
520 2842 564 2880 V.
592 2847 659 2879 882
686 2842 1043 2887 πλατανιστοῦντος,
1083 2841 1231 2877 videtur
1268 2840 1617 2880 Πλατανιστοῦντος
1651 2841 1739 2876 scri-

208 2890 389 2934 bendum,
422 2891 465 2925 ut
489 2889 560 2925 hoc
593 2901 727 2926 nomen
753 2890 822 2925 rivi
856 2888 972 2924 fuerit
1002 2900 1047 2924 ex
1080 2889 1248 2934 Taygeto
1280 2886 1437 2923 oriundi.
1488 2886 1592 2922 Idem
1625 2887 1740 2923 etiam

210 2936 335 2972 Osann
371 2937 533 2972 coniecit
569 2937 731 2983 Symbol.
758 2937 846 2973 Litt
874 2937 890 2971 I
924 2940 986 2979 68,
1019 2936 1084 2972 sed
1117 2948 1193 2971 non
1226 2938 1328 2972 reete
1363 2934 1545 2981 cogitavit
1576 2934 1622 2970 de
1656 2935 1739 2970 loco
