1890 3216
836 206 1102 245 HIPPONAX.
1653 206 1742 250 499

852 317 948 360 133.
982 318 1087 372 [68.]
1133 363 1140 370 ,
1672 327 1742 362 784

482 367 498 383 ἱ

322 403 451 445 Schol.
478 404 600 445 Arist.
629 405 719 445 Pac.
741 406 846 444 480:
866 401 1082 445 Ἕλκουσιν
1113 400 1151 444 δ’
1180 400 1286 458 ’ὅμως
1317 400 1568 460 γλισχρότατα
1599 400 1741 458 σαρκά-

199 470 348 522 ζοντες,
393 466 524 523 ῶσπερ
565 470 744 521 κυνίδια,
782 465 860 510 ὑπὸ
898 472 968 510 τοῦ
1005 485 1048 524 γε
1085 472 1220 523 λιμοῦ,
1258 466 1308 524 νὴ
1348 467 1434 522 Δί’,
1478 466 1741 522 ἐξολωλότες’]

199 538 329 585 καλῶς
361 532 398 575 δ’
428 531 479 576 ἂν
505 534 586 589 ἔχοι
618 538 730 577 τοῦτο
762 538 927 589 τηρῆσαι
957 533 1057 589 πρὸς
1081 532 1123 578 τὸ
1144 532 1452 578 Ἱππωνάκτειον
1477 534 1603 586 οὕτως
1634 536 1743 590 ἕχον·

198 598 496 655 Σαρκοκύων
526 598 682 655 λιμόν·
717 598 765 643 οὐ
791 598 865 656 γάρ
891 600 969 642 ἔστι
999 605 1078 643 τῶν
1109 601 1286 655 σαρκῶν,
1319 599 1448 657 ῶσπερ
1479 599 1634 652 ἀξιοῦσι
1664 604 1743 643 τῶν

200 666 504 722 ἐξηγησαμένων
533 667 646 717 τινές.
695 664 923 708 παντάπασι
947 664 1022 722 γὰρ
1048 664 1101 709 ἂν
1125 669 1184 721 εἴη
1211 665 1307 710 αὐτὸ
1333 664 1572 711 ὑπεναντίον
1604 658 1742 727 §avt—93,

200 731 316 788 ἔργον
341 730 417 788 γὰρ
441 736 510 775 τοῦ
530 736 646 787 λιμοῦ
667 730 716 775 οὗ
735 730 883 787 σάρκας
914 732 1109 786 ἐμποιεῖν,
1142 730 1239 774 ἀλλὰ
1263 731 1497 776 τούναντίον
1522 731 1743 789 ἆπισχνοῢν

199 797 246 841 τὰ
278 797 438 854 σώματα
462 798 529 840 καὶ
553 803 632 840 τῶν
657 802 817 853 σαρκῶν
840 803 1123 852 παραιρεῖσθαι
1148 797 1216 841 τὸν
1242 798 1374 855 ὄγκον.
1407 802 1625 842 Schneider
1643 803 1742 842 coni.

199 869 386 920 σαρκῶν
411 862 540 907 κύων
564 869 692 924 λιμῷ.
724 867 772 907 cf.
795 866 982 917 Hesych.:
1010 868 1184 919 σαρκῶν·
1220 863 1406 920 σεσηρώς,
1434 867 1560 907 Brink
1586 869 1744 920 σαρκῶν

197 925 334 974 κυνῶν
364 934 482 990 λιμῷ,
513 933 807 984 in'cerpretatus
840 945 978 974 carnes
1009 935 1058 973 ab
1084 934 1233 974 ossibus
1258 934 1426 973 avellens
1456 934 1562 983 fame
1587 936 1742 975 canina.

853 1043 949 1086 134.
983 1043 1090 1098 [84.]

318 1131 434 1171 Eust.
467 1129 542 1171 Od.
573 1144 611 1182 p.
647 1131 779 1180 1828,
815 1132 888 1170 ll:
938 1130 1301 1185 Συκοτραγίδης
1344 1127 1472 1185 παρὰ
1503 1127 1742 1173 Ἱππώνακτι

197 1194 266 1237 καὶ
291 1192 501 1252 Ἀρχιλόχῳ
535 1191 602 1236 διὰ
632 1192 675 1237 τὸ
708 1192 858 1245 εὐτελές
889 1208 987 1248 φασι
1018 1199 1088 1238 τοῦ
1118 1191 1335 1251 βρώματος.

853 1301 948 1345 135.
982 1302 1088 1357 [75]

320 1388 468 1430 Athen.
500 1390 542 1428 II
575 1391 628 1430 69
650 1389 704 1429 D:
748 1383 1000 1429 Ἱππώνακτα
1044 1387 1088 1430 δὲ
1126 1391 1408 1444 τετρακίνην
1449 1387 1523 1443 τὴν
1564 1391 1741 1444 θρίδακα

199 1457 332 1495 καλεῖν
362 1451 577 1509 Πάμφιλος
615 1454 659 1496 ἐν
688 1449 884 1509 γλώσσαις
920 1455 1063 1508 φησίν,
1101 1457 1337 1510 Κλείταρχος
1368 1454 1411 1496 δὲ
1445 1453 1605 1512 Φρύγας
1637 1454 1740 1498 οὕτω

198 1524 344 1564 καλεῖν.
705 1549 710 1559 Γ
950 1538 952 1540 v

850 1615 947 1659 136.
980 1615 1088 1670 [76.]

319 1701 467 1743 Athen.
501 1702 581 1742 VII
614 1704 699 1742 327
721 1703 774 1743 B:
811 1695 1040 1755 ‘'Efflaemwog·
1078 1697 1118 1742 δ’
1154 1698 1176 1742 ὁ
1207 1705 1437 1756 Σμυρναῖος
1469 1699 1512 1742 ἒν
1542 1704 1623 1750 τοῖς
1653 1701 1742 1756 περὶ

193 1763 462 1818 Ἱππώνακτος
491 1765 613 1822 ὕκην
645 1765 782 1810 ἀκούει
812 1764 885 1821 τὴν
909 1768 1084 1820 ἰουλίδα,
1117 1764 1218 1809 εἶναι
1244 1765 1284 1809 δ’
1315 1764 1440 1822 αὐτὴν
1472 1765 1740 1822 δυσθήρατον,

923 1875 1018 1917 137.

320 1961 449 2001 Schol.
480 1961 584 2002 Plat.
617 1976 654 2012 p.
683 1963 787 2002 320:
831 1961 1048 2014 Φορμίον
1081 1957 1124 2000 δὲ
1155 1959 1305 2015 πλέγμα
1335 1976 1371 2001 τι
1402 1961 1612 2013 ψιαθῶδες
1643 1957 1737 2014 παρ’

193 2021 444 2066 Ἱππώνακτι.

854 2120 949 2162 138.
982 2120 1088 2173 [74.]

321 2205 482 2245 Suidas:
533 2201 810 2245 Χελιδόνων
848 2200 1122 2257 φάρμακον·
1165 2202 1273 2259 παρὰ
1298 2199 1539 2246 Ἱππώνακτι
1575 2202 1617 2247 τὸ
1650 2207 1740 2258 φίλ-

199 2287 311 2325 τρον,
341 2267 384 2311 τὸ
417 2267 714 2325 διαγινόμενον,
745 2267 907 2310 ἐπειδὰν
937 2267 1119 2324 χελιδόνα
1149 2267 1307 2325 πρῶτόν
1337 2287 1394 2320 τις
1426 2271 1505 2326 ἴδῃ.

838 2381 934 2424 139.
969 2382 1104 2436 [100.]

321 2469 423 2509 Poll.
450 2468 492 2507 II
521 2470 622 2508 152:
649 2463 848 2516 Ἱππῶναξ
881 2465 924 2507 δὲ
955 2465 1244 2522 χειρόχωλον
1274 2464 1342 2509 τὸν
1372 2464 1445 2521 τὴν
1476 2472 1585 2522 χεῖρα
1614 2483 1741 2522 πεπη-

201 2549 392 2588 ρωμενον.

321 2721 382 2759 Ex
402 2720 652 2770 Hipponacte
675 2719 846 2758 fortasse
866 2719 1038 2769 petitum
1057 2722 1136 2771 est,
1163 2719 1269 2770 quod
1294 2719 1420 2759 tradit
1439 2720 1546 2759 Plut.
1567 2720 1616 2759 de
1635 2720 1739 2759 Mus.

201 2799 232 2827 0.
258 2788 301 2826 6:
334 2785 433 2826 ἔνιοι
464 2783 508 2824 δὲ
538 2781 789 2837 πλανώμενοι
819 2785 1047 2836 νομίζουσιν
1077 2780 1176 2823 κατᾶ
1207 2780 1276 2824 τὸν
1305 2781 1450 2837 χρόνον
1479 2780 1737 2837 Τερπάνδρου

194 2846 444 2891 Ἱππώνακτα
474 2849 688 2904 γεγονέναι.
733 2850 914 2901 φαίνεται
939 2847 982 2889 δὲ
1008 2845 1277 2898 Ἱππώνακτος
1307 2848 1374 2889 καὶ
1400 2850 1648 2902 Περίκλειτος
1681 2845 1739 2890 ὢν

201 2912 472 2968 πρεσβύτερος.
494 2938 548 2943 —
577 2916 726 2955 Contra
755 2928 866 2955 error
897 2916 1052 2955 librarii
1081 2915 1323 2955 manifestus
1355 2916 1668 2966 deprehenditur
1698 2917 1740 2956 in

203 2978 333 3021 Cram.
365 2982 441 3022 An.
468 2981 558 3021 Par.
585 2981 649 3020 III
679 2982 774 3031 115,
802 2982 876 3021 30:
902 2976 1121 3030 Ἱππῶναξ·
1155 2976 1286 3029 ξανθὰ
1317 2976 1491 3034 κάρηνα,
1523 2981 1739 3033 legendum

1379 3047 1454 3084 32*
1726 3074 1732 3079 .
