1890 3216
830 152 1092 190 Tsssooms
1502 134 1507 142 ’
1645 157 1661 197 1
1675 156 1726 198 19

313 258 483 317 εἴωθ’,
516 259 585 307 οτ’
622 262 665 315 ἐς
702 264 870 320 Τροίην
904 264 1030 307 ἔπλεε
1061 261 1196 319 νηυσὶ
1228 267 1382 318 θοαῖς,

253 329 481 392 εὐχομένςιι
513 351 589 390 μοι
620 336 780 391 κλῦθι,
811 332 949 387 κακὰς
981 331 1026 380 δ’
1062 331 1148 380 ἀπὸ
1182 336 1322 392 κῆρας
1352 332 1537 379 ἄλαλκε·
1656 348 1724 380 484

313 403 385 449 σοὶ
416 403 500 462 μὲν
531 407 686 462 τοῦτο,
718 405 826 463 θεοί,
859 404 1071 465 σμικρόν,
1104 406 1201 464 ἐμοὶ
1234 405 1284 451 δὲ
1316 406 1438 464 μέγα.

182 548 225 580 15
253 538 438 581 Μοῦσαι
469 537 543 581 καὶ
577 536 784 596 Χάριτες,
817 541 978 597 κοῦραι
1013 540 1149 594 Διός,
1182 540 1233 583 αἵ
1260 554 1365 583 ποτε
1398 537 1593 596 Κάδμου

313 609 356 661 ἐς
387 607 533 666 γάμον
567 610 786 654 ἐλθοῦσαι
817 608 958 655 καλὸν
990 607 1160 654 ἀείσατ’
1195 612 1315 662 ἔπος·

251 678 346 725 ὅττι
375 680 538 738 καλόν,
571 684 707 739 φίλον
739 682 852 726 ἐστί·
884 679 934 726 τὸ
968 679 1009 726 δ’
1046 679 1101 726 οὐ
1131 679 1282 727 καλὸν»
1308 679 1364 726 οὐ
1397 684 1534 738 φίλον
1566 682 1697 728 ἐστίν.

312 750 434 797 τοῦτ’
470 755 574 806 ἔπος
604 750 852 798 ἀθανάτων
884 746 999 810 ἦλθε
1032 750 1108 798 διὰ
1141 751 1386 809 στομάτων.
1433 804 1445 816 ‚

251 883 425 943 Κύρνε,
458 885 737 944 σοφιζομένῳ
770 883 852 942 μὲν
887 884 983 942 ἐμοὶ
1017 884 1211 942 σφρηγὶς
1243 885 1482 930 ἐπικείσθω

164 961 222 1000 ’2ο
303 954 451 1002 τοῖσδ’
487 959 654 1014 ἔπεσιν,
686 955 812 1014 λήσει
844 954 887 1000 δ’
925 954 1087 1001 οὔποτε
1118 955 1405 1014 κλεπτόμενα.

248 1026 359 1073 οὐδέ
386 1046 453 1081 τις
483 1026 663 1082 ἀλλάξει
695 1027 856 1073 κάκιον
888 1026 1120 1073 τούσθλοῦ
1152 1026 1414 1086 παρεόντος·

173 1183 288 1219 quam
318 1169 532 1230 Θηραφόνη
566 1171 627 1208 vel
662 1168 889 1218 Θηραιφόνη
920 1171 1104 1208 scribitur.
1155 1164 1390 1209 Herodianus
1422 1173 1479 1208 Et.
1508 1172 1556 1209 M.
1584 1178 1671 1218 502,
1697 1178 1719 1210 4

173 1217 380 1280 θηροφόνα
406 1222 445 1256 et
468 1217 675 1266 θηρεφόνα
700 1219 943 1265 testificatur,
976 1232 1057 1256 cum
1091 1219 1165 1256 hac
1196 1219 1318 1256 forma
1351 1232 1555 1267 componas
1581 1203 1715 1265 ἇνδρε-

175 1267 313 1315 φόνος,
339 1268 440 1314 quod
471 1268 571 1304 idem
598 1268 831 1304 Herodianus
867 1267 1053 1314 (Eustath.
1082 1272 1162 1313 183,
1189 1270 1225 1313 8)
1251 1267 1495 1305 Doriensibus
1528 1270 1716 1313 attribuit;

172 1318 374 1363 utrumque
407 1316 619 1362 exemplum
656 1316 704 1352 ad
738 1315 927 1352 vocalium
961 1315 1228 1352 variandarum
1264 1316 1430 1352 studium
1464 1316 1717 1361 referendum;

171 1365 286 1401 aliam
311 1363 609 1400 vicissitudinem
635 1365 829 1400 ostentant
853 1361 1069 1408 Μενόλαος,
1096 1360 1336 1422 Σθενόβοια,
1363 1365 1547 1422 Βερονίκη
1573 1366 1718 1402 Latinis

172 1412 413 1459 potissimum
450 1411 665 1448 hominibus
704 1412 953 1457 frequentata.
995 1433 1037 1438 -—
1073 1408 1328 1458 Ἀγαμέμνων,
1373 1408 1556 1458 ἄγάμνων
1594 1413 1638 1450 d..
1672 1435 1713 1440 .-

170 1461 218 1498 .V.
246 1465 301 1497 12.
327 1461 459 1501 εἴσαθ
486 1459 556 1505 dh,
587 1459 704 1496 ceteri
734 1471 864 1496 omnes
898 1459 1042 1504 εἴωθ’,
1076 1460 1192 1495 etiam
1218 1461 1250 1494 A
1282 1459 1336 1504 (in
1362 1471 1435 1505 quo
1462 1471 1577 1506 supra
1603 1460 1717 1507 scrip-

133 1520 136 1521 ’
171 1510 252 1545 tum
277 1509 470 1554 cognovit),
495 1507 595 1553 quod
621 1507 770 1543 Bekkm
795 1506 936 1553 aliique
961 1508 1195 1553 receperunt,
1215 1507 1283 1542 sed
1302 1508 1430 1544 εἴσατο
1457 1507 1607 1544 omnino
1632 1520 1715 1555 pro-

175 1556 360 1600 bandum·
386 1567 473 1592 nam
499 1558 770 1602 Agamemnon,
797 1556 840 1591 ut
864 1555 959 1591 alias
984 1554 1128 1591 Dianae
1154 1555 1297 1591 cultum
1326 1555 1534 1592 instituisse
1568 1556 1717 1602 dicitur,

176 1603 232 1640 ita
255 1603 373 1640 etiam
397 1603 552 1664 Megara
576 1603 804 1664 propagavit
827 1602 954 1661 ibique
980 1603 1073 1639 deae
1099 1602 1284 1663 templum
1310 1603 1490 1647 condidit,
1510 1603 1584 1640 vid.
1604 1605 1714 1640 Paus.

172 1652 190 1687 I
214 1656 272 1697 43,
301 1651 430 1688 ιικαὶ
450 1648 660 1698 Ἀρτὲμιδος
685 1648 800 1708 ἱερόν,
826 1646 846 1686 ὃ
870 1647 1107 1710 Ἀγαμέμνων
1135 1647 1325 1695 ἐποίησεν,
1351 1649 1466 1696 ἡνίκα
1479 1631 1587 1697 ἦλθε
1614 1649 1714 1688 Κάλ-

171 1713 291 1746 χαντα
318 1698 497 1735 οἰκοῦντα
523 1696 565 1735 ἐν
591 1695 788 1753 Μεγάροις
814 1695 853 1740 ἐς
870 1695 983 1734 Ἴλιον
1012 1697 1177 1735 ἕπεσθαι
1203 1699 1363 1741 πείσων·
1397 1709 1484 1734 nam
1509 1698 1604 1735 illud
1631 1699 1714 1736 leve

173 1747 386 1792 discrimen,
412 1747 512 1792 quod
539 1745 730 1793 Theognis
757 1746 834 1783 de'
823 1758 906 1792 ipsa
926 1746 1164 1793 expeditione
1185 1746 1308 1782 dicere
1328 1727 1488 1792 videtur,
1513 1747 1715 1784 Pausanias

171 1795 218 1831 de
243 1795 397 1840 itinere,
426 1795 526 1840 quod
553 1796 667 1830 antea.
692 1795 740 1830 ad
770 1794 904 1831 heroas
936 1794 1219 1840 congregandos
1251 1794 1418 1840 suscepit
1443 1795 1712 1852 Agamemnon.

172 1842 346 1880 Ceterum
372 1842 541 1879 conferas
567 1842 839 1879 Callimachum
864 1852 925 1888 ap.
952 1841 1077 1878 Schol.
1102 1841 1216 1879 Arist.
1244 1843 1312 1879 Av.
1340 1846 1426 1878 873:
1462 1839 1542 1899 Τὴν
1569 1840 1713 1890 ὡγαμέ-

171 1904 286 1938 μνων,
313 1904 362 1932 ως
387 1889 408 1927 ὁ
435 1891 571 1937 μῦθος,
598 1891 743 1935 εισατο,
773 1891 828 1938 Τῇ
855 1890 920 1926 καὶ
944 1891 1106 1935 λίπουρα
1138 1890 1203 1926 καὶ
1263 1887 1395 1925 όνωπα
1426 1887 1583 1935 θύεται,
1616 1903 1711 1937 quae

171 1939 217 1975 de
243 1938 442 1993 Amarysia
465 1939 543 1975 sive
571 1919 772 1975 Colaenide
798 1927 922 1974 Diana
954 1940 1041 1974 sunt
1073 1938 1186 1975 dicta.
1235 1903 1368 1983 elileque
1400 1938 1529 1974 tamen
1560 1941 1713 1985 propter

170 1987 268 2023 hanc
294 1985 580 2023 similitudinem
605 1986 721 2023 etiam
747 1986 809 2023 hic
833 1986 938 2022 locus
958 1986 1007 2022 ad
1026 1985 1263 2032 Amat-ysiam
1283 1985 1443 2021 Dianam
1469 1987 1712 2029 revocandus,

170 2046 399 2082 quamquam
421 2034 552 2070 insunt
574 2034 613 2069 in
645 2035 718 2070 hac
751 2034 897 2080 sylloge
928 2033 1109 2079 reliquiae
1142 2035 1293 2080 poetae,
1326 2033 1391 2080 qui
1420 2033 1461 2068 in
1495 2034 1650 2070 Euboea
1681 2035 1711 2070 si

169 2094 245 2119 non
270 2084 382 2119 natus
411 2082 501 2129 fuit,
534 2084 575 2118 at
606 2085 705 2119 certe
737 2082 969 2119 domicilium
1002 2081 1264 2118 collocaverat.
1305 2102 1349 2107 -
1386 2083 1517 2126 θοαῖς,
1549 2084 1667 2142 θοης
1679 2082 1713 2117 A

169 2132 206 2176 (η
233 2142 318 2166 cum
341 2131 440 2188 ras).
459 2151 506 2157 —
525 2130 569 2168 V.
599 2135 654 2167 13.
680 2127 771 2177 απὸ,
796 2144 872 2167 απο
899 2143 934 2177 g.
961 2151 1006 2156 —
1026 2126 1177 2174 ἄλαλκε,
1204 2128 1335 2165 ἕλαλκε
1363 2141 1391 2164 r.
1414 2151 1456 2155 —
1479 2130 1522 2165 V.
1552 2134 1606 2165 14.
1627 2143 1709 2187 μεν,

170 2178 212 2215 δὲ
233 2191 261 2216 r.
283 2199 327 2205 -
347 2181 438 2223 θεα,
455 2178 534 2214 cs&
556 2192 570 2214 ι
588 2180 654 2214 aut
673 2189 695 2214 σ
718 2181 761 2215 ut
784 2179 934 2215 videtur
957 2180 1046 2224 post
1065 2189 1087 2213 a
1106 2188 1212 2214 eraso
1235 2177 1275 2214 A.
1304 2198 1348 2203 —
1375 2174 1547 2224 σμικρόν,
1574 2175 1707 2223 μικρόν

169 2227 220 2273 A,
255 2226 321 2263 sed
353 2224 512 2286 σμικρόν
537 2227 651 2263 etiam
678 2237 737 2273 ap.
765 2227 919 2263 Aristot.
946 2227 1031 2262 Eth.
1059 2225 1227 2270 Eadem„
1258 2224 1327 2261 VII
1360 2236 1390 2262 c.
1420 2229 1479 2260 10:
1516 2204 1712 2283 ἐνδέχεται

169 2272 324 2310 δἐἶναι
343 2270 570 2332 ωσπερλέγει
591 2272 765 2320 Θέογνις·
787 2275 846 2311 σοὶ
866 2273 935 2320 μὲν
955 2274 1064 2310 τοῦτο
1085 2270 1163 2309 θεα
1184 2253 1352 2319 σμικρόν,
1375 2269 1458 2318 ἐμοὶ
1478 2271 1519 2308 δε
1542 2271 1649 2317 μέγα.
1667 2294 1710 2299 -

169 2322 214 2358 V.
243 2326 297 2359 15.
325 2319 495 2368 Καδμον,
521 2319 746 2369 κάαγμουί.
775 2343 818 2349 —-
839 2321 963 2359 V.17.
992 2325 1034 2358 18
1060 2321 1170 2357 affert
1194 2321 1326 2356 Iriarte
1351 2333 1387 2366 p.
1417 2324 1494 2356 191.
1517 2341 1560 2346 ——
1588 2320 1631 2356 V.
1654 2325 1708 2357 17.

169 2367 252 2406 ἔστί
266 2369 344 2415 AO,
370 2371 483 2428 atque
501 2370 557 2406 ita
576 2381 700 2428 saepe.
723 2391 766 2397 --
787 2370 923 2406 Nescio
949 2381 997 2405 an
1021 2368 1244 2405 traiicienda
1269 2368 1343 2403 sint
1368 2367 1567 2404 vocabula:
1598 2365 1640 2404 τὸ
1669 2365 1707 2403 δ’

170 2415 218 2454 οὖ
237 2419 390 2463 φίλον,
412 2414 457 2454 οὐ
477 2415 618 2454 καλόν
639 2417 757 2462 ἐστιν,
778 2418 844 2454 sed
863 2417 923 2454 vel
936 2417 989 2453 sic
1002 2417 1122 2474 probo
1140 2416 1334 2474 egregiam
1348 2415 1567 2452 Valkenarii
1587 2427 1708 2452 emen-

168 2465 362 2505 dationem
392 2467 432 2502 in
458 2466 585 2512 Eurip.
611 2448 827 2503 Phoenissis
852 2478 886 2501 v.
913 2468 1000 2501 814·
1035 2461 1080 2500 οὗ
1105 2461 1178 2510 γὰρ
1204 2477 1224 2499 ο
1252 2461 1301 2510 μὴ
1328 2461 1445 2499 καλὸν
1471 2460 1606 2499 οὔποτ’
1634 2462 1708 2508 ἔφυ

170 2515 307 2559 φίλον
327 2513 382 2560 (in
400 2513 507 2550 libris
526 2479 586 2550 est
605 2513 679 2560 ἔφυ
700 2512 842 2559 καλόν).
882 2513 1042 2549 Videtur
1060 2514 1186 2548 autem
1208 2511 1392 2547 Hesiodus
1407 2511 1538 2547 Cadmi
1557 2511 1707 2556 nuptias

170 2572 347 2598 enarrans
381 2562 478 2597 hanc
511 2561 704 2598 Musarum
736 2561 964 2597 cantilenam
996 2556 1217 2606 prodidisse.
1270 2558 1473 2594 Hesiodum
1504 2560 1708 2603 sequuntur

170 2609 373 2664 Theognis,
398 2608 604 2655 Pindarus,
630 2610 838 2667 Euripides.
888 2608 978 2644 Post
1008 2621 1040 2643 v.
1071 2611 1114 2644 18
1146 2607 1308 2642 Leutsch
1340 2606 1528 2642 distichon
1558 2604 1707 2641 interci-

169 2656 270 2693 disse
306 2659 445 2698 censet
484 2669 558 2703 quo
589 2658 706 2694 verba
737 2654 801 2692 διὰ
835 2653 1031 2702 στομάτων
1063 2655 1263 2700 explanata
1293 2654 1448 2689 fuerint:
1480 2664 1556 2688 non
1587 2655 1706 2690 recte.

170 2701 352 2741 ἀθάνατα
377 2702 544 2751 στόματα
570 2704 783 2741 Gratiarum
810 2716 876 2741 ora
901 2705 998 2740 sunt.
1025 2723 1070 2730 —-
1095 2703 1140 2739 V.
1170 2706 1225 2739 19.
1252 2699 1487 2749 σοφιζομένῳ
1513 2699 1583 2747 μὲν
1610 2697 1705 2747 ἐμοὶ,

169 2789 343 2835 Hartung
377 2788 614 2847 σοφιζομένῳ
649 2785 770 2834 ὄνομά
808 2801 882 2844 μοι.
922 2808 965 2812 -
999 2786 1176 2832 σφρηγὶς,
1208 2784 1371 2842 σφραγὶς
1402 2784 1449 2829 Ο,
1488 2761 1651 2829 σιΊκῚφργὶς
1680 2783 1704 2821 i.

170 2857 215 2863 -—
248 2836 293 2873 V.
325 2840 382 2872 20.
414 2834 534 2883 λήσει,
572 2834 676 2873 λύσει
708 2832 905 2893 1)(1,λήση
938 2845 966 2870 s.
1006 2854 1050 2860 —
1086 2830 1324 2879 κλεπτόμενα
1356 2832 1388 2867 A
1420 2834 1459 2867 et
1488 2831 1645 2867 fortasse
1676 2844 1704 2875 r,

170 2887 334 2931 κλεπτομ
338 2883 406 2920 ἕνα
445 2884 494 2930 O,
537 2884 653 2921 ceteri
695 2881 945 2938 κλεπτομὲνη,
988 2893 1026 2917 ιιι
1069 2881 1160 2937 quid
1203 2880 1379 2917 habuerit
1419 2879 1613 2915 incertum.
1659 2899 1703 2905 —

170 2931 215 2970 V.
248 2936 306 2969 21.
309 2897 511 2978 μάλλάξει,
549 2929 676 2977 ἀλέξει
717 2931 757 2967 Ο.
805 2952 846 2956 -
885 2926 1037 2973 κάκιον,
1074 2926 1228 2965 κάλλιον
1265 2940 1319 2975 pr.
1352 2940 1379 2963 r.
1420 2948 1466 2954 —
1503 2923 1704 2971 τούσθλοῦ,
