<?xml version="1.0" encoding="UTF-8"?>
<!DOCTYPE html PUBLIC "-//W3C//DTD XHTML 1.0 Transitional//EN"
    "http://www.w3.org/TR/xhtml1/DTD/xhtml1-transitional.dtd">
<html xmlns="http://www.w3.org/1999/xhtml" xml:lang="en" lang="en">
 <head>
  <title>
</title>
<meta http-equiv="Content-Type" content="text/html;charset=utf-8" />
  <meta name='ocr-system' content='tesseract 3.04.00' />
  <meta name='ocr-capabilities' content='ocr_page ocr_carea ocr_par ocr_line ocrx_word'/>
</head>
<body>
  <div class='ocr_page' id='page_1' title='image "./poetaelyricigrae02berguoft_0091.png"; bbox 0 0 1890 3216; ppageno 0'>
   <div class='ocr_carea' id='block_1_1' title="bbox 679 198 1708 250">
    <p class='ocr_par' dir='ltr' id='par_1_1' title="bbox 679 198 1708 250">
     <span class='ocr_line' id='line_1_1' title="bbox 679 198 1708 250; baseline 0.006 -15"><span class='ocrx_word' id='word_1_1' title='bbox 679 198 1200 237; x_wconf 82' lang='lat' dir='ltr'>PSEUDOPHOCYLIDEA.</span> <span class='ocrx_word' id='word_1_2' title='bbox 1657 204 1708 250; x_wconf 81' lang='lat'>81</span> 
     </span>
    </p>
   </div>
   <div class='ocr_carea' id='block_1_2' title="bbox 165 312 1714 827">
    <p class='ocr_par' dir='ltr' id='par_1_2' title="bbox 165 312 1714 827">
     <span class='ocr_line' id='line_1_2' title="bbox 169 312 1713 367; baseline 0.004 -15"><span class='ocrx_word' id='word_1_3' title='bbox 169 312 298 352; x_wconf 85' lang='lat' dir='ltr'>hendo</span> <span class='ocrx_word' id='word_1_4' title='bbox 331 312 615 353; x_wconf 80' lang='lat' dir='ltr'>obscurissimo</span> <span class='ocrx_word' id='word_1_5' title='bbox 642 316 826 366; x_wconf 75' lang='lat' dir='ltr'><strong>poemate</strong></span> <span class='ocrx_word' id='word_1_6' title='bbox 858 315 957 354; x_wconf 78' lang='lat' dir='ltr'>satis</span> <span class='ocrx_word' id='word_1_7' title='bbox 990 316 1045 356; x_wconf 83' lang='lat' dir='ltr'>sit</span> <span class='ocrx_word' id='word_1_8' title='bbox 1077 318 1270 367; x_wconf 81' lang='lat' dir='ltr'>spectata,</span> <span class='ocrx_word' id='word_1_9' title='bbox 1303 315 1476 357; x_wconf 81' lang='lat' dir='ltr'>fortasse</span> <span class='ocrx_word' id='word_1_10' title='bbox 1509 319 1631 357; x_wconf 82' lang='lat' dir='ltr'>etiam</span> <span class='ocrx_word' id='word_1_11' title='bbox 1663 319 1713 358; x_wconf 89' lang='lat' dir='ltr'>ad</span> 
     </span>
     <span class='ocr_line' id='line_1_3' title="bbox 169 376 1713 435; baseline 0.004 -18"><span class='ocrx_word' id='word_1_12' title='bbox 169 377 400 435; x_wconf 68' lang='lat' dir='ltr'>I&#39;hocylidis</span> <span class='ocrx_word' id='word_1_13' title='bbox 432 379 585 432; x_wconf 83' lang='grc' dir='ltr'><strong><em>ποίημα</em></strong></span> <span class='ocrx_word' id='word_1_14' title='bbox 620 376 855 421; x_wconf 82' lang='grc' dir='ltr'><strong><em>νουθετικὸν</em></strong></span> <span class='ocrx_word' id='word_1_15' title='bbox 891 382 1048 421; x_wconf 83' lang='lat' dir='ltr'>fructus</span> <span class='ocrx_word' id='word_1_16' title='bbox 1091 382 1235 433; x_wconf 84' lang='lat' dir='ltr'>aliquis</span> <span class='ocrx_word' id='word_1_17' title='bbox 1275 383 1534 434; x_wconf 78' lang='lat' dir='ltr'>redundabit,</span> <span class='ocrx_word' id='word_1_18' title='bbox 1573 385 1606 423; x_wconf 83' lang='lat' dir='ltr'>si</span> <span class='ocrx_word' id='word_1_19' title='bbox 1636 385 1713 424; x_wconf 79' lang='lat' dir='ltr'>istc</span> 
     </span>
     <span class='ocr_line' id='line_1_4' title="bbox 168 445 1714 501; baseline 0.003 -17"><span class='ocrx_word' id='word_1_20' title='bbox 168 445 291 485; x_wconf 84' lang='lat' dir='ltr'><strong>codex</strong></span> <span class='ocrx_word' id='word_1_21' title='bbox 321 446 446 485; x_wconf 89' lang='lat' dir='ltr'>fuerit</span> <span class='ocrx_word' id='word_1_22' title='bbox 477 446 693 498; x_wconf 77' lang='lat' dir='ltr'>diligenter</span> <span class='ocrx_word' id='word_1_23' title='bbox 720 449 982 487; x_wconf 84' lang='lat' dir='ltr'>examinatus:</span> <span class='ocrx_word' id='word_1_24' title='bbox 1027 448 1243 488; x_wconf 84' lang='lat' dir='ltr'>Praeterea</span> <span class='ocrx_word' id='word_1_25' title='bbox 1267 447 1442 489; x_wconf 82' lang='lat' dir='ltr'>fortasse</span> <span class='ocrx_word' id='word_1_26' title='bbox 1468 450 1613 501; x_wconf 85' lang='lat' dir='ltr'>dignus</span> <span class='ocrx_word' id='word_1_27' title='bbox 1641 454 1714 498; x_wconf 81' lang='lat' dir='ltr'>est,</span> 
     </span>
     <span class='ocr_line' id='line_1_5' title="bbox 166 511 1713 568; baseline 0.005 -18"><span class='ocrx_word' id='word_1_28' title='bbox 166 511 235 562; x_wconf 90' lang='lat' dir='ltr'>qui</span> <span class='ocrx_word' id='word_1_29' title='bbox 268 513 530 564; x_wconf 75' lang='lat' dir='ltr'>examinetur,</span> <span class='ocrx_word' id='word_1_30' title='bbox 563 514 646 553; x_wconf 87' lang='lat' dir='ltr'>cod.</span> <span class='ocrx_word' id='word_1_31' title='bbox 670 514 842 554; x_wconf 89' lang='lat' dir='ltr'>Vindob.</span> <span class='ocrx_word' id='word_1_32' title='bbox 866 514 1046 565; x_wconf 85' lang='lat' dir='ltr'>CLXIX,</span> <span class='ocrx_word' id='word_1_33' title='bbox 1080 514 1127 554; x_wconf 90' lang='lat' dir='ltr'>de</span> <span class='ocrx_word' id='word_1_34' title='bbox 1161 527 1238 565; x_wconf 89' lang='lat' dir='ltr'>quo</span> <span class='ocrx_word' id='word_1_35' title='bbox 1271 515 1351 554; x_wconf 85' lang='lat' dir='ltr'>dixi</span> <span class='ocrx_word' id='word_1_36' title='bbox 1383 517 1426 555; x_wconf 90' lang='lat' dir='ltr'>in</span> <span class='ocrx_word' id='word_1_37' title='bbox 1456 518 1583 567; x_wconf 87' lang='lat' dir='ltr'>praef.</span> <span class='ocrx_word' id='word_1_38' title='bbox 1617 518 1713 568; x_wconf 84' lang='lat' dir='ltr'>Ety-</span> 
     </span>
     <span class='ocr_line' id='line_1_6' title="bbox 166 577 1714 633; baseline 0.005 -17"><span class='ocrx_word' id='word_1_39' title='bbox 166 577 354 628; x_wconf 86' lang='lat' dir='ltr'>mologici</span> <span class='ocrx_word' id='word_1_40' title='bbox 384 577 706 619; x_wconf 83' lang='lat' dir='ltr'>Vindobonensis</span> <span class='ocrx_word' id='word_1_41' title='bbox 739 594 775 630; x_wconf 86' lang='lat' dir='ltr'>p.</span> <span class='ocrx_word' id='word_1_42' title='bbox 810 581 848 629; x_wconf 90' lang='lat'>5,</span> <span class='ocrx_word' id='word_1_43' title='bbox 886 593 981 619; x_wconf 90' lang='lat' dir='ltr'>nam</span> <span class='ocrx_word' id='word_1_44' title='bbox 1018 581 1059 619; x_wconf 91' lang='lat' dir='ltr'>in</span> <span class='ocrx_word' id='word_1_45' title='bbox 1098 581 1167 619; x_wconf 92' lang='lat' dir='ltr'>illo</span> <span class='ocrx_word' id='word_1_46' title='bbox 1206 581 1338 620; x_wconf 85' lang='lat' dir='ltr'>codice</span> <span class='ocrx_word' id='word_1_47' title='bbox 1378 582 1515 622; x_wconf 82' lang='lat' dir='ltr'>insunt</span> <span class='ocrx_word' id='word_1_48' title='bbox 1552 586 1714 633; x_wconf 85' lang='lat' dir='ltr'>praeter</span> 
     </span>
     <span class='ocr_line' id='line_1_7' title="bbox 165 642 1713 702; baseline 0.004 -20"><span class='ocrx_word' id='word_1_49' title='bbox 165 642 248 682; x_wconf 75' lang='lat' dir='ltr'>alia</span> <span class='ocrx_word' id='word_1_50' title='bbox 277 644 407 683; x_wconf 80' lang='lat' dir='ltr'>multa.</span> <span class='ocrx_word' id='word_1_51' title='bbox 438 644 561 684; x_wconf 86' lang='lat' dir='ltr'>etiam</span> <span class='ocrx_word' id='word_1_52' title='bbox 592 644 832 698; x_wconf 84' lang='grc' dir='ltr'><strong><em>παρεκβολαὶ</em></strong></span> <span class='ocrx_word' id='word_1_53' title='bbox 864 644 907 685; x_wconf 81' lang='grc' dir='ltr'>ἐκ</span> <span class='ocrx_word' id='word_1_54' title='bbox 931 649 1010 686; x_wconf 81' lang='grc' dir='ltr'>τῶν</span> <span class='ocrx_word' id='word_1_55' title='bbox 1035 648 1253 698; x_wconf 82' lang='grc' dir='ltr'><strong><em>ποιητικῶν</em></strong></span> <span class='ocrx_word' id='word_1_56' title='bbox 1278 647 1445 699; x_wconf 78' lang='grc' dir='ltr'><strong><em>βιβλίων</em></strong></span> <span class='ocrx_word' id='word_1_57' title='bbox 1471 648 1525 696; x_wconf 82' lang='grc' dir='ltr'>εἰς</span> <span class='ocrx_word' id='word_1_58' title='bbox 1550 645 1713 702; x_wconf 75' lang='grc' dir='ltr'><strong><em>γραφὴν</em></strong></span> 
     </span>
     <span class='ocr_line' id='line_1_8' title="bbox 165 705 1709 766; baseline 0.005 -19"><span class='ocrx_word' id='word_1_59' title='bbox 165 710 421 748; x_wconf 81' lang='grc' dir='ltr'><strong><em>συντελοῦσαι</em></strong></span> <span class='ocrx_word' id='word_1_60' title='bbox 445 705 542 749; x_wconf 76' lang='grc' dir='ltr'><strong><em>κατὰ</em></strong></span> <span class='ocrx_word' id='word_1_61' title='bbox 569 714 757 763; x_wconf 83' lang='grc' dir='ltr'><strong><em>στοιχεῖον</em></strong></span> <span class='ocrx_word' id='word_1_62' title='bbox 776 713 1124 764; x_wconf 80' lang='grc' dir='ltr'><strong><em>παρεκβληθεῖσαι,</em></strong></span> <span class='ocrx_word' id='word_1_63' title='bbox 1156 713 1197 751; x_wconf 89' lang='lat' dir='ltr'>in</span> <span class='ocrx_word' id='word_1_64' title='bbox 1223 726 1340 763; x_wconf 85' lang='lat' dir='ltr'>quam</span> <span class='ocrx_word' id='word_1_65' title='bbox 1369 715 1555 766; x_wconf 83' lang='lat' dir='ltr'>syllogen</span> <span class='ocrx_word' id='word_1_66' title='bbox 1584 716 1709 755; x_wconf 86' lang='lat' dir='ltr'>etiam</span> 
     </span>
     <span class='ocr_line' id='line_1_9' title="bbox 167 773 892 827; baseline 0.003 -13"><span class='ocrx_word' id='word_1_67' title='bbox 167 773 394 826; x_wconf 83' lang='lat' dir='ltr'>Phocylidis</span> <span class='ocrx_word' id='word_1_68' title='bbox 427 789 569 816; x_wconf 82' lang='lat' dir='ltr'>versus</span> <span class='ocrx_word' id='word_1_69' title='bbox 602 777 755 827; x_wconf 85' lang='lat' dir='ltr'>recepti</span> <span class='ocrx_word' id='word_1_70' title='bbox 786 779 892 818; x_wconf 82' lang='lat' dir='ltr'>sunt.</span> 
     </span>
    </p>
   </div>
   <div class='ocr_carea' id='block_1_3' title="bbox 566 1028 1709 1076">
    <p class='ocr_par' dir='ltr' id='par_1_3' title="bbox 566 1028 1709 1076">
     <span class='ocr_line' id='line_1_10' title="bbox 566 1028 1709 1076; baseline 0.001 -3"><span class='ocrx_word' id='word_1_71' title='bbox 566 1028 977 1075; x_wconf 84' lang='grc' dir='ltr'>ΦΩΚΥΛΙΔΟΥ</span> <span class='ocrx_word' id='word_1_72' title='bbox 1017 1031 1304 1076; x_wconf 85' lang='grc' dir='ltr'><strong>ΓΝΩΜΑΙ.</strong></span> <span class='ocrx_word' id='word_1_73' title='bbox 1639 1041 1709 1074; x_wconf 78' lang='lat' dir='ltr'>45ss</span> 
     </span>
    </p>
   </div>
   <div class='ocr_carea' id='block_1_4' title="bbox 187 1138 1540 1563">
    <p class='ocr_par' dir='ltr' id='par_1_4' title="bbox 235 1138 1518 1419">
     <span class='ocr_line' id='line_1_11' title="bbox 302 1138 1457 1201; baseline 0.004 -18"><span class='ocrx_word' id='word_1_74' title='bbox 302 1141 451 1184; x_wconf 81' lang='grc' dir='ltr'><strong><em>Ταῦτα</em></strong></span> <span class='ocrx_word' id='word_1_75' title='bbox 482 1142 609 1198; x_wconf 82' lang='grc' dir='ltr'><em>δίκης</em></span> <span class='ocrx_word' id='word_1_76' title='bbox 641 1138 808 1186; x_wconf 84' lang='grc' dir='ltr'><strong><em>ὁσίοισι</em></strong></span> <span class='ocrx_word' id='word_1_77' title='bbox 840 1145 956 1187; x_wconf 84' lang='grc' dir='ltr'>θεοῦ</span> <span class='ocrx_word' id='word_1_78' title='bbox 987 1140 1272 1201; x_wconf 86' lang='grc' dir='ltr'><strong><em>βουλεύματα</em></strong></span> <span class='ocrx_word' id='word_1_79' title='bbox 1305 1147 1457 1201; x_wconf 84' lang='grc' dir='ltr'><strong><em>φαίνει</em></strong></span> 
     </span>
     <span class='ocr_line' id='line_1_12' title="bbox 240 1211 1414 1274; baseline 0.003 -19"><span class='ocrx_word' id='word_1_80' title='bbox 240 1214 506 1269; x_wconf 77' lang='grc' dir='ltr'><em>Φωκυλίδης</em></span> <span class='ocrx_word' id='word_1_81' title='bbox 537 1211 722 1271; x_wconf 75' lang='grc' dir='ltr'><strong><em>ἀνδρῶν</em></strong></span> <span class='ocrx_word' id='word_1_82' title='bbox 755 1211 779 1258; x_wconf 84' lang='grc' dir='ltr'>ὁ</span> <span class='ocrx_word' id='word_1_83' title='bbox 813 1213 1075 1272; x_wconf 78' lang='grc' dir='ltr'><strong><em>σοφώτατος</em></strong></span> <span class='ocrx_word' id='word_1_84' title='bbox 1108 1214 1239 1273; x_wconf 81' lang='grc' dir='ltr'><strong><em>ὄλβια</em></strong></span> <span class='ocrx_word' id='word_1_85' title='bbox 1273 1218 1414 1274; x_wconf 76' lang='grc' dir='ltr'><strong><em>δῶρα·</em></strong></span> 
     </span>
     <span class='ocr_line' id='line_1_13' title="bbox 235 1281 1501 1346; baseline 0.004 -19"><span class='ocrx_word' id='word_1_86' title='bbox 235 1281 344 1340; x_wconf 84' lang='grc' dir='ltr'><strong><em>μήτε</em></strong></span> <span class='ocrx_word' id='word_1_87' title='bbox 374 1285 719 1342; x_wconf 76' lang='grc' dir='ltr'><strong><em>γαμοκλοπέειν,</em></strong></span> <span class='ocrx_word' id='word_1_88' title='bbox 753 1283 855 1343; x_wconf 86' lang='grc' dir='ltr'><strong><em>μήτ’</em></strong></span> <span class='ocrx_word' id='word_1_89' title='bbox 891 1285 1060 1344; x_wconf 77' lang='grc' dir='ltr'><strong><em>ἄρσενα</em></strong></span> <span class='ocrx_word' id='word_1_90' title='bbox 1092 1287 1275 1345; x_wconf 80' lang='grc' dir='ltr'><strong><em>Κύπριν</em></strong></span> <span class='ocrx_word' id='word_1_91' title='bbox 1308 1286 1501 1346; x_wconf 84' lang='grc' dir='ltr'><strong><em>ὀρίνειν,</em></strong></span> 
     </span>
     <span class='ocr_line' id='line_1_14' title="bbox 235 1353 1518 1419; baseline 0.005 -20"><span class='ocrx_word' id='word_1_92' title='bbox 235 1353 343 1413; x_wconf 82' lang='grc' dir='ltr'><strong><em>μήτε</em></strong></span> <span class='ocrx_word' id='word_1_93' title='bbox 376 1355 541 1409; x_wconf 80' lang='grc' dir='ltr'><em>δόλους</em></span> <span class='ocrx_word' id='word_1_94' title='bbox 572 1357 779 1415; x_wconf 78' lang='grc' dir='ltr'><strong><em>ῥάπτειν,</em></strong></span> <span class='ocrx_word' id='word_1_95' title='bbox 812 1357 924 1416; x_wconf 89' lang='grc' dir='ltr'><strong><em>μήθ’</em></strong></span> <span class='ocrx_word' id='word_1_96' title='bbox 960 1361 1112 1417; x_wconf 82' lang='grc' dir='ltr'><strong><em>αἵματι</em></strong></span> <span class='ocrx_word' id='word_1_97' title='bbox 1144 1369 1270 1419; x_wconf 81' lang='grc' dir='ltr'><strong><em>χεῖρα</em></strong></span> <span class='ocrx_word' id='word_1_98' title='bbox 1302 1364 1518 1418; x_wconf 84' lang='grc' dir='ltr'><strong><em>μιαίνειν·</em></strong></span> 
     </span>
    </p>

    <p class='ocr_par' dir='ltr' id='par_1_5' title="bbox 187 1426 1540 1563">
     <span class='ocr_line' id='line_1_15' title="bbox 187 1426 1420 1489; baseline 0.005 -18"><span class='ocrx_word' id='word_1_99' title='bbox 187 1439 208 1471; x_wconf 82' lang='grc'>5</span> <span class='ocrx_word' id='word_1_100' title='bbox 235 1426 294 1486; x_wconf 84' lang='grc' dir='ltr'>μὴ</span> <span class='ocrx_word' id='word_1_101' title='bbox 328 1432 539 1473; x_wconf 78' lang='grc' dir='ltr'><strong><em>πλουτεῖν</em></strong></span> <span class='ocrx_word' id='word_1_102' title='bbox 572 1427 759 1487; x_wconf 80' lang='grc' dir='ltr'><em>ἀδίκως,</em></span> <span class='ocrx_word' id='word_1_103' title='bbox 792 1428 891 1475; x_wconf 82' lang='grc' dir='ltr'><strong><em>ἀλλ’</em></strong></span> <span class='ocrx_word' id='word_1_104' title='bbox 928 1432 974 1485; x_wconf 83' lang='grc' dir='ltr'>ἐξ</span> <span class='ocrx_word' id='word_1_105' title='bbox 1007 1429 1148 1476; x_wconf 86' lang='grc' dir='ltr'><strong><em>ὁσίων</em></strong></span> <span class='ocrx_word' id='word_1_106' title='bbox 1180 1431 1420 1489; x_wconf 84' lang='grc' dir='ltr'><strong><em>βιοτεύειν·</em></strong></span> 
     </span>
     <span class='ocr_line' id='line_1_16' title="bbox 234 1497 1540 1563; baseline 0.005 -19"><span class='ocrx_word' id='word_1_107' title='bbox 234 1497 473 1559; x_wconf 78' lang='grc' dir='ltr'><strong><em>ἀρκεῖσθαι</em></strong></span> <span class='ocrx_word' id='word_1_108' title='bbox 505 1499 610 1560; x_wconf 83' lang='grc' dir='ltr'><strong><em>παρ’</em></strong></span> <span class='ocrx_word' id='word_1_109' title='bbox 646 1502 758 1558; x_wconf 79' lang='grc' dir='ltr'><strong><em>ἑοῖς,</em></strong></span> <span class='ocrx_word' id='word_1_110' title='bbox 790 1505 881 1548; x_wconf 79' lang='grc' dir='ltr'>τῶν</span> <span class='ocrx_word' id='word_1_111' title='bbox 914 1502 956 1548; x_wconf 83' lang='grc' dir='ltr'>δ’</span> <span class='ocrx_word' id='word_1_112' title='bbox 993 1501 1242 1563; x_wconf 78' lang='grc' dir='ltr'><strong><em>ἀλλοτρίων</em></strong></span> <span class='ocrx_word' id='word_1_113' title='bbox 1275 1503 1540 1563; x_wconf 81' lang='grc' dir='ltr'><strong><em>ἀπέχεσθαι·</em></strong></span> 
     </span>
    </p>
   </div>
   <div class='ocr_carea' id='block_1_5' title="bbox 114 1645 1709 3035">
    <p class='ocr_par' dir='ltr' id='par_1_6' title="bbox 161 1645 1709 2475">
     <span class='ocr_line' id='line_1_17' title="bbox 259 1645 1709 1696; baseline 0.003 -14"><span class='ocrx_word' id='word_1_114' title='bbox 259 1645 304 1682; x_wconf 90' lang='lat' dir='ltr'>V.</span> <span class='ocrx_word' id='word_1_115' title='bbox 333 1649 351 1680; x_wconf 93' lang='lat'>1</span> <span class='ocrx_word' id='word_1_116' title='bbox 379 1646 418 1680; x_wconf 88' lang='lat' dir='ltr'>et</span> <span class='ocrx_word' id='word_1_117' title='bbox 450 1649 471 1680; x_wconf 87' lang='grc'><strong>2</strong></span> <span class='ocrx_word' id='word_1_118' title='bbox 503 1645 633 1681; x_wconf 82' lang='lat' dir='ltr'>addidi</span> <span class='ocrx_word' id='word_1_119' title='bbox 659 1657 704 1682; x_wconf 86' lang='lat' dir='ltr'>ex</span> <span class='ocrx_word' id='word_1_120' title='bbox 728 1647 1124 1683; x_wconf 80' lang='lat' dir='ltr'>MVaBV4A12MabH</span> <span class='ocrx_word' id='word_1_121' title='bbox 1150 1647 1324 1695; x_wconf 85' lang='lat' dir='ltr'>idemque</span> <span class='ocrx_word' id='word_1_122' title='bbox 1350 1649 1543 1685; x_wconf 82' lang='lat' dir='ltr'>exordium</span> <span class='ocrx_word' id='word_1_123' title='bbox 1569 1649 1642 1696; x_wconf 87' lang='lat' dir='ltr'>leg.</span> <span class='ocrx_word' id='word_1_124' title='bbox 1670 1652 1709 1686; x_wconf 90' lang='lat' dir='ltr'>in</span> 
     </span>
     <span class='ocr_line' id='line_1_18' title="bbox 165 1692 1708 1743; baseline 0.003 -14"><span class='ocrx_word' id='word_1_125' title='bbox 165 1693 246 1730; x_wconf 85' lang='lat' dir='ltr'>cod.</span> <span class='ocrx_word' id='word_1_126' title='bbox 280 1704 340 1739; x_wconf 82' lang='lat' dir='ltr'>ap.</span> <span class='ocrx_word' id='word_1_127' title='bbox 367 1692 616 1731; x_wconf 84' lang='lat' dir='ltr'>Villois.·An.</span> <span class='ocrx_word' id='word_1_128' title='bbox 648 1694 684 1729; x_wconf 95' lang='lat' dir='ltr'>II</span> <span class='ocrx_word' id='word_1_129' title='bbox 715 1707 750 1741; x_wconf 88' lang='lat' dir='ltr'>p.</span> <span class='ocrx_word' id='word_1_130' title='bbox 780 1693 850 1731; x_wconf 82' lang='grc'><strong>79.“</strong></span> <span class='ocrx_word' id='word_1_131' title='bbox 885 1695 1011 1731; x_wconf 88' lang='lat' dir='ltr'>Miller</span> <span class='ocrx_word' id='word_1_132' title='bbox 1043 1696 1159 1732; x_wconf 85' lang='lat' dir='ltr'>Catal.</span> <span class='ocrx_word' id='word_1_133' title='bbox 1192 1697 1290 1733; x_wconf 88' lang='lat' dir='ltr'>Bibl.</span> <span class='ocrx_word' id='word_1_134' title='bbox 1317 1697 1426 1734; x_wconf 82' lang='lat' dir='ltr'>Matr.</span> <span class='ocrx_word' id='word_1_135' title='bbox 1459 1710 1494 1743; x_wconf 88' lang='lat' dir='ltr'>p.</span> <span class='ocrx_word' id='word_1_136' title='bbox 1523 1702 1568 1733; x_wconf 98' lang='grc'>23</span> <span class='ocrx_word' id='word_1_137' title='bbox 1600 1700 1639 1734; x_wconf 88' lang='lat' dir='ltr'>et</span> <span class='ocrx_word' id='word_1_138' title='bbox 1668 1698 1708 1734; x_wconf 89' lang='lat' dir='ltr'>in</span> 
     </span>
     <span class='ocr_line' id='line_1_19' title="bbox 163 1741 1709 1791; baseline 0.004 -15"><span class='ocrx_word' id='word_1_139' title='bbox 163 1741 308 1777; x_wconf 82' lang='lat' dir='ltr'>duobus</span> <span class='ocrx_word' id='word_1_140' title='bbox 332 1741 418 1777; x_wconf 81' lang='lat' dir='ltr'>aliis</span> <span class='ocrx_word' id='word_1_141' title='bbox 443 1741 550 1777; x_wconf 83' lang='lat' dir='ltr'>codd.</span> <span class='ocrx_word' id='word_1_142' title='bbox 580 1741 689 1778; x_wconf 90' lang='lat' dir='ltr'>Vind.</span> <span class='ocrx_word' id='word_1_143' title='bbox 718 1754 747 1779; x_wconf 89' lang='lat' dir='ltr'>c.</span> <span class='ocrx_word' id='word_1_144' title='bbox 777 1741 924 1778; x_wconf 85' lang='lat' dir='ltr'>CCXXI</span> <span class='ocrx_word' id='word_1_145' title='bbox 950 1744 974 1779; x_wconf 89' lang='lat' dir='ltr'>f.</span> <span class='ocrx_word' id='word_1_146' title='bbox 1002 1747 1071 1779; x_wconf 83' lang='lat'>222</span> <span class='ocrx_word' id='word_1_147' title='bbox 1098 1744 1135 1789; x_wconf 92' lang='lat' dir='ltr'>b,</span> <span class='ocrx_word' id='word_1_148' title='bbox 1161 1745 1227 1780; x_wconf 91' lang='lat' dir='ltr'>ubi</span> <span class='ocrx_word' id='word_1_149' title='bbox 1251 1745 1344 1781; x_wconf 90' lang='lat' dir='ltr'>item</span> <span class='ocrx_word' id='word_1_150' title='bbox 1370 1745 1558 1791; x_wconf 88' lang='lat' dir='ltr'>integrum</span> <span class='ocrx_word' id='word_1_151' title='bbox 1584 1748 1709 1782; x_wconf 81' lang='lat' dir='ltr'>exstat</span> 
     </span>
     <span class='ocr_line' id='line_1_20' title="bbox 163 1787 1705 1838; baseline 0.003 -14"><span class='ocrx_word' id='word_1_152' title='bbox 163 1792 325 1832; x_wconf 82' lang='lat' dir='ltr'>carmen,</span> <span class='ocrx_word' id='word_1_153' title='bbox 351 1790 390 1825; x_wconf 88' lang='lat' dir='ltr'>et</span> <span class='ocrx_word' id='word_1_154' title='bbox 416 1787 531 1824; x_wconf 85' lang='lat' dir='ltr'>CLIII</span> <span class='ocrx_word' id='word_1_155' title='bbox 556 1789 581 1826; x_wconf 91' lang='lat' dir='ltr'>f.</span> <span class='ocrx_word' id='word_1_156' title='bbox 608 1794 642 1825; x_wconf 90' lang='grc'>2.</span> <span class='ocrx_word' id='word_1_157' title='bbox 670 1811 713 1816; x_wconf 81' lang='lat'>—</span> <span class='ocrx_word' id='word_1_158' title='bbox 740 1790 784 1826; x_wconf 91' lang='lat' dir='ltr'>V.</span> <span class='ocrx_word' id='word_1_159' title='bbox 809 1795 912 1827; x_wconf 82' lang='grc'><strong>1-7.</strong></span> <span class='ocrx_word' id='word_1_160' title='bbox 934 1803 1006 1828; x_wconf 87' lang='lat' dir='ltr'>om.</span> <span class='ocrx_word' id='word_1_161' title='bbox 1028 1794 1093 1828; x_wconf 86' lang='lat' dir='ltr'>A3.</span> <span class='ocrx_word' id='word_1_162' title='bbox 1118 1813 1162 1818; x_wconf 92' lang='lat'>—</span> <span class='ocrx_word' id='word_1_163' title='bbox 1183 1792 1226 1828; x_wconf 92' lang='lat' dir='ltr'>V.</span> <span class='ocrx_word' id='word_1_164' title='bbox 1251 1797 1280 1829; x_wconf 88' lang='lat'>1.</span> <span class='ocrx_word' id='word_1_165' title='bbox 1309 1794 1417 1838; x_wconf 82' lang='grc' dir='ltr'><em>δίκης</em></span> <span class='ocrx_word' id='word_1_166' title='bbox 1441 1791 1579 1829; x_wconf 88' lang='grc' dir='ltr'><strong><em>ὁσιόισι</em></strong></span> <span class='ocrx_word' id='word_1_167' title='bbox 1598 1794 1705 1838; x_wconf 88' lang='lat' dir='ltr'>BMb,</span> 
     </span>
     <span class='ocr_line' id='line_1_21' title="bbox 163 1833 1706 1888; baseline 0.004 -16"><span class='ocrx_word' id='word_1_168' title='bbox 163 1837 271 1883; x_wconf 80' lang='grc' dir='ltr'><em>δίκης</em></span> <span class='ocrx_word' id='word_1_169' title='bbox 306 1833 442 1873; x_wconf 70' lang='grc' dir='ltr'><strong><em>ὅσιοίσι</em></strong></span> <span class='ocrx_word' id='word_1_170' title='bbox 472 1836 547 1882; x_wconf 82' lang='grc' dir='ltr'>Α2,</span> <span class='ocrx_word' id='word_1_171' title='bbox 581 1838 689 1886; x_wconf 84' lang='grc' dir='ltr'><em>δίκῃς</em></span> <span class='ocrx_word' id='word_1_172' title='bbox 721 1835 842 1886; x_wconf 84' lang='grc' dir='ltr'><strong><em>ὁσίῃσι</em></strong></span> <span class='ocrx_word' id='word_1_173' title='bbox 875 1841 930 1874; x_wconf 92' lang='lat' dir='ltr'>Al</span> <span class='ocrx_word' id='word_1_174' title='bbox 967 1840 1024 1876; x_wconf 82' lang='lat' dir='ltr'>Va</span> <span class='ocrx_word' id='word_1_175' title='bbox 1050 1840 1214 1886; x_wconf 83' lang='lat' dir='ltr'>Villois.‚</span> <span class='ocrx_word' id='word_1_176' title='bbox 1253 1842 1360 1886; x_wconf 80' lang='grc' dir='ltr'><em>δίκης</em></span> <span class='ocrx_word' id='word_1_177' title='bbox 1397 1838 1520 1888; x_wconf 89' lang='grc' dir='ltr'><strong><em>ὁσίῃσι</em></strong></span> <span class='ocrx_word' id='word_1_178' title='bbox 1559 1841 1706 1887; x_wconf 85' lang='lat' dir='ltr'>reliqui.</span> 
     </span>
     <span class='ocr_line' id='line_1_22' title="bbox 161 1883 1707 1935; baseline 0.003 -15"><span class='ocrx_word' id='word_1_179' title='bbox 161 1883 265 1921; x_wconf 81' lang='lat' dir='ltr'>Haec</span> <span class='ocrx_word' id='word_1_180' title='bbox 300 1885 417 1922; x_wconf 82' lang='lat' dir='ltr'>verba</span> <span class='ocrx_word' id='word_1_181' title='bbox 451 1885 594 1932; x_wconf 87' lang='lat' dir='ltr'>optime</span> <span class='ocrx_word' id='word_1_182' title='bbox 629 1889 844 1933; x_wconf 86' lang='lat' dir='ltr'>congruunt</span> <span class='ocrx_word' id='word_1_183' title='bbox 878 1899 963 1923; x_wconf 89' lang='lat' dir='ltr'>cum</span> <span class='ocrx_word' id='word_1_184' title='bbox 998 1888 1149 1934; x_wconf 87' lang='lat' dir='ltr'>epilogo</span> <span class='ocrx_word' id='word_1_185' title='bbox 1185 1892 1272 1924; x_wconf 81' lang='lat'><strong>229:</strong></span> <span class='ocrx_word' id='word_1_186' title='bbox 1307 1889 1429 1925; x_wconf 83' lang='grc' dir='ltr'><strong><em>ταῦτα</em></strong></span> <span class='ocrx_word' id='word_1_187' title='bbox 1463 1888 1707 1935; x_wconf 78' lang='grc' dir='ltr'><strong><em>δικαιοσύνης</em></strong></span> 
     </span>
     <span class='ocr_line' id='line_1_23' title="bbox 162 1930 1706 1983; baseline 0.003 -15"><span class='ocrx_word' id='word_1_188' title='bbox 162 1930 366 1979; x_wconf 82' lang='grc' dir='ltr'><strong><em>μυστήρια,</em></strong></span> <span class='ocrx_word' id='word_1_189' title='bbox 401 1937 487 1969; x_wconf 80' lang='grc' dir='ltr'><strong><em>τοῖοι</em></strong></span> <span class='ocrx_word' id='word_1_190' title='bbox 527 1934 707 1982; x_wconf 81' lang='grc' dir='ltr'><strong><em>βιεῦντες.</em></strong></span> <span class='ocrx_word' id='word_1_191' title='bbox 760 1934 935 1972; x_wconf 82' lang='lat' dir='ltr'>Ceterum</span> <span class='ocrx_word' id='word_1_192' title='bbox 974 1936 1105 1972; x_wconf 88' lang='lat' dir='ltr'>eadem</span> <span class='ocrx_word' id='word_1_193' title='bbox 1144 1937 1334 1972; x_wconf 85' lang='lat' dir='ltr'>structura</span> <span class='ocrx_word' id='word_1_194' title='bbox 1370 1937 1580 1983; x_wconf 80' lang='lat' dir='ltr'>Aeschylus</span> <span class='ocrx_word' id='word_1_195' title='bbox 1618 1950 1706 1974; x_wconf 84' lang='lat' dir='ltr'>usus</span> 
     </span>
     <span class='ocr_line' id='line_1_24' title="bbox 163 1979 1706 2032; baseline 0.004 -16"><span class='ocrx_word' id='word_1_196' title='bbox 163 1980 264 2027; x_wconf 76' lang='lat' dir='ltr'>Sept.</span> <span class='ocrx_word' id='word_1_197' title='bbox 291 1985 378 2017; x_wconf 83' lang='lat'>994:</span> <span class='ocrx_word' id='word_1_198' title='bbox 407 1980 519 2027; x_wconf 77' lang='grc' dir='ltr'><strong><em>ἱερῶν</em></strong></span> <span class='ocrx_word' id='word_1_199' title='bbox 544 1979 730 2029; x_wconf 74' lang='grc' dir='ltr'><strong><em>πατρῴων</em></strong></span> <span class='ocrx_word' id='word_1_200' title='bbox 757 1980 795 2018; x_wconf 87' lang='grc' dir='ltr'>δ’</span> <span class='ocrx_word' id='word_1_201' title='bbox 823 1979 926 2025; x_wconf 77' lang='grc' dir='ltr'><strong><em>ὅσιος</em></strong></span> <span class='ocrx_word' id='word_1_202' title='bbox 952 1979 1004 2019; x_wconf 72' lang='grc' dir='ltr'>ὢν</span> <span class='ocrx_word' id='word_1_203' title='bbox 1025 1985 1179 2030; x_wconf 85' lang='grc' dir='ltr'><em>μομφῆς</em></span> <span class='ocrx_word' id='word_1_204' title='bbox 1198 1981 1288 2030; x_wconf 77' lang='grc' dir='ltr'><strong><em>ἄτερ</em></strong></span> <span class='ocrx_word' id='word_1_205' title='bbox 1308 1983 1507 2031; x_wconf 78' lang='grc' dir='ltr'><strong><em>τέθνηκεν.</em></strong></span> <span class='ocrx_word' id='word_1_206' title='bbox 1530 2007 1574 2011; x_wconf 91' lang='grc'>-</span> <span class='ocrx_word' id='word_1_207' title='bbox 1594 1987 1706 2032; x_wconf 77' lang='grc' dir='ltr'><strong><em>θεοῦ,</em></strong></span> 
     </span>
     <span class='ocr_line' id='line_1_25' title="bbox 162 2028 1705 2080; baseline 0.004 -17"><span class='ocrx_word' id='word_1_208' title='bbox 162 2028 226 2064; x_wconf 89' lang='lat' dir='ltr'>Mb</span> <span class='ocrx_word' id='word_1_209' title='bbox 251 2029 372 2075; x_wconf 82' lang='grc' dir='ltr'><strong><em>θεῶν,</em></strong></span> <span class='ocrx_word' id='word_1_210' title='bbox 397 2030 463 2065; x_wconf 83' lang='lat' dir='ltr'>sed</span> <span class='ocrx_word' id='word_1_211' title='bbox 487 2029 527 2066; x_wconf 83' lang='lat' dir='ltr'>in</span> <span class='ocrx_word' id='word_1_212' title='bbox 553 2042 601 2066; x_wconf 88' lang='lat' dir='ltr'>m.</span> <span class='ocrx_word' id='word_1_213' title='bbox 628 2044 684 2076; x_wconf 78' lang='grc' dir='ltr'>γρ.</span> <span class='ocrx_word' id='word_1_214' title='bbox 711 2032 822 2068; x_wconf 82' lang='grc' dir='ltr'><strong><em>θεοῦ.</em></strong></span> <span class='ocrx_word' id='word_1_215' title='bbox 849 2053 894 2058; x_wconf 96' lang='grc'>-</span> <span class='ocrx_word' id='word_1_216' title='bbox 921 2031 966 2068; x_wconf 90' lang='lat' dir='ltr'>V.</span> <span class='ocrx_word' id='word_1_217' title='bbox 988 2037 1020 2067; x_wconf 90' lang='grc'>2.</span> <span class='ocrx_word' id='word_1_218' title='bbox 1048 2028 1158 2080; x_wconf 85' lang='grc' dir='ltr'><strong><em>ὄλβια</em></strong></span> <span class='ocrx_word' id='word_1_219' title='bbox 1185 2032 1300 2077; x_wconf 81' lang='grc' dir='ltr'><strong><em>δῶρα,</em></strong></span> <span class='ocrx_word' id='word_1_220' title='bbox 1332 2032 1443 2068; x_wconf 88' lang='lat' dir='ltr'>nimis</span> <span class='ocrx_word' id='word_1_221' title='bbox 1474 2034 1574 2069; x_wconf 81' lang='lat' dir='ltr'>iners</span> <span class='ocrx_word' id='word_1_222' title='bbox 1600 2034 1705 2069; x_wconf 82' lang='lat' dir='ltr'>addi-</span> 
     </span>
     <span class='ocr_line' id='line_1_26' title="bbox 161 2076 1704 2130; baseline 0.004 -19"><span class='ocrx_word' id='word_1_223' title='bbox 161 2076 388 2123; x_wconf 79' lang='lat' dir='ltr'>tamentum,</span> <span class='ocrx_word' id='word_1_224' title='bbox 413 2077 564 2114; x_wconf 89' lang='lat' dir='ltr'>videtur</span> <span class='ocrx_word' id='word_1_225' title='bbox 597 2079 732 2115; x_wconf 86' lang='lat' dir='ltr'>vitium</span> <span class='ocrx_word' id='word_1_226' title='bbox 765 2079 1003 2124; x_wconf 84' lang='lat' dir='ltr'>delitescere3</span> <span class='ocrx_word' id='word_1_227' title='bbox 1038 2080 1182 2116; x_wconf 87' lang='lat' dir='ltr'>conieci</span> <span class='ocrx_word' id='word_1_228' title='bbox 1213 2079 1416 2125; x_wconf 85' lang='lat' dir='ltr'>aliquando</span> <span class='ocrx_word' id='word_1_229' title='bbox 1444 2078 1704 2130; x_wconf 82' lang='grc' dir='ltr'><strong><em>Ὀλβιοδώρου,</em></strong></span> 
     </span>
     <span class='ocr_line' id='line_1_27' title="bbox 163 2125 1702 2174; baseline 0.004 -15"><span class='ocrx_word' id='word_1_230' title='bbox 163 2125 206 2159; x_wconf 88' lang='lat' dir='ltr'>ut</span> <span class='ocrx_word' id='word_1_231' title='bbox 231 2125 362 2160; x_wconf 83' lang='lat' dir='ltr'>auctor</span> <span class='ocrx_word' id='word_1_232' title='bbox 387 2125 562 2161; x_wconf 84' lang='lat' dir='ltr'>carminis</span> <span class='ocrx_word' id='word_1_233' title='bbox 590 2126 808 2172; x_wconf 80' lang='lat' dir='ltr'>Phocylidis</span> <span class='ocrx_word' id='word_1_234' title='bbox 833 2130 980 2174; x_wconf 85' lang='lat' dir='ltr'>patrem</span> <span class='ocrx_word' id='word_1_235' title='bbox 1007 2128 1277 2173; x_wconf 83' lang='lat' dir='ltr'>nominaverit,</span> <span class='ocrx_word' id='word_1_236' title='bbox 1305 2128 1409 2164; x_wconf 78' lang='lat' dir='ltr'>cuins</span> <span class='ocrx_word' id='word_1_237' title='bbox 1436 2141 1570 2165; x_wconf 88' lang='lat' dir='ltr'>nomen</span> <span class='ocrx_word' id='word_1_238' title='bbox 1595 2129 1702 2165; x_wconf 86' lang='lat' dir='ltr'>nobis</span> 
     </span>
     <span class='ocr_line' id='line_1_28' title="bbox 165 2173 1703 2223; baseline 0.003 -16"><span class='ocrx_word' id='word_1_239' title='bbox 165 2182 240 2208; x_wconf 88' lang='lat' dir='ltr'>non</span> <span class='ocrx_word' id='word_1_240' title='bbox 266 2174 324 2208; x_wconf 79' lang='lat' dir='ltr'>est</span> <span class='ocrx_word' id='word_1_241' title='bbox 347 2173 540 2212; x_wconf 84' lang='lat' dir='ltr'>traditum.</span> <span class='ocrx_word' id='word_1_242' title='bbox 568 2195 613 2200; x_wconf 93' lang='lat'>—</span> <span class='ocrx_word' id='word_1_243' title='bbox 639 2174 682 2211; x_wconf 91' lang='lat' dir='ltr'>V.</span> <span class='ocrx_word' id='word_1_244' title='bbox 711 2179 816 2211; x_wconf 83' lang='lat'><strong>3—-5</strong></span> <span class='ocrx_word' id='word_1_245' title='bbox 848 2176 1004 2212; x_wconf 87' lang='lat' dir='ltr'>invertit</span> <span class='ocrx_word' id='word_1_246' title='bbox 1034 2175 1122 2212; x_wconf 89' lang='lat' dir='ltr'>PV3</span> <span class='ocrx_word' id='word_1_247' title='bbox 1156 2173 1247 2222; x_wconf 81' lang='grc' dir='ltr'><strong><em>μήτε</em></strong></span> <span class='ocrx_word' id='word_1_248' title='bbox 1280 2190 1368 2223; x_wconf 74' lang='grc' dir='ltr'><strong><em>γαμ.</em></strong></span> <span class='ocrx_word' id='word_1_249' title='bbox 1395 2177 1438 2222; x_wconf 89' lang='grc' dir='ltr'>(Ρ</span> <span class='ocrx_word' id='word_1_250' title='bbox 1463 2175 1586 2223; x_wconf 75' lang='grc' dir='ltr'><strong><em>γάμον</em></strong></span> <span class='ocrx_word' id='word_1_251' title='bbox 1619 2180 1703 2212; x_wconf 88' lang='grc' dir='ltr'><strong><em>κλο-</em></strong></span> 
     </span>
     <span class='ocr_line' id='line_1_29' title="bbox 163 2218 1701 2272; baseline 0.003 -17"><span class='ocrx_word' id='word_1_252' title='bbox 163 2218 286 2266; x_wconf 81' lang='grc' dir='ltr'><strong><em>πέειν)</em></strong></span> <span class='ocrx_word' id='word_1_253' title='bbox 313 2218 412 2267; x_wconf 81' lang='grc' dir='ltr'><strong><em>μήθ’</em></strong></span> <span class='ocrx_word' id='word_1_254' title='bbox 439 2222 570 2267; x_wconf 76' lang='grc' dir='ltr'><strong><em>αἵματι</em></strong></span> <span class='ocrx_word' id='word_1_255' title='bbox 596 2236 628 2268; x_wconf 85' lang='grc' dir='ltr'>χ.</span> <span class='ocrx_word' id='word_1_256' title='bbox 655 2236 690 2269; x_wconf 83' lang='grc' dir='ltr'>μ.</span> <span class='ocrx_word' id='word_1_257' title='bbox 718 2220 810 2269; x_wconf 88' lang='grc' dir='ltr'><strong><em>μήτε</em></strong></span> <span class='ocrx_word' id='word_1_258' title='bbox 837 2227 1013 2259; x_wconf 76' lang='grc' dir='ltr'><strong><em>πλουτεῖν</em></strong></span> <span class='ocrx_word' id='word_1_259' title='bbox 1040 2220 1075 2260; x_wconf 72' lang='grc' dir='ltr'>οἳ.</span> <span class='ocrx_word' id='word_1_260' title='bbox 1104 2220 1139 2260; x_wconf 77' lang='grc' dir='ltr'>ἆ.</span> <span class='ocrx_word' id='word_1_261' title='bbox 1168 2222 1197 2261; x_wconf 77' lang='grc' dir='ltr'>ἒ.</span> <span class='ocrx_word' id='word_1_262' title='bbox 1224 2221 1257 2261; x_wconf 87' lang='grc' dir='ltr'>ὃ.</span> <span class='ocrx_word' id='word_1_263' title='bbox 1286 2225 1318 2272; x_wconf 87' lang='grc' dir='ltr'>β.</span> <span class='ocrx_word' id='word_1_264' title='bbox 1346 2222 1437 2270; x_wconf 83' lang='grc' dir='ltr'><strong><em>μήτε</em></strong></span> <span class='ocrx_word' id='word_1_265' title='bbox 1466 2226 1498 2260; x_wconf 92' lang='grc' dir='ltr'>δ.</span> <span class='ocrx_word' id='word_1_266' title='bbox 1526 2223 1701 2270; x_wconf 77' lang='grc' dir='ltr'><strong><em>ῥ’άπτειν·</em></strong></span> 
     </span>
     <span class='ocr_line' id='line_1_30' title="bbox 162 2265 1702 2366; baseline 0.003 -15"><span class='ocrx_word' id='word_1_267' title='bbox 162 2265 248 2352; x_wconf 63' lang='grc' dir='ltr'>’ἔέἶῖ</span> <span class='ocrx_word' id='word_1_268' title='bbox 276 2265 420 2352; x_wconf 61' lang='grc' dir='ltr'>’Ἧῖἕέιῖ</span> <span class='ocrx_word' id='word_1_269' title='bbox 443 2272 490 2352; x_wconf 56' lang='grc' dir='ltr'>ξ’</span> <span class='ocrx_word' id='word_1_270' title='bbox 505 2266 549 2353; x_wconf 53' lang='grc' dir='ltr'>ἒ·</span> <span class='ocrx_word' id='word_1_271' title='bbox 561 2270 1026 2356; x_wconf 53' lang='lat' dir='ltr'>Fssr{1“⁶ffi3}13⁷5‘⁹&#39;⁸1‘3‘ut1¹</span> <span class='ocrx_word' id='word_1_272' title='bbox 1039 2270 1702 2366; x_wconf 49' lang='grc' dir='ltr'>γζιῖιίῗιῖἶῗέἷῗῗὲ,ἓὲιέἷμωῗτπῗῖ</span> 
     </span>
     <span class='ocr_line' id='line_1_31' title="bbox 162 2349 1703 2414; baseline 0.003 -16"><span class='ocrx_word' id='word_1_273' title='bbox 162 2365 304 2410; x_wconf 79' lang='grc' dir='ltr'><strong><em>αἵματι,</em></strong></span> <span class='ocrx_word' id='word_1_274' title='bbox 331 2363 425 2411; x_wconf 80' lang='grc' dir='ltr'><strong><em>αἷμα</em></strong></span> <span class='ocrx_word' id='word_1_275' title='bbox 450 2362 519 2411; x_wconf 84' lang='grc' dir='ltr'>τὴν</span> <span class='ocrx_word' id='word_1_276' title='bbox 546 2366 599 2402; x_wconf 88' lang='lat' dir='ltr'>Vl</span> <span class='ocrx_word' id='word_1_277' title='bbox 629 2368 668 2402; x_wconf 77' lang='lat' dir='ltr'>et</span> <span class='ocrx_word' id='word_1_278' title='bbox 692 2366 802 2404; x_wconf 84' lang='lat' dir='ltr'>Vind.</span> <span class='ocrx_word' id='word_1_279' title='bbox 830 2349 987 2403; x_wconf 85' lang='lat' dir='ltr'>COX&#39;XI.</span> <span class='ocrx_word' id='word_1_280' title='bbox 1014 2389 1060 2394; x_wconf 98' lang='lat'>—</span> <span class='ocrx_word' id='word_1_281' title='bbox 1085 2368 1129 2404; x_wconf 93' lang='lat' dir='ltr'>V.</span> <span class='ocrx_word' id='word_1_282' title='bbox 1158 2371 1190 2405; x_wconf 84' lang='lat'>5.</span> <span class='ocrx_word' id='word_1_283' title='bbox 1218 2365 1351 2414; x_wconf 82' lang='grc' dir='ltr'><strong><em>ὁσίων,</em></strong></span> <span class='ocrx_word' id='word_1_284' title='bbox 1378 2358 1519 2414; x_wconf 67' lang='grc' dir='ltr'><strong><em>ὁσίμων</em></strong></span> <span class='ocrx_word' id='word_1_285' title='bbox 1548 2370 1586 2405; x_wconf 76' lang='lat' dir='ltr'>B.</span> <span class='ocrx_word' id='word_1_286' title='bbox 1613 2368 1703 2404; x_wconf 88' lang='lat' dir='ltr'>Inde</span> 
     </span>
     <span class='ocr_line' id='line_1_32' title="bbox 161 2412 1701 2475; baseline 0.003 -28"><span class='ocrx_word' id='word_1_287' title='bbox 161 2412 209 2447; x_wconf 82' lang='lat' dir='ltr'>ab</span> <span class='ocrx_word' id='word_1_288' title='bbox 241 2412 276 2448; x_wconf 89' lang='lat' dir='ltr'>h.</span> <span class='ocrx_word' id='word_1_289' title='bbox 310 2425 344 2448; x_wconf 89' lang='lat' dir='ltr'>v.</span> <span class='ocrx_word' id='word_1_290' title='bbox 369 2413 506 2458; x_wconf 85' lang='lat' dir='ltr'>incipit</span> <span class='ocrx_word' id='word_1_291' title='bbox 531 2413 566 2450; x_wconf 89' lang='lat' dir='ltr'>S.</span> <span class='ocrx_word' id='word_1_292' title='bbox 597 2435 638 2440; x_wconf 93' lang='lat'>——</span> <span class='ocrx_word' id='word_1_293' title='bbox 667 2414 712 2451; x_wconf 90' lang='lat' dir='ltr'>V.</span> <span class='ocrx_word' id='word_1_294' title='bbox 740 2420 771 2451; x_wconf 87' lang='lat'>6.</span> <span class='ocrx_word' id='word_1_295' title='bbox 800 2412 893 2460; x_wconf 80' lang='grc' dir='ltr'><strong><em>παρ’</em></strong></span> <span class='ocrx_word' id='word_1_296' title='bbox 923 2412 1016 2461; x_wconf 75' lang='grc' dir='ltr'><strong><em>ἑοῖς,</em></strong></span> <span class='ocrx_word' id='word_1_297' title='bbox 1044 2416 1118 2451; x_wconf 82' lang='grc' dir='ltr'>τῶν</span> <span class='ocrx_word' id='word_1_298' title='bbox 1146 2412 1184 2451; x_wconf 88' lang='grc' dir='ltr'>δ’</span> <span class='ocrx_word' id='word_1_299' title='bbox 1213 2416 1356 2475; x_wconf 66' lang='lat' dir='ltr'>Gregor</span> <span class='ocrx_word' id='word_1_300' title='bbox 1388 2415 1470 2452; x_wconf 87' lang='lat' dir='ltr'>Cor.</span> <span class='ocrx_word' id='word_1_301' title='bbox 1497 2421 1583 2459; x_wconf 83' lang='grc'>425,</span> <span class='ocrx_word' id='word_1_302' title='bbox 1610 2416 1701 2451; x_wconf 85' lang='lat' dir='ltr'>item</span> 
     </span>
    </p>

    <p class='ocr_par' dir='ltr' id='par_1_7' title="bbox 114 2459 1702 3035">
     <span class='ocr_line' id='line_1_33' title="bbox 161 2459 1702 2509; baseline 0.003 -15"><span class='ocrx_word' id='word_1_303' title='bbox 161 2459 212 2495; x_wconf 88' lang='lat' dir='ltr'>Et</span> <span class='ocrx_word' id='word_1_304' title='bbox 236 2460 284 2495; x_wconf 93' lang='lat' dir='ltr'>M.</span> <span class='ocrx_word' id='word_1_305' title='bbox 311 2464 393 2504; x_wconf 83' lang='lat'>365,</span> <span class='ocrx_word' id='word_1_306' title='bbox 419 2465 465 2496; x_wconf 89' lang='grc'>40</span> <span class='ocrx_word' id='word_1_307' title='bbox 490 2463 566 2498; x_wconf 89' lang='lat' dir='ltr'>not.</span> <span class='ocrx_word' id='word_1_308' title='bbox 594 2463 633 2498; x_wconf 84' lang='lat' dir='ltr'>et</span> <span class='ocrx_word' id='word_1_309' title='bbox 656 2462 829 2499; x_wconf 83' lang='lat' dir='ltr'>Favorin.</span> <span class='ocrx_word' id='word_1_310' title='bbox 859 2467 944 2507; x_wconf 82' lang='lat'>197,</span> <span class='ocrx_word' id='word_1_311' title='bbox 971 2463 1044 2499; x_wconf 83' lang='lat' dir='ltr'>nisi</span> <span class='ocrx_word' id='word_1_312' title='bbox 1076 2464 1177 2508; x_wconf 87' lang='lat' dir='ltr'>qnod</span> <span class='ocrx_word' id='word_1_313' title='bbox 1208 2476 1284 2509; x_wconf 83' lang='grc' dir='ltr'><strong><em>παρ</em></strong></span> <span class='ocrx_word' id='word_1_314' title='bbox 1337 2462 1448 2508; x_wconf 78' lang='grc' dir='ltr'><strong><em>ἑοῖσι,</em></strong></span> <span class='ocrx_word' id='word_1_315' title='bbox 1483 2465 1546 2509; x_wconf 85' lang='lat' dir='ltr'>qni</span> <span class='ocrx_word' id='word_1_316' title='bbox 1574 2475 1702 2499; x_wconf 89' lang='lat' dir='ltr'>omnes</span> 
     </span>
     <span class='ocr_line' id='line_1_34' title="bbox 114 2506 1702 2557; baseline 0.003 -15"><span class='ocrx_word' id='word_1_317' title='bbox 114 2506 118 2511; x_wconf 84' lang='grc'><em>“</em></span> <span class='ocrx_word' id='word_1_318' title='bbox 160 2510 295 2553; x_wconf 83' lang='lat' dir='ltr'>poetae</span> <span class='ocrx_word' id='word_1_319' title='bbox 328 2510 478 2544; x_wconf 89' lang='lat' dir='ltr'>nomine</span> <span class='ocrx_word' id='word_1_320' title='bbox 506 2510 644 2546; x_wconf 81' lang='lat' dir='ltr'>omisso</span> <span class='ocrx_word' id='word_1_321' title='bbox 675 2522 824 2546; x_wconf 78' lang='lat' dir='ltr'>versum</span> <span class='ocrx_word' id='word_1_322' title='bbox 850 2511 1048 2556; x_wconf 88' lang='lat' dir='ltr'>adhibent,</span> <span class='ocrx_word' id='word_1_323' title='bbox 1074 2511 1132 2546; x_wconf 83' lang='lat' dir='ltr'>Va</span> <span class='ocrx_word' id='word_1_324' title='bbox 1157 2508 1254 2557; x_wconf 87' lang='grc' dir='ltr'><strong><em>παρ’</em></strong></span> <span class='ocrx_word' id='word_1_325' title='bbox 1288 2508 1383 2547; x_wconf 79' lang='grc' dir='ltr'><strong><em>ἕοῐσι</em></strong></span> <span class='ocrx_word' id='word_1_326' title='bbox 1408 2513 1482 2546; x_wconf 80' lang='grc' dir='ltr'>τῶν</span> <span class='ocrx_word' id='word_1_327' title='bbox 1509 2509 1560 2555; x_wconf 83' lang='grc' dir='ltr'>δ’,</span> <span class='ocrx_word' id='word_1_328' title='bbox 1588 2512 1702 2547; x_wconf 85' lang='lat' dir='ltr'>ceteri</span> 
     </span>
     <span class='ocr_line' id='line_1_35' title="bbox 162 2554 1697 2605; baseline 0.003 -15"><span class='ocrx_word' id='word_1_329' title='bbox 162 2554 291 2601; x_wconf 82' lang='lat' dir='ltr'>(etiam</span> <span class='ocrx_word' id='word_1_330' title='bbox 319 2555 357 2602; x_wconf 87' lang='lat' dir='ltr'>S)</span> <span class='ocrx_word' id='word_1_331' title='bbox 383 2557 568 2602; x_wconf 79' lang='grc' dir='ltr'><strong><em>παρεοῦσι</em></strong></span> <span class='ocrx_word' id='word_1_332' title='bbox 593 2558 671 2603; x_wconf 76' lang='grc' dir='ltr'><strong><em>καὶ,</em></strong></span> <span class='ocrx_word' id='word_1_333' title='bbox 696 2562 739 2594; x_wconf 86' lang='lat' dir='ltr'>nt</span> <span class='ocrx_word' id='word_1_334' title='bbox 763 2561 897 2605; x_wconf 86' lang='lat' dir='ltr'>vulgo,</span> <span class='ocrx_word' id='word_1_335' title='bbox 925 2559 989 2594; x_wconf 88' lang='lat' dir='ltr'>scd</span> <span class='ocrx_word' id='word_1_336' title='bbox 1015 2559 1170 2595; x_wconf 83' lang='lat' dir='ltr'>alterius</span> <span class='ocrx_word' id='word_1_337' title='bbox 1195 2558 1368 2595; x_wconf 80' lang='lat' dir='ltr'>lectionis</span> <span class='ocrx_word' id='word_1_338' title='bbox 1395 2559 1598 2605; x_wconf 84' lang='lat' dir='ltr'>vestigium</span> <span class='ocrx_word' id='word_1_339' title='bbox 1624 2571 1697 2594; x_wconf 85' lang='lat' dir='ltr'>ser-</span> 
     </span>
     <span class='ocr_line' id='line_1_36' title="bbox 161 2601 1701 2652; baseline 0.002 -14"><span class='ocrx_word' id='word_1_340' title='bbox 161 2605 252 2639; x_wconf 87' lang='lat' dir='ltr'>vant</span> <span class='ocrx_word' id='word_1_341' title='bbox 286 2603 350 2638; x_wconf 93' lang='lat' dir='ltr'>Mb</span> <span class='ocrx_word' id='word_1_342' title='bbox 388 2601 480 2651; x_wconf 83' lang='grc' dir='ltr'><strong><em>παρ’</em></strong></span> <span class='ocrx_word' id='word_1_343' title='bbox 522 2601 634 2651; x_wconf 82' lang='grc' dir='ltr'><strong><em>ἕοῖσι,</em></strong></span> <span class='ocrx_word' id='word_1_344' title='bbox 662 2607 694 2642; x_wconf 94' lang='lat' dir='ltr'><strong>V</strong></span> <span class='ocrx_word' id='word_1_345' title='bbox 722 2611 790 2642; x_wconf 83' lang='lat'>134</span> <span class='ocrx_word' id='word_1_346' title='bbox 822 2609 860 2643; x_wconf 83' lang='lat' dir='ltr'>et</span> <span class='ocrx_word' id='word_1_347' title='bbox 892 2619 922 2643; x_wconf 89' lang='lat' dir='ltr'>c.</span> <span class='ocrx_word' id='word_1_348' title='bbox 958 2605 1103 2641; x_wconf 86' lang='lat' dir='ltr'>CCXXI</span> <span class='ocrx_word' id='word_1_349' title='bbox 1130 2611 1313 2650; x_wconf 83' lang='grc' dir='ltr'><strong><em>παρεοῖσι.</em></strong></span> <span class='ocrx_word' id='word_1_350' title='bbox 1364 2606 1588 2642; x_wconf 87' lang='lat' dir='ltr'>Antitheton</span> <span class='ocrx_word' id='word_1_351' title='bbox 1614 2618 1701 2652; x_wconf 88' lang='lat' dir='ltr'>neg-</span> 
     </span>
     <span class='ocr_line' id='line_1_37' title="bbox 160 2651 1700 2737; baseline 0.002 -52"><span class='ocrx_word' id='word_1_352' title='bbox 160 2651 301 2687; x_wconf 87' lang='lat' dir='ltr'>lectum</span> <span class='ocrx_word' id='word_1_353' title='bbox 339 2653 500 2697; x_wconf 87' lang='lat' dir='ltr'>(curavit</span> <span class='ocrx_word' id='word_1_354' title='bbox 536 2653 646 2689; x_wconf 81' lang='lat' dir='ltr'>&#39;Peles</span> <span class='ocrx_word' id='word_1_355' title='bbox 671 2661 735 2701; x_wconf 80' lang='lat' dir='ltr'>ap.</span> <span class='ocrx_word' id='word_1_356' title='bbox 780 2655 882 2690; x_wconf 84' lang='lat' dir='ltr'>Stob.</span> <span class='ocrx_word' id='word_1_357' title='bbox 917 2653 1050 2690; x_wconf 89' lang='lat' dir='ltr'>XCVII</span> <span class='ocrx_word' id='word_1_358' title='bbox 1088 2658 1131 2689; x_wconf 87' lang='lat'>31</span> <span class='ocrx_word' id='word_1_359' title='bbox 1173 2651 1267 2689; x_wconf 77' lang='grc' dir='ltr'><strong><em>ἀλλὰ</em></strong></span> <span class='ocrx_word' id='word_1_360' title='bbox 1302 2652 1421 2737; x_wconf 64' lang='lat' dir='ltr'>faeiem</span> <span class='ocrx_word' id='word_1_361' title='bbox 1462 2651 1700 2708; x_wconf 75' lang='grc' dir='ltr'><strong><em>ἀρκούμενον</em></strong></span> 
     </span>
     <span class='ocr_line' id='line_1_38' title="bbox 162 2699 1698 2748; baseline 0.001 -14"><span class='ocrx_word' id='word_1_362' title='bbox 162 2703 240 2740; x_wconf 81' lang='grc' dir='ltr'>τοῖς</span> <span class='ocrx_word' id='word_1_363' title='bbox 264 2701 440 2746; x_wconf 84' lang='grc' dir='ltr'><strong><em>παροῦσι,</em></strong></span> <span class='ocrx_word' id='word_1_364' title='bbox 465 2701 540 2736; x_wconf 79' lang='grc' dir='ltr'>τῶν</span> <span class='ocrx_word' id='word_1_365' title='bbox 568 2699 746 2738; x_wconf 75' lang='grc' dir='ltr'><strong><em>ἀπόντων</em></strong></span> <span class='ocrx_word' id='word_1_366' title='bbox 767 2700 838 2738; x_wconf 84' lang='grc' dir='ltr'>οὐκ</span> <span class='ocrx_word' id='word_1_367' title='bbox 860 2699 1075 2748; x_wconf 79' lang='grc' dir='ltr'><strong><em>ἐπιθυμῶν)</em></strong></span> <span class='ocrx_word' id='word_1_368' title='bbox 1102 2702 1229 2748; x_wconf 84' lang='lat' dir='ltr'>arguit</span> <span class='ocrx_word' id='word_1_369' title='bbox 1253 2713 1301 2737; x_wconf 91' lang='lat' dir='ltr'>vu</span> <span class='ocrx_word' id='word_1_370' title='bbox 1319 2713 1446 2748; x_wconf 82' lang='lat' dir='ltr'>garem</span> <span class='ocrx_word' id='word_1_371' title='bbox 1474 2705 1698 2747; x_wconf 78' lang='lat' dir='ltr'>scripturam</span> 
     </span>
     <span class='ocr_line' id='line_1_39' title="bbox 161 2747 1698 2796; baseline 0.001 -14"><span class='ocrx_word' id='word_1_372' title='bbox 161 2747 209 2782; x_wconf 84' lang='lat' dir='ltr'>ab</span> <span class='ocrx_word' id='word_1_373' title='bbox 233 2747 506 2794; x_wconf 76' lang='lat' dir='ltr'>interpolatore</span> <span class='ocrx_word' id='word_1_374' title='bbox 532 2751 737 2796; x_wconf 83' lang='lat' dir='ltr'>profectam</span> <span class='ocrx_word' id='word_1_375' title='bbox 764 2762 854 2787; x_wconf 83' lang='lat' dir='ltr'>esse.</span> <span class='ocrx_word' id='word_1_376' title='bbox 906 2751 1030 2794; x_wconf 83' lang='lat' dir='ltr'>Atque</span> <span class='ocrx_word' id='word_1_377' title='bbox 1057 2750 1294 2785; x_wconf 84' lang='lat' dir='ltr'>commendat</span> <span class='ocrx_word' id='word_1_378' title='bbox 1313 2750 1469 2785; x_wconf 88' lang='lat' dir='ltr'>alteram</span> <span class='ocrx_word' id='word_1_379' title='bbox 1498 2749 1698 2785; x_wconf 88' lang='lat' dir='ltr'>lectionem</span> 
     </span>
     <span class='ocr_line' id='line_1_40' title="bbox 162 2793 1698 2844; baseline 0.001 -15"><span class='ocrx_word' id='word_1_380' title='bbox 162 2793 301 2830; x_wconf 75' lang='lat' dir='ltr'>Hierax</span> <span class='ocrx_word' id='word_1_381' title='bbox 338 2795 424 2842; x_wconf 85' lang='grc' dir='ltr'><strong><em>περὶ</em></strong></span> <span class='ocrx_word' id='word_1_382' title='bbox 463 2796 805 2844; x_wconf 44' lang='grc' dir='ltr'><strong><em>δικαιοσύνηςᾶιρ.</em></strong></span> <span class='ocrx_word' id='word_1_383' title='bbox 841 2798 942 2834; x_wconf 88' lang='lat' dir='ltr'>Stob.</span> <span class='ocrx_word' id='word_1_384' title='bbox 977 2797 1027 2831; x_wconf 91' lang='lat' dir='ltr'>IX</span> <span class='ocrx_word' id='word_1_385' title='bbox 1068 2800 1131 2832; x_wconf 87' lang='lat'>58:</span> <span class='ocrx_word' id='word_1_386' title='bbox 1170 2794 1211 2832; x_wconf 85' lang='grc' dir='ltr'>τὸ</span> <span class='ocrx_word' id='word_1_387' title='bbox 1250 2795 1429 2842; x_wconf 77' lang='grc' dir='ltr'><strong><em>ἀγελαῖον</em></strong></span> <span class='ocrx_word' id='word_1_388' title='bbox 1474 2794 1597 2832; x_wconf 75' lang='grc' dir='ltr'><strong><em>ἐκεῖνο</em></strong></span> <span class='ocrx_word' id='word_1_389' title='bbox 1635 2797 1698 2831; x_wconf 82' lang='grc' dir='ltr'>καὶ</span> 
     </span>
     <span class='ocr_line' id='line_1_41' title="bbox 161 2840 1698 2897; baseline 0.001 -19"><span class='ocrx_word' id='word_1_390' title='bbox 161 2840 306 2887; x_wconf 86' lang='grc' dir='ltr'><strong><em>κοινόν,</em></strong></span> <span class='ocrx_word' id='word_1_391' title='bbox 332 2840 452 2889; x_wconf 77' lang='grc' dir='ltr'><strong><em>ἄρκοῦ</em></strong></span> <span class='ocrx_word' id='word_1_392' title='bbox 478 2849 556 2886; x_wconf 80' lang='grc' dir='ltr'>τοῖς</span> <span class='ocrx_word' id='word_1_393' title='bbox 570 2843 703 2892; x_wconf 78' lang='grc' dir='ltr'><strong><em>αὑτοῦ,</em></strong></span> <span class='ocrx_word' id='word_1_394' title='bbox 717 2846 782 2881; x_wconf 82' lang='grc' dir='ltr'>καὶ</span> <span class='ocrx_word' id='word_1_395' title='bbox 802 2844 851 2892; x_wconf 87' lang='grc' dir='ltr'>μὴ</span> <span class='ocrx_word' id='word_1_396' title='bbox 874 2843 1056 2889; x_wconf 78' lang='grc' dir='ltr'><strong><em>διάρπαζε</em></strong></span> <span class='ocrx_word' id='word_1_397' title='bbox 1077 2842 1123 2879; x_wconf 77' lang='grc' dir='ltr'>τὰ</span> <span class='ocrx_word' id='word_1_398' title='bbox 1144 2845 1300 2889; x_wconf 84' lang='grc' dir='ltr'><strong><em>πλησίον</em></strong></span> <span class='ocrx_word' id='word_1_399' title='bbox 1321 2844 1436 2890; x_wconf 90' lang='lat' dir='ltr'>(quod</span> <span class='ocrx_word' id='word_1_400' title='bbox 1455 2846 1698 2897; x_wconf 63' lang='lat' dir='ltr'>praeceptum</span> 
     </span>
     <span class='ocr_line' id='line_1_42' title="bbox 161 2891 1698 2937; baseline 0.001 -12"><span class='ocrx_word' id='word_1_401' title='bbox 161 2891 341 2936; x_wconf 76' lang='lat' dir='ltr'>tanquam</span> <span class='ocrx_word' id='word_1_402' title='bbox 366 2901 504 2928; x_wconf 85' lang='lat' dir='ltr'>novum</span> <span class='ocrx_word' id='word_1_403' title='bbox 530 2893 702 2929; x_wconf 91' lang='lat' dir='ltr'>Meineke</span> <span class='ocrx_word' id='word_1_404' title='bbox 728 2894 766 2929; x_wconf 91' lang='lat' dir='ltr'>in</span> <span class='ocrx_word' id='word_1_405' title='bbox 794 2894 887 2929; x_wconf 88' lang='lat' dir='ltr'>Add.</span> <span class='ocrx_word' id='word_1_406' title='bbox 908 2892 958 2927; x_wconf 88' lang='lat' dir='ltr'>IV</span> <span class='ocrx_word' id='word_1_407' title='bbox 981 2896 1047 2927; x_wconf 86' lang='lat'>143</span> <span class='ocrx_word' id='word_1_408' title='bbox 1076 2903 1119 2927; x_wconf 84' lang='lat' dir='ltr'>ex</span> <span class='ocrx_word' id='word_1_409' title='bbox 1140 2892 1196 2926; x_wconf 88' lang='lat' dir='ltr'>ed.</span> <span class='ocrx_word' id='word_1_410' title='bbox 1218 2892 1375 2927; x_wconf 86' lang='lat' dir='ltr'>Froben.</span> <span class='ocrx_word' id='word_1_411' title='bbox 1401 2892 1569 2937; x_wconf 71' lang='lat' dir='ltr'>repetfit,</span> <span class='ocrx_word' id='word_1_412' title='bbox 1603 2892 1698 2927; x_wconf 85' lang='lat' dir='ltr'>adde</span> 
     </span>
     <span class='ocr_line' id='line_1_43' title="bbox 162 2937 1699 2985; baseline 0.001 -12"><span class='ocrx_word' id='word_1_413' title='bbox 162 2937 481 2983; x_wconf 76' lang='lat' dir='ltr'>Apostol.11188</span> <span class='ocrx_word' id='word_1_414' title='bbox 507 2940 550 2984; x_wconf 89' lang='lat' dir='ltr'>b,</span> <span class='ocrx_word' id='word_1_415' title='bbox 582 2941 647 2977; x_wconf 87' lang='lat' dir='ltr'>nbi</span> <span class='ocrx_word' id='word_1_416' title='bbox 679 2938 799 2984; x_wconf 78' lang='grc' dir='ltr'>ἄρκοῦ</span> <span class='ocrx_word' id='word_1_417' title='bbox 831 2938 927 2977; x_wconf 87' lang='grc' dir='ltr'><strong><em>καθ’</em></strong></span> <span class='ocrx_word' id='word_1_418' title='bbox 962 2937 1081 2975; x_wconf 82' lang='grc' dir='ltr'><strong><em>αὑτοῦ</em></strong></span> <span class='ocrx_word' id='word_1_419' title='bbox 1115 2940 1319 2985; x_wconf 78' lang='lat' dir='ltr'>scriptum).</span> <span class='ocrx_word' id='word_1_420' title='bbox 1371 2940 1467 2975; x_wconf 83' lang='lat' dir='ltr'>Sane</span> <span class='ocrx_word' id='word_1_421' title='bbox 1499 2938 1699 2975; x_wconf 83' lang='lat' dir='ltr'>insolentia</span> 
     </span>
     <span class='ocr_line' id='line_1_44' title="bbox 163 2984 1698 3035; baseline 0.001 -15"><span class='ocrx_word' id='word_1_422' title='bbox 163 2986 372 3023; x_wconf 83' lang='lat' dir='ltr'>structurae</span> <span class='ocrx_word' id='word_1_423' title='bbox 397 2984 605 3034; x_wconf 78' lang='grc' dir='ltr'><strong><em>ἀρκεῖσθαι</em></strong></span> <span class='ocrx_word' id='word_1_424' title='bbox 629 2987 722 3035; x_wconf 87' lang='grc' dir='ltr'><strong><em>παρ’</em></strong></span> <span class='ocrx_word' id='word_1_425' title='bbox 745 2986 821 3030; x_wconf 73' lang='grc' dir='ltr'>ἑοῖς</span> <span class='ocrx_word' id='word_1_426' title='bbox 846 2988 1013 3033; x_wconf 84' lang='lat' dir='ltr'>offendit,</span> <span class='ocrx_word' id='word_1_427' title='bbox 1042 2987 1139 3023; x_wconf 79' lang='lat' dir='ltr'>solet</span> <span class='ocrx_word' id='word_1_428' title='bbox 1158 2987 1257 3022; x_wconf 91' lang='lat' dir='ltr'>enim</span> <span class='ocrx_word' id='word_1_429' title='bbox 1277 2987 1349 3023; x_wconf 89' lang='lat' dir='ltr'>hoc</span> <span class='ocrx_word' id='word_1_430' title='bbox 1376 2987 1544 3033; x_wconf 87' lang='lat' dir='ltr'>verbum,</span> <span class='ocrx_word' id='word_1_431' title='bbox 1571 2998 1698 3032; x_wconf 87' lang='lat' dir='ltr'>quem-</span> 
     </span>
    </p>
   </div>
   <div class='ocr_carea' id='block_1_6' title="bbox 234 3051 1410 3084">
    <p class='ocr_par' dir='ltr' id='par_1_8' title="bbox 234 3051 1410 3084">
     <span class='ocr_line' id='line_1_45' title="bbox 234 3051 1410 3084; baseline 0.009 -7"><span class='ocrx_word' id='word_1_432' title='bbox 234 3051 364 3079; x_wconf 67' lang='lat' dir='ltr'>Powrzffl</span> <span class='ocrx_word' id='word_1_433' title='bbox 383 3053 462 3080; x_wconf 67' lang='lat' dir='ltr'>Ima.</span> <span class='ocrx_word' id='word_1_434' title='bbox 492 3054 536 3083; x_wconf 92' lang='lat'>11.</span> <span class='ocrx_word' id='word_1_435' title='bbox 1391 3053 1410 3084; x_wconf 75' lang='grc'>6</span> 
     </span>
    </p>
   </div>
  </div>
 </body>
</html>
