1890 3216
793 160 1053 200 THEOGNIS.
1610 156 1692 202 177

255 272 504 333 Εὐδαίμων
536 278 634 332 εἴην
664 290 714 319 κε
743 278 871 326 θεοῖς
902 276 1035 331 φίλος
1066 269 1388 326 ἀθανάτοισιν,

312 344 480 405 Κύρν’·
514 345 674 404 ἀρετῆς
706 343 751 390 δ’
786 343 926 402 ἄλλης
957 342 1169 402 οὐδεμιῆς
1201 346 1373 401 ἔραμαι.

158 467 226 500 656
254 452 355 499 Σύν
387 457 479 509 σοι’,
514 452 688 510 Κύρνε,
721 451 916 498 παθόντι
947 455 1093 505 κακῶς
1124 450 1360 508 ἀνιώμεθα
1393 448 1571 502 πάντες·

313 524 426 571 ἀλλά
460 543 529 570 τοι
561 523 803 583 ἀλλότριον
835 527 972 582 κῆδος
1005 524 1262 582 ἐφημέριον.

255 644 417 703 Μηδὲν
449 643 566 702 ἄγαν
598 649 857 702 χαλεποῖσιν
890 642 984 688 ἀσῶ
1018 644 1162 701 φρένα
1194 640 1303 700 μηδ’
1339 640 1584 698 ἀγαθοῖσιν

311 715 449 775 χαῖρ’,
483 716 575 761 ἐπεὶ
610 714 699 760 ἔστ’
734 714 903 774 ἀνδρὸς
934 715 1080 760 πάντα
1113 715 1269 773 φέρειν
1299 712 1492 771 ἀγαθοῦ.

257 835 369 882 Οὐδ’
405 834 568 894 ὀμόσαι
600 833 683 893 χρὴ
716 833 859 879 τοῦτ’·
894 832 948 878 οὐ
981 833 1149 891 μήποτε
1180 836 1363 891 πρῆγμα
1394 831 1490 877 τόδ’
1527 835 1666 876 ἔσται·

159 922 229 954 660
314 907 418 953 θεοὶ
449 907 535 964 γάρ
567 924 635 951 τοι
667 904 904 964 νεμεσῶσ’,
938 901 1058 950 οἷσιν
1091 908 1237 950 ἔπεστι
1270 905 1411 957 τέλος·

254 980 328 1024 καὶ
359 980 522 1038 πρῆξαι
555 979 708 1036 μέντοι
740 992 799 1022 τι·
831 978 902 1022 καὶ
937 978 984 1022 ἐκ
1016 979 1157 1022 κακοῦ
1191 974 1358 1022 ἐσθλὸν
1392 979 1565 1033 ἔγεντο,

314 1050 388 1095 καὶ
419 1049 561 1095 κακὸν
594 1051 638 1104 ἐξ
669 1048 871 1107 ἀγαθοῦ·
902 1053 981 1093 καί
1009 1067 1055 1093 τε
1087 1047 1298 1108 πενιχρὸς
1329 1047 1446 1106 ἀνήρ

257 1120 368 1176 αἶψα
400 1120 503 1179 μάλ’
541 1121 802 1179 ἐπλούτησε·
835 1121 908 1165 καὶ
942 1118 992 1173 ὃς
1023 1119 1142 1177 μάλα
1174 1118 1316 1164 πολλὰ
1350 1120 1558 1175 πέπαται,

163 1254 266 1301 quod
303 1253 543 1290 commendat
577 1253 784 1299 scripturae
819 1252 982 1288 varietas
1013 1265 1048 1288 v.
1075 1255 1155 1288 835.
1206 1251 1434 1287 Herwerden
1467 1248 1602 1297 αἰσχρὰ
1635 1226 1709 1296 γὰρ

159 1329 168 1337 .
194 1330 200 1337 .
224 1330 232 1338 .
259 1301 324 1337 καὶ
349 1299 486 1346 πολλὰ,
514 1314 547 1338 ν.
574 1301 743 1357 proximo
770 1301 989 1345 Emperium
1015 1299 1218 1346 secutus*).
1247 1320 1290 1326 —-
1321 1300 1364 1336 V.
1392 1303 1471 1335 652.
1495 1297 1583 1355 μετ’
1611 1298 1644 1334 A
1669 1300 1709 1334 et

111 1379 116 1384 .
161 1349 285 1395 Stob„
317 1346 412 1396 παρ’
448 1352 478 1384 *.
513 1370 557 1375 -
597 1345 697 1393 nai-³,
731 1360 750 1384 e
777 1345 880 1385 κάκ’.
920 1369 964 1374 -
1005 1345 1274 1394 ἐπιστάμενον,
1308 1346 1337 1382 O
1371 1344 1630 1393 ἐπισταμενος.
1663 1367 1707 1372 -

164 1398 207 1434 V.
229 1401 371 1434 aba—4
397 1396 508 1433 affert
532 1396 635 1433 Stob.
658 1395 740 1432 CIII
764 1401 818 1433 12.
845 1398 973 1442 Apost.
1002 1395 1090 1432 VllI
1111 1396 1170 1432 cf.
1199 1416 1242 1422 -—
1270 1408 1311 1431 κε
1339 1396 1383 1439 Α,
1408 1395 1608 1439 legebatur
1632 1395 1708 1430 καὶ.

161 1467 207 1473 -
271 1492 512 1529 -
654 1446 695 1480 0·
713 1466 779 1528 2.-
817 1445 861 1500 Y·
1203 1442 1414 1536 5203&ssss
1443 1439 1708 1526 m’

163 1505 237 1586 ΞῘῘῘ,
270 1521 313 1576 A'
340 1554 398 1577 tou.
429 1505 907 1587 ssss'offffgssj’ssgsskg‘ssfoe-
941 1539 987 1581 v.
1014 1543 1092 1576 656.
1133 1504 1397 1583 τὸι,Ρ1“3ωῃοιξ
1419 1520 1518 1584 ’τόγζ
1554 1520 1597 1573 si
1619 1504 1710 1583 qiiid’

163 1589 405 1633 mutandum,
431 1588 560 1624 malim
587 1589 655 1630 σοί.
685 1592 728 1615 -”-
755 1588 798 1624 V.
828 1592 908 1624 657.
935 1586 1055 1634 μηδὲν
1081 1584 1199 1632 ἄγαν,
1230 1587 1302 1623 fuit
1334 1586 1424 1623 olim
1450 1584 1563 1632 μηδὲ
1590 1587 1709 1631 λίην,

164 1637 211 1674 cf.
243 1649 277 1674 v.
312 1640 394 1672 593.
427 1657 471 1662 —-
504 1634 596 1680 ἀσῶ,
628 1633 748 1682 ἤγουν
782 1636 903 1672 λυποῦ
935 1647 1068 1681 margo
1102 1635 1225 1671 bdmn.
1266 1655 1311 1660 ——
1348 1633 1394 1670 V.
1427 1638 1508 1670 658.
1543 1630 1710 1679 ἀγαθοῦ,

164 1684 290 1731 aptius
322 1684 437 1720 fuerit
467 1686 659 1730 μετρίου
685 1684 746 1720 vel
771 1685 974 1731 μετρίως.
1010 1703 1053 1709 -
1092 1683 1135 1725 V.
1162 1687 1242 1720 659.
1275 1678 1380 1719 τοῦτ’
1409 1680 1454 1718 οὐ
1481 1682 1644 1726 Ahrens,
1679 1680 1722 1716 Ο,

163 1746 305 1800 veiim,-
328 1757 359 1792 A
385 1757 496 1792 τοῦτο
523 1757 574 1800 τί,
612 1755 678 1791 rel.
706 1755 819 1791 τοῦτο
851 1768 904 1800 τι,
945 1754 1041 1790 unde
1075 1754 1310 1790 Camerarius
1334 1749 1449 1790 τοῦθ’
1480 1749 1538 1788 ὅτι
1569 1753 1710 1798 elicuit,

164 1804 372 1848 Hermann,
397 1804 499 1850 quod
523 1803 602 1839 iure
627 1803 792 1848 mireris,
819 1804 930 1839 τοῦτο
951 1801 1011 1839 τό·
1038 1799 1181 1849 μήποτε
1203 1805 1278 1838 κτλ.
1318 1802 1491 1847 Hartung
1511 1797 1596 1836 οὐδ’
1619 1797 1709 1847 ὀμό-

164 1863 228 1888 σαι
253 1844 345 1898 χρῆ·
375 1847 481 1888 τοῦτ’
511 1847 556 1887 οὗ
582 1849 725 1898 μήποτε
752 1851 907 1898 πρῆγμα
932 1849 1100 1897 γένηται.
1140 1857 1191 1876 -’
1223 1850 1392 1896 πρῆγμα,
1420 1852 1451 1884 A
1478 1851 1649 1895 πρᾶγμα,
1678 1847 1707 1884 Ο

163 1897 331 1946 πρᾶγμα.
365 1920 409 1926 -
446 1899 489 1936 V.
517 1903 597 1935 660.
630 1896 702 1946 γάρ
727 1912 785 1935 τοι
812 1900 1021 1943 Hermann,
1045 1896 1118 1944 γάρ
1144 1911 1183 1934 τε
1211 1898 1292 1942 AO,
1319 1897 1384 1933 καὶ
1410 1895 1522 1942 γὰρ*.
1573 1896 1710 1932 Lenius

158 1947 369 1984 vremedium
395 1947 494 1984 foret
517 1946 607 1983 θεοὶ
627 1943 697 1993 γάρ
717 1945 753 1982 τ’
782 1943 1026 1993 ἐκνεμεσῶσ’,
1052 1946 1118 1982 sed
1136 1946 1291 1982 verbum
1317 1945 1551 1988 inusitatum,
1578 1956 1710 1990 quam-

166 1996 222 2032 vis
254 1992 517 2042 ἐξοργίζεσθαι
541 1995 580 2030 in
610 2007 681 2030 usu
706 1994 789 2031 fuit.
841 1996 1024 2043 Διαβολίῃ
1057 2007 1090 2030 V.
1117 1997 1188 2030 324
1219 1994 1294 2030 iam
1321 1993 1428 2037 olim,
1455 1989 1712 2038 καταμάρψας

165 2055 199 2079 v.
226 2047 297 2079 944
334 2054 432 2079 nunc
467 2043 675 2089 procuravi.
710 2064 752 2069 —
792 2042 836 2079 V.
866 2046 1007 2079 eei-4
1047 2042 1133 2086 (hoc
1166 2041 1281 2078 etiam
1314 2041 1544 2086 Bamberger
1576 2041 1710 2086 suasit)

166 2090 382 2138 pariterque
415 2103 449 2127 v.
477 2095 618 2127 665—(3
651 2102 735 2126 cum
768 2090 953 2137 prioribus
986 2090 1171 2126 coniunxi.
1211 2111 1255 2116 ——
1295 2087 1442 2136 μέντοι,
1480 2088 1513 2123 Α
1545 2086 1615 2134 μὲν
1640 2101 1709 2124 τοι.

165 2139 248 2185 Ego
267 2139 358 2174 olim
385 2138 555 2185 μελέτω
583 2138 738 2183 conieci,
765 2150 839 2185 qua
865 2138 1080 2174 coniectura
1104 2150 1179 2174 non
1203 2137 1324 2184 magis
1346 2149 1439 2183 opus
1460 2146 1573 2182 quam
1594 2136 1709 2171 Brun-

169 2186 282 2223 kiana
306 2184 375 2233 χρὴ
402 2187 559 2232 πρῆξαι,
586 2198 672 2223 nam
699 2183 768 2233 χρὴ
797 2198 842 2222 ex
866 2199 900 2223 v.
919 2190 988 2222 659
1014 2185 1237 2224 iterandum.
1284 2186 1417 2230 Poeta,
1444 2196 1527 2220 cum
1555 2183 1711 2219 nimiam

168 2234 361 2271 hominum
383 2234 648 2271 confidentiam
667 2235 924 2280 castigaverit,
936 2234 1139 2280 prudenter
1157 2233 1275 2278 addit,
1295 2233 1406 2269 simul
1425 2231 1556 2268 sedulo
1578 2243 1709 2268 caven-

168 2282 256 2318 dum
289 2293 388 2326 esse,
419 2293 466 2318 ne
497 2281 581 2328 quis
611 2282 776 2318 vicissim
806 2281 963 2318 inertiae
987 2281 1192 2327 indulgeat.
1239 2281 1312 2317 Sed
1338 2281 1527 2317 breviator
1550 2279 1644 2315 haec
1669 2279 1709 2315 in

167 2331 291 2366 artum
316 2329 482 2377 redegit,
515 2332 558 2366 ut
584 2330 695 2375 alias,
726 2331 799 2366 hoc
824 2328 1020 2365 brevitatis
1046 2329 1170 2365 studio
1196 2333 1331 2376 poetae
1358 2339 1467 2364 sensa
1491 2327 1646 2363 turbans
1674 2329 1712 2363 et

169 2378 380 2415 obscurans.
434 2378 622 2424 Theognis
659 2380 748 2423 post
782 2377 847 2413 καὶ
879 2378 1019 2423 πρῆξαι
1054 2375 1182 2423 μέντοι
1213 2390 1249 2412 τι
1287 2376 1498 2412 addiderat:
1539 2375 1709 2421 quamvis

167 2437 290 2462 rerum
317 2425 564 2472 gerendarum
590 2429 746 2462 eventus
772 2426 822 2461 sit
848 2425 1134 2469 incertissimus;
1160 2424 1356 2460 intercidit
1375 2424 1492 2470 igitur
1511 2423 1709 2458 distichon.

109 2496 113 2500 ·
168 2473 342 2520 Hartung
371 2473 437 2509 καὶ
454 2474 603 2520 μπρῆξαι
627 2474 800 2520 μεμαῶτί
821 2487 856 2508 τι
882 2469 957 2508 κάκ
982 2473 1104 2508 κακοῦ
1137 2472 1252 2514 male,
1286 2484 1354 2508 nec
1386 2471 1520 2507 melius
1546 2470 1631 2515 Mey
1662 2471 1711 2506 ad

169 2521 327 2558 eundem
353 2522 505 2557 modum
532 2520 703 2567 μέλλοντι
728 2521 792 2557 καὶ
821 2519 862 2557 ἐκ
890 2534 942 2565 w,
968 2521 1035 2556 aut
1062 2520 1287 2556 Herwerden
1313 2518 1375 2555 κεί
1398 2519 1538 2565 πρῆξαι
1565 2521 1712 2565 μέλλοις
1778 2551 1782 2553 ι

168 2582 221 2612 τι,
247 2573 326 2606 sive
347 2567 426 2606 οἷσί
439 2566 475 2604 τ’
499 2567 626 2605 ἔπεστι
644 2568 748 2610 τέλος
767 2568 832 2604 καὶ
851 2569 992 2614 πρῆξαι
1011 2567 1191 2613 μέλλοντι.
1230 2566 1450 2604 Heimsoeth
1471 2566 1535 2602 καὶ
1561 2566 1710 2611 πρῆξαν

172 2616 330 2663 με’τοπιν
355 2630 401 2653 τι.
431 2638 471 2643 -——
500 2617 544 2654 V.
566 2621 646 2653 663.
673 2618 750 2663 καὶ,
778 2618 808 2652 A
836 2615 890 2652 δὲ.
914 2637 955 2641 -
982 2615 1150 2651 πέπαται
1171 2616 1329 2659 Brunck,
1355 2613 1503 2650 πέπατο
1523 2613 1711 2657 Schaefer,

168 2664 359 2702 πέπασται
383 2664 472 2700 libri
491 2663 696 2710 (πέπα.ται
716 2667 766 2710 Α,
793 2676 814 2699 σ
833 2666 875 2699 ut
901 2663 974 2700 vid.
1001 2667 1078 2708 en),
1104 2662 1291 2699 πέπυσται
1315 2665 1358 2699 ut
1383 2662 1456 2699 vid.
1480 2673 1524 2698 ex
1550 2672 1643 2697 corr.
1664 2660 1708 2698 Ο.

267 2798 301 2842 *)
329 2797 420 2833 Cum
455 2796 495 2832 in
523 2796 579 2832 ed.
607 2801 628 2832 3
667 2807 864 2842 operarum
894 2806 1017 2831 errore
1050 2792 1146 2830 κατὰ
1181 2795 1331 2840 legatur
1364 2793 1435 2838 (ed.
1458 2796 1476 2828 1
1498 2794 1537 2828 et
1562 2797 1583 2828 2
1610 2793 1711 2829 recte

170 2842 297 2888 κακὰ),
325 2844 473 2890 Ziegler
497 2844 591 2879 mihi
616 2844 713 2880 hanc
739 2843 958 2887 lectionem,
990 2842 1185 2888 Hartungo
1211 2841 1277 2887 qui
1308 2852 1430 2876 meam
1455 2840 1710 2876 recensionem

173 2892 342 2937 sequitur
360 2891 460 2928 κακοὶ
486 2891 699 2938 adscripsit,
725 2891 819 2927 nihil
839 2902 972 2927 curans
991 2891 1285 2933 adnotationem,
1312 2890 1418 2924 cuius
1443 2888 1582 2924 auxilio
1609 2899 1711 2924 error

175 2939 285 2976 facile
311 2941 446 2986 corrigi
470 2940 631 2985 poterat.

245 3007 374 3031 Pomm
394 3005 471 3031 Lu.
503 3006 543 3031 11.
1381 3001 1422 3031 12
