1890 3216
222 208 308 249 322
756 205 949 242 POETAE
975 187 1214 242 Emeum.

221 314 319 360 Mys,
350 316 529 360 catagrap
532 314 618 349 ham
650 313 741 349 feeit
764 312 952 356 Perasius,
980 312 1292 358 quemadmodum
1312 311 1522 357 Panaenus,
1549 322 1658 358 quem
1679 311 1753 347 Pli-

221 363 304 397 nius
330 362 468 396 XXXV
495 365 541 396 54
567 361 660 396 dicit
684 360 791 396 Elide
817 361 1009 396 Minervae
1034 360 1204 406 clypeum
1228 360 1330 395 intus
1361 360 1541 415 pinxisse:
1578 370 1754 405 graecum

221 410 447 445 vocabulum
474 407 635 454 γράφειν
667 419 741 443 11011
776 408 866 443 satis
892 403 992 444 iecte
1024 408 1305 453 interplmetatus
1337 408 1408 443 nisi
1438 408 1534 443 forte
1559 407 1754 442 Panaenus

224 470 309 492 usus
335 458 391 492 est
416 468 461 492 ea
486 457 578 492 artis
605 456 746 502 specie,
772 467 885 501 quam
911 456 1036 491 Email
1059 456 1204 491 vocant.
1248 455 1464 500 Pausanias,
1491 467 1575 490 cum
1599 455 1755 500 legisset

222 504 371 540 Pelasio
405 504 504 539 socio
536 503 677 539 laboris
715 505 791 539 fere
824 515 932 539 usum
966 514 1046 538 esse
1078 503 1188 546 Μυν,
1225 502 1385 538 nominis
1416 501 1659 538 similitudine
1692 502 1754 537 de-

221 554 350 597 eeptus
387 551 627 587 Parrhasium
670 551 886 596 substituit,
931 551 1246 605 quemadmodum
1290 551 1384 586 alias
1428 561 1576 596 quoque
1615 549 1753 595 passim

222 599 375 645 erravit,
408 599 542 644 quibus
570 599 701 635 erratis
727 580 910 635 (10111111616
937 599 1075 643 solent,
1108 598 1173 644 qui
1198 598 1374 634 chronica
1397 608 1615 644 graecorum
1640 596 1752 633 artifi—

222 660 305 682 cum
332 646 566 682 concinnant
603 647 737 691 Itaque
765 646 859 682 illud
886 645 1118 692 epigramma
1143 646 1294 682 omnino
1320 645 1483 681 alienum
1504 657 1526 681 a
1544 644 1753 688 Parrhasio,
1778 662 1780 664 v

220 706 341 740 neque
373 695 403 729 is
436 706 600 739 unquam
632 694 799 730 doricam
831 694 1035 729 dialectum
1068 693 1283 729 adhibuisse
1316 694 1480 736 videt-,1113
1520 673 1754 728 scribenduni

222 744 347 778 autem
387 753 470 778 cum
502 742 689 778 Meinekio
726 738 915 788 Γραμμά
955 741 1030 787 (vel
1067 742 1190 787 potius
1223 741 1405 787 γραμμαὶ)
1438 741 1646 786 Πηρασίοιο
1674 768 1681 775 .
1710 766 1718 774 .
1745 768 1752 775 .

222 788 309 836 ἐμμὶ
342 788 383 826 δὲ
418 787 572 834 εἰκών,
610 789 674 825 sed
707 790 807 835 quod
837 789 938 825 idem
969 800 1067 824 nunc
1099 788 1249 835 scripsit
1280 801 1325 824 ex
1350 789 1511 825 Heckeri
1541 787 1756 824 coniectura

222 837 304 873 ἕλεν
330 837 513 878 Αἰακίδας
544 838 605 873 vel
631 836 804 878 Αἰολίδας
830 837 852 873 1.
880 849 909 873 e.
938 835 1086 882 Ulixes,
1111 848 1186 872 non
1212 836 1385 873 videntur
1409 837 1480 872 hae
1507 834 1767 872 correctiones.

219 885 451 922 necessariae
479 897 568 922 esse
