1890 3216
815 164 1075 203 Tnsoems
1105 143 1107 146 ’
1631 162 1716 206 199

331 273 427 320 οὔτ’
461 270 519 320 ἂν
550 273 792 333 πτωχεύων
825 271 1112 331 δουλοσύνην
1143 272 1329 326 τελέοις·

270 345 369 393 οὐδ’
405 350 446 392 εί
475 350 617 406 γῆρας
647 349 787 404 ἵκοιο,
818 344 872 391 τὰ
903 345 1107 405 χάρματα
1139 342 1270 390 πάντ’
1305 341 1543 402 ἀποδραίη.
1647 355 1717 388 543

331 419 380 464 ἐν
413 418 462 464 δὲ
493 422 652 480 τοιῷδε
684 419 803 477 γένει
835 416 1023 477 χρήματ’
1059 416 1246 476 ἄριστον
1279 419 1407 475 ἔχειν.

270 493 311 536 εἰ
340 489 422 548 μὲν
453 490 540 549 γὰρ
569 495 796 547 πλουτεῖς,
828 489 986 535 πολλοὶ
1019 492 1165 547 φίλοι,
1196 485 1255 547 ἢν
1286 487 1338 533 δὲ
1367 487 1550 545 πένηαι,

172 575 243 608 930
326 565 514 622 παῦροι,
548 559 734 607 κούκέθ’
771 559 892 619 ὁμῶς
923 558 1059 614 αὐτὸς
1090 558 1208 618 ἀνὴρ
1241 557 1431 617 ἀγαθός.

274 709 518 752 Φείδεσθαι
550 703 632 763 μὲν
664 703 874 763 ἄμεινον,
908 704 1001 749 ἐπεὶ
1034 702 1142 749 οὐδὲ
1173 700 1365 748 θανόντ’
1401 698 1633 748 ἆποκλαίει

330 776 498 835 οὐδείς,
531 774 590 836 ἢν
622 774 682 835 μὴ
715 774 800 835 ὁρᾷ
833 774 1035 835 χρήματα
1066 773 1319 832 λειπόμενα.

269 920 474 978 Παύροις
505 917 766 978 ἀνθρώπων
799 917 933 978 ἀρετὴ
966 918 1040 963 καὶ
1072 917 1237 971 κάλλος
1267 916 1442 975 ὀπηδεῖ·

330 991 504 1050 ὄλβιος,
539 989 589 1045 ὃς
618 990 793 1036 τούτων
825 989 1094 1049 ἀμφοτέρων
1127 993 1294 1048 ἔλαχεν.

173 1078 242 1110 935
268 1064 430 1117 πάντες
461 1081 538 1122 μιν
570 1065 777 1121 τιμῶσιν·
810 1060 931 1120 ὁμῶς
961 1063 1056 1107 νέοι
1090 1063 1138 1107 οἵ
1164 1078 1211 1107 τε
1244 1058 1340 1106 κατ’
1375 1059 1516 1107 αὐτόν

328 1135 474 1195 χώρης
505 1140 726 1192 εἷ’κουσιν,
758 1139 832 1180 τοί
860 1152 905 1180 τε
936 1133 1235 1192 παλαιότεροι.

269 1209 505 1267 γηράσκων
537 1205 713 1252 ἀστοῖσι
746 1207 1033 1265 μεταπρέπει,
1067 1204 1178 1251 οὐδέ
1205 1223 1270 1259 τις
1302 1204 1444 1251 αὐτόν

327 1279 540 1338 βλάπτειν
573 1277 669 1324 οὔτ’
705 1280 865 1331 αἰδοῦς
897 1277 999 1323 οὔτε
1032 1280 1159 1336 δίκης
1190 1278 1348 1323 ἐθέλει.

271 1434 339 1481 Οὐ
373 1434 570 1493 δύναμαι
603 1437 734 1493 φωνῇ
768 1431 857 1491 λίγ’
893 1431 1099 1490 ἄειδέμεν
1133 1431 1280 1491 ὥσπερ
1313 1431 1485 1490 ἀηδών·

173 1522 243 1555 940
326 1507 400 1553 καὶ
431 1506 519 1565 γὰρ
550 1506 634 1565 τὴν
666 1506 889 1572 προτέρην
920 1504 1047 1551 νύκτ’
1083 1505 1153 1551 ἐπὶ
1184 1507 1338 1563 κῶμον
1370 1508 1490 1562 ἔβην.

269 1700 312 1738 V.
329 1704 409 1736 926.
425 1697 565 1740 τελέαις
591 1709 665 1744 quo
691 1699 802 1744 pacto
829 1697 1008 1744 explicari
1035 1698 1167 1744 possit,
1193 1709 1267 1734 non
1287 1697 1413 1741 videm
1435 1697 1595 1734 fortasse
1622 1697 1721 1734 latet

174 1746 407 1788 ταλάσαις.
422 1768 464 1774 -
488 1746 532 1783 V.
548 1750 627 1782 927.
650 1743 750 1791 οὐδ’,
778 1742 859 1782 οὔτ’
888 1758 922 1792 g.
946 1767 990 1772 —
1011 1746 1109 1782 ἵκοιο
1128 1744 1207 1791 ΑΟ,
1233 1745 1384 1782 ἴκοιτο*.
1410 1767 1448 1771 -
1471 1744 1518 1781 τὰ
1545 1743 1719 1792 χάρματα

174 1796 254 1833 sine
269 1796 348 1832 ulla
366 1793 602 1831 dubitatione
621 1793 765 1841 scripsi,
786 1794 875 1830 libri
894 1791 940 1830 τὰ
962 1791 1145 1840 χρήματα.
1166 1813 1210 1819 -
1225 1793 1270 1830 V.
1285 1797 1366 1830 928.
1387 1793 1492 1839 γένει
1511 1792 1720 1830 insolenter

177 1844 336 1888 dictum}
358 1845 402 1879 ut
425 1842 526 1879 idem
552 1842 602 1879 sit
632 1842 732 1888 quod
763 1839 911 1888 ἡλικία,
943 1841 1101 1878 coniicio
1133 1839 1280 1887 πέλει,
1312 1843 1355 1878 ut
1386 1839 1427 1879 ἐν
1460 1842 1593 1878 τοιῶδε
1619 1841 1720 1878 idem

175 1892 226 1929 sit
249 1892 350 1950 qnod
377 1889 418 1928 ἐν
438 1891 490 1939 τῷ
517 1887 687 1939 τοιούτῳ,
713 1891 755 1926 in
779 1890 847 1926 hoc
870 1901 992 1926 rerum
1017 1893 1126 1926 statu.
1151 1911 1193 1915 —
1217 1889 1259 1925 V.
1281 1894 1362 1926 929.
1390 1888 1428 1926 εἰ
1446 1919 1453 1927 .
1477 1918 1485 1925 .
1506 1879 1721 1933 .’πλουτει”ς,

174 1940 233 1976 An
258 1953 306 1986 ην
428 1939 592 1987 πλουτῇς
631 1949 676 1974 ex
713 1937 914 1974 manifesta
951 1938 1261 1984 interpolatione,
1300 1938 1372 1974 fuit
1403 1937 1501 1973 enim
1536 1939 1723 1974 corrector

174 1990 247 2024 iste
272 1986 556 2034 aequabilitatis
581 1986 739 2022 nimium
765 1986 971 2030 studiosus3
1008 1986 1198 2031 Theognis
1224 1985 1398 2022 similiter
1422 1985 1631 2022 orationem
1658 1996 1721 2021 va-

174 2035 290 2073 riavit
314 2048 350 2072 v.
376 2039 464 2075 85⁸1,
495 2034 561 2071 ubi
596 2034 633 2071 εἰ
656 2037 694 2070 et
719 2030 766 2080 ἢν
803 2034 1001 2070 alternant.
1029 2054 1072 2060 —
1108 2033 1150 2069 V.
1177 2038 1259 2070 930.
1291 2030 1454 2070 nomini&
1490 2035 1522 2069 A
1549 2035 1588 2069 et
1618 2034 1644 2069 h
1676 2044 1721 2068 ex

174 2096 288 2128 corn,
323 2079 502 2120 οὐκέθ’*ἱ
537 2103 580 2109 --
609 2082 652 2118 V.
680 2086 760 2119 932.
789 2079 871 2128 ὁρᾷ,
899 2083 988 2127 οραί
1008 2083 1052 2117 Α.
1081 2102 1124 2107 -
1151 2082 1194 2119 V.
1221 2086 1400 2118 933—34
1432 2081 1523 2117 olim
1549 2081 1722 2127 separavi

175 2143 199 2167 a
224 2130 486 2176 sequentibus,
519 2131 621 2166 certe
647 2130 800 2176 Tyrtaei
831 2141 907 2165 non
941 2131 1046 2174 sunt,
1077 2129 1143 2166 sed
1167 2129 1326 2166 fortasse
1352 2129 1509 2173 Solonis,
1536 2142 1570 2166 v.
1591 2129 1633 2164 fr.
1656 2131 1720 2174 443

174 2191 306 2216 verum
331 2177 457 2226 potuit
483 2178 671 2224 epitomae
697 2180 829 2214 auctor
850 2177 966 2213 etiam
985 2189 1136 2223 prorsus
1156 2177 1283 2214 aliena
1303 2178 1572 2224 conglutinare.
1614 2176 1721 2213 Cete-

176 2240 259 2264 rum
285 2227 358 2263 hoo
383 2225 573 2262 distichon
598 2225 709 2262 affert
732 2225 860 2262 Floril.
886 2224 1031 2262 Monac.
1063 2229 1140 2260 114.
1167 2225 1299 2272 Apost.
1328 2226 1412 2261 XIV
1441 2230 1502 2269 13,
1530 2229 1561 2260 6.
1589 2227 1719 2261 Arsen.

151 2280 256 2321 Α501.
292 2296 331 2301 -
369 2271 550 2319 παύροις,
582 2271 743 2319 παύροις
774 2270 813 2308 δ’
849 2275 917 2319 Ap.
954 2294 991 2298 —
1035 2269 1180 2316 κάλλος,
1206 2272 1314 2314 κλέος
1340 2274 1392 2317 el,
1426 2274 1541 2314 κῦδος
1566 2274 1647 2309 Ars.
1681 2272 1722 2308 id

176 2323 277 2369 quod
323 2322 495 2368 Epkema
532 2322 710 2366 coniecit,
743 2333 828 2357 cum
866 2321 1015 2357 Brunck
1046 2321 1206 2362 πλοῦτος
1244 2320 1434 2357 suasisset.
1478 2343 1518 2347 —
1559 2321 1604 2356 V.
1639 2324 1719 2357 934.

176 2372 206 2408 O
239 2368 368 2419 ὄλβιος
406 2366 457 2405 δ’.
495 2391 535 2395 -
575 2366 823 2415 ἀμφοτέρων,
862 2371 892 2403 Α
931 2381 1160 2415 αμφοτερον.
1200 2390 1244 2396 —-
1284 2369 1327 2405 V.
1361 2372 1527 2406 935—8.
1569 2368 1722 2415 Tyrtaei

175 2421 282 2464 sunt,
315 2418 380 2454 sed
412 2417 512 2454 male
544 2418 736 2454 contracta
776 2428 821 2452 ex
852 2416 1023 2452 distichis
1055 2416 1186 2454 tribus.
1220 2417 1294 2453 vid.
1332 2415 1376 2454 fr.
1412 2421 1454 2454 12
1487 2429 1521 2453 v.
1554 2420 1718 2453 37—42.

112 2503 116 2507 ,
178 2489 219 2493 -
249 2479 324 2512 μιν,
350 2463 419 2512 μὲν
447 2465 493 2510 el,
521 2476 592 2501 om.
622 2464 664 2502 O.
691 2485 736 2491 —-
763 2462 875 2511 ὅμως,
909 2460 1008 2510 ὅμως
1033 2464 1056 2499 l.
1084 2485 1124 2490 —
1161 2462 1242 2500 νέοι
1268 2466 1317 2509 A,
1343 2466 1418 2501 ἴσοι
1449 2463 1539 2510 (ἶσοι
1564 2464 1646 2510 Ο)*.
1672 2485 1719 2490 -

176 2515 220 2551 V.
242 2518 321 2550 936.
349 2525 470 2559 χωρης
496 2525 665 2549 εικουσιν
690 2511 739 2557 A,
766 2510 900 2558 χώροις
929 2514 1097 2548 εἴκουσιν
1124 2512 1166 2555 Ο,
1194 2513 1339 2549 εἴκουσι
1365 2510 1498 2558 χώροις
1523 2513 1570 2556 fl,
1597 2514 1719 2548 εἴκου-

177 2575 235 2598 σιν
262 2562 436 2606 (εἴκουσι)
463 2559 623 2607 χώρης*,
657 2559 825 2596 οἰκοῦσιν
851 2560 875 2595 b
903 2560 943 2594 in
968 2572 1016 2595 m.
1068 2559 1175 2603 Quod
1203 2560 1232 2595 O
1259 2561 1416 2606 praebet
1441 2558 1574 2605 χώροις
1599 2560 1718 2596 εἴκου-

175 2622 233 2646 σιν
271 2610 429 2646 fortasse
469 2610 594 2645 ortum
625 2620 669 2644 ex
701 2608 858 2654 antiqua
895 2607 1056 2660 leetione
1089 2605 1209 2653 χώρης
1241 2606 1280 2644 οἷ
1307 2605 1514 2654 (Ἑ)εἰ’κουσ’
1551 2605 1604 2653 (οἷ
1634 2619 1719 2643 cum

176 2657 355 2694 omissum
382 2659 421 2692 et
445 2668 558 2702 supra
590 2657 690 2692 esset
721 2656 903 2699 additum,
937 2655 1024 2691 mdo
1057 2654 1190 2701 χώροις
1216 2655 1399 2702 originem
1425 2656 1559 2700 duxit),
1590 2666 1719 2701 quem-

176 2705 379 2742 admodum
418 2704 621 2750 Tyrtaeum
664 2703 855 2749 scripsisse
899 2714 1011 2747 supra
1052 2701 1147 2747 dixi;
1194 2715 1283 2739 nam
1325 2705 1400 2747 τοί,
1445 2703 1546 2749 quod
1590 2703 1715 2739 subse-

176 2753 315 2799 quitur,
340 2751 443 2788 haud
469 2751 582 2788 dubie
608 2755 795 2788 corrector
822 2750 902 2786 cod.
923 2749 956 2784 A
981 2750 1122 2795 intulit,
1149 2751 1246 2786 unde
1273 2751 1442 2795 suspensi
1467 2750 1607 2786 novicii
1633 2749 1720 2786 libri

177 2802 208 2837 ⁸¹
233 2797 1434 2884 ΨέοὲἶῗᾱὲἷὲἒιῖθὕῧΠέἓξἪὲἺιῖἐ-ᾱηῆὥί’νξὲθῖῗέἶὲὴ-Ῑωῧ·
1452 2798 1719 2882 ἰνὶῗῖἷῑῗ

178 2859 440 2941 (Ξκιᾶειδέμεεν
480 2875 830 2947 ὃύὶιῐιθίᾱέννὶη,.ν.
857 2890 1024 2942 ᾇδέμεν,
1063 2894 1128 2929 AO
1167 2872 1322 2940 «ἰδέμεν.
1366 2859 1493 2931 —yV.
1520 2859 1613 2930 ⁹9407.
1641 2859 1719 2930 ρκαὶ

178 2940 250 2989 γὰρ
276 2941 356 2989 τὴν,
391 2942 609 2979 Heimsoeth
641 2944 805 2978 tentant
837 2938 908 2978 οὐκ
935 2938 1020 2978 ἐπεὶ
1045 2937 1096 2987 ἂρ
1122 2955 1183 2987 πρ.
1216 2963 1260 2968 -
1293 2940 1498 2988 προτέρην,
1529 2939 1718 2988 προτέραν
