1890 3216
925 807 976 849 X.
1650 823 1717 855 801

688 925 1215 977 AESCHRIO.

825 1058 1089 1104 IAMBOI.

939 1173 974 1215 1.

271 1261 410 1319 Μήνη
443 1261 493 1307 τὸ
527 1263 667 1308 καλὸν
700 1263 901 1323 οὐρανοῦ
934 1267 1040 1311 νέον
1074 1270 1221 1324 σίγμα.

903 1414 925 1439 *
958 1412 997 1454 2.

270 1501 446 1547 Στενόν
478 1501 588 1547 καθ’
618 1502 970 1562 Ἑλλήσποντον,
1003 1506 1210 1565 ἐμπόρων
1242 1506 1415 1566 χώρην,

270 1577 430 1618 ναῦται
463 1574 697 1633 θαλάσσης
729 1578 1000 1634 ἐστρέφοντο
1033 1577 1270 1637 μύρμηκες.

905 1724 999 1766 *3.

266 1811 312 1856 Ὁ
346 1812 390 1857 δ’
427 1812 590 1866 ἐξελὼν
622 1814 783 1871 ἱμάντα
815 1819 1008 1873 φορτίου
1040 1815 1195 1874 ζώνην.

908 1961 1004 2005 *4.

270 2047 376 2111 Ἷρις
409 2051 449 2097 δ’
487 2056 676 2110 ἔλαμψε,
708 2053 849 2098 καλὸν
883 2052 1085 2112 οὐρανοῦ
1116 2054 1259 2108 τόξον.

908 2202 931 2227 *
963 2199 1002 2242 5.

276 2292 366 2336 Καὶ
399 2296 563 2336 πίσσαν
596 2292 771 2350 ἑφθήν,
804 2287 833 2352 ᾗ
865 2292 1007 2349 θύραι
1039 2282 1310 2352 μυρίζονται.

282 2483 512 2519 Aeschrio.
566 2482 622 2520 Fr.
653 2487 683 2520 1.
728 2481 1252 2526 Walz.Rhet.111650:a‘29
1276 2482 1345 2543 τὴν
1359 2483 1531 2542 σελήνην
1557 2482 1726 2545 ουρανοῦ

187 2528 300 2566 παλιν
326 2530 508 2576 Αἰσχρίων
541 2532 670 2590 σίγμα·
703 2545 800 2567 ουτω
833 2545 906 2578 γαρ
937 2531 1081 2576 λέξεσιν
1114 2528 1249 2573 αυταῖς
1277 2530 1372 2569 αὐτὸ
1398 2533 1582 2579 Αἰσχρίων
1606 2531 1727 2579 λέγει·

189 2576 323 2624 Μήνη
350 2581 424 2614 κτλ.
452 2599 498 2605 -
523 2577 625 2623 νέον,
650 2579 811 2615 fortasse
837 2579 917 2626 νέη
943 2580 1066 2616 verbis
1086 2580 1265 2616 audacius
1285 2581 1453 2618 traiectis
1477 2581 1727 2618 scribendum.

285 2650 343 2684 Fr.
372 2654 403 2684 2.
432 2655 464 2686 3.
485 2653 518 2685 4.
539 2654 572 2686 5.
599 2650 692 2685 Ibid.
720 2647 786 2686 τὸν
809 2648 924 2708 λόγον
951 2647 1233 2696 ἐκτραχύνουσι,
1238 2649 1508 2710 σκληρύνουσι
1532 2650 1575 2688 δὲ
1601 2651 1728 2696 πλέον,

189 2694 212 2742 ἦ
248 2697 388 2754 μᾶλλον
427 2697 481 2738 εἰς
517 2696 737 2744 ψυχρότητα
775 2696 927 2742 σύρουσι
962 2697 1185 2744 γελαστέαν,
1223 2696 1274 2740 ὡς
1309 2700 1374 2735 καὶ
1418 2697 1438 2735 ὁ
1470 2697 1651 2747 ’γράψας
1681 2698 1727 2735 τὰ

192 2742 319 2801 ψυχρὰ
354 2745 461 2780 ταυτὶ
491 2746 566 2781 τῶν
598 2745 798 2804 ἰαμβείων·
834 2749 895 2782 Στ
904 2760 920 2782 ε
930 2760 951 2781 ν
960 2745 979 2782 ὁ
990 2760 1012 2782 ν
1039 2761 1158 2793 ..μ
1166 2745 1188 2783 ύ
1202 2761 1222 2792 ρ
1232 2761 1257 2793 μ
1265 2760 1287 2792 η
1296 2761 1318 2782 κ
1326 2760 1342 2783 ε
1353 2761 1380 2788 ς.
1431 2747 1507 2784 Καὶ
1538 2748 1727 2794 πολλαχοῦ

191 2790 358 2838 δύστηνα
378 2795 523 2829 τοιαυτὶ
542 2792 658 2839 λέγει·
680 2791 721 2830 Ὁ
740 2791 778 2829 δ’
801 2791 996 2837 ἐξελῶν.
1049 2796 1357 2841 ,μυρίζονται
1392 2795 1629 2831 Aeschrionis
1648 2806 1730 2831 esse

192 2851 318 2876 versus
338 2840 548 2898 probabile,
574 2842 639 2877 sed
659 2853 734 2878 non
753 2843 907 2880 certum
928 2863 972 2869 —
998 2822 1056 2879 Fr.
1076 2847 1110 2878 4.
1137 2842 1202 2880 ἔλα
1205 2851 1294 2889 μ,ψε
1321 2843 1402 2879 cod.
1423 2843 1552 2900 Diesd.
1574 2841 1728 2889 ἔλαμπε

195 2908 239 2913 -
266 2888 324 2924 Fr.
352 2891 383 2924 5.
411 2882 434 2935 ᾗ
462 2888 605 2935 scripsi,
631 2889 759 2936 itaque
785 2901 883 2926 nunc
909 2890 1023 2926 etiam
1049 2891 1112 2926 ten
1138 2890 1270 2936 Brink,
1296 2891 1410 2937 vulgo
1436 2886 1494 2936 ἣν.
