1890 3216
198 130 285 173 328
834 128 1095 164 PHILISCUS.

331 239 378 282 ἐν
411 237 617 293 κόσμοισι
649 239 752 292 βίον
784 238 910 292 σῶμα
942 234 1132 292 λαβόνθ’
1169 237 1331 293 ἕτερον,

271 326 294 351 *
415 326 437 349 ιιι
558 325 580 348 *
701 324 723 348 *
844 310 867 347 ἐκ
987 323 1010 348 *
1131 323 1152 348 *
1274 324 1297 348 *

200 358 224 380 ⁸
415 396 437 420 *
558 394 580 419 *
701 394 724 418 20<
845 394 867 418 *
977 394 1010 418 ,*
1131 394 1153 419 *

226 464 245 495 5
273 454 353 495 δεῖ·
373 448 413 494 σ’
449 448 607 506 ἀρετῆς
638 447 809 505 κήρυκα
840 457 981 493 τεκεῖν
1012 466 1111 492 τινα
1145 453 1291 509 Λυσίᾳ
1322 447 1482 506 ὕμνον,

333 521 470 565 δόντα
501 520 851 576 καταφθιμένων
883 518 956 563 καὶ
989 523 1116 580 σοφῷ
1150 517 1398 578 ἀθάνατον,

275 590 323 645 ὃς
354 591 405 636 τό
437 590 476 634 τ’
513 593 618 648 ε’μῆς
650 593 792 648 ψυχῆς
825 592 956 644 δείξει
989 592 1247 649 φιλέταιρον
1279 591 1459 649 ἅπασιν,
1665 605 1731 638 641

333 663 407 707 καὶ
439 662 521 720 τὴν
553 665 634 707 τοῦ
667 662 896 719 φθιμένου
927 665 1034 707 πᾶσι
1066 667 1243 721 βροτοῖς
1275 662 1448 722 ἀρετήν.

206 823 314 855 119οε
353 818 439 854 Νῦν
474 815 546 862 γὰρ
582 815 909 876 μεθῃρμόσμεσθα
949 819 1077 876 βελτίω
1117 819 1200 863 βίον
1232 818 1299 853 τοῦ
1330 831 1379 863 πρ
1383 814 1512 854 όσθεν.
1563 819 1709 864 Aesohy
1710 819 1734 854 l.

206 868 326 902 Prom.
357 870 442 901 309.
469 865 544 900 Καὶ
570 863 814 924 μεθάρμοσαι
837 864 998 923 τρόπους
1022 864 1143 906 νέους.
1194 865 1404 926 Comppnas
1425 877 1508 901 cum
1529 866 1587 902 his
1607 831 1732 925 Euriyp

205 914 301 950 Med.
337 917 428 949 1038
462 910 568 970 ὑμεῖς
607 911 649 948 δε
685 910 814 958 μητέρ’
854 909 980 949 ουκέτ’
1022 910 1185 970 ὄμμασιν
1222 914 1345 970 φίλοις
1379 909 1537 958 ‘’W’S‘fflu
1574 911 1612 954 ἐς
1647 911 1736 950 ἄλλο

207 959 319 1020 σχῆμ’
353 958 585 1000 ἀποστάντες
619 961 713 1018 βίον.
747 962 785 996 et
811 962 887 996 Ion.
919 965 1008 996 1066
1035 958 1180 996 πάθεσι
1205 958 1337 996 πάθεα
1363 959 1402 996 δ’
1432 942 1655 1004 ἐξανύτουσ’
1683 960 1738 1002 εἰς

205 1007 320 1049 ἄλλας
358 1006 485 1054 βιότου
524 1005 674 1053 μορφὰς
710 1005 888 1045 κάτεισιν.
940 999 1086 1043 Hecker
1124 1009 1283 1044 coniecit
1313 1009 1364 1056 τῷ
1396 1006 1468 1054 γὰρ
1505 1006 1545 1049 ἐς
1576 1005 1666 1045 ἄλλο
1702 1022 1739 1044 τι

207 1058 312 1113 σῶμα
345 1055 658 1112 μεθαρμοσθέντι
689 1084 697 1092 .
719 1083 727 1090 .
749 1084 756 1092 .
792 1057 874 1104 βίου
907 1056 1030 1101 σχῆμα
1061 1053 1234 1101 λαχόνθῖ
1270 1077 1313 1081 -
1342 1046 1390 1091 V.
1418 1060 1452 1092 4
1484 1053 1672 1113 κόσμοισι,
1707 1056 1738 1092 Ρ

206 1102 375 1151 κόσμῃσι.
404 1125 448 1130 -
474 1099 652 1160 λαβόνθ’,
677 1103 809 1139 malim
835 1103 935 1148 quod
962 1103 1078 1139 etiam
1103 1104 1251 1139 Hecker
1276 1103 1434 1139 coniecit
1458 1099 1665 1149 λαχόνθ’.
1692 1124 1736 1129 --

207 1153 250 1187 V
278 1155 310 1187 5.
338 1153 458 1200 Λυσίᾳ
491 1147 611 1196 ὕμνον
643 1133 868 1195 Salmasius,
900 1151 962 1197 leg
965 1151 1097 1186 ebatur
1127 1149 1381 1207 λυσιδάιμνον.
1408 1172 1451 1177 --
1478 1150 1522 1187 V.
1551 1156 1583 1187 6.
1610 1148 1739 1196 δόντα,

209 1200 341 1235 Iacobs
368 1199 422 1244 (et
439 1188 482 1234 ut
501 1199 651 1234 videtur
670 1200 716 1244 A)
732 1197 875 1254 δύντα,
900 1198 1101 1234 Markland
1126 1196 1244 1243 δύντι,
1271 1199 1342 1244 Wy
1346 1199 1525 1234 ttenbach
1552 1199 1671 1242 ζῶντι.
1694 1219 1737 1224 —

208 1246 511 1303 καταφθιμένων
536 1245 616 1289 ΗΡ,
649 1242 745 1281 κατὰ
781 1245 998 1303 φθιμένων
1009 1247 1057 1291 Α,
1089 1246 1132 1281 ut
1157 1212 1354 1281 Markland
1386 1246 1561 1290 coniecit,
1593 1246 1741 1282 Hecker

209 1295 317 1340 δῶμα
352 1307 448 1329 κατα
485 1293 687 1339 φθιμένων
722 1293 787 1329 καὶ
823 1292 941 1339 ζόφον
975 1290 1180 1341 αθανατῳ,
1214 1294 1327 1338 vulgo
1361 1294 1660 1338 καταφθίμενος.
1694 1314 1739 1320 —-

210 1343 335 1387 σοφῷ,
369 1342 623 1387 Wyttenbach
655 1339 809 1386 στέφος,
842 1341 1006 1387 Sintenis
1041 1330 1146 1397 ζόφςό
1182 1342 1242 1376 vel
1277 1339 1407 1386 ζόφον.
1458 1341 1573 1376 Nulla
1609 1341 1740 1377 harum

211 1390 508 1425 coniecturarum
541 1389 677 1425 vitium
708 1388 872 1425 tollitur·
905 1389 1017 1424 δῦναι
1048 1386 1144 1423 κατὰ
1179 1389 1245 1443 γῇς
1276 1399 1409 1434 graece
1442 1388 1595 1431 dicitur,
1628 1387 1742 1424 δῦναι

210 1434 305 1473 κατὰ
334 1435 535 1491 φθιμένων
561 1436 622 1471 vix
648 1438 764 1472 recte:
791 1447 911 1481 neque
931 1435 1130 1478 Philiscus,
1150 1436 1215 1481 qui
1234 1436 1372 1472 mortui
1391 1435 1502 1472 amici
1521 1436 1740 1472 memoriam

211 1485 273 1531 pio
299 1486 423 1520 animo
449 1484 592 1528 recolit,
619 1485 767 1529 poterat
792 1483 915 1520 dicere
940 1483 1048 1519 illum
1073 1483 1122 1518 ad
1149 1484 1285 1519 Orcum
1311 1483 1586 1519 tenebricosum
1610 1494 1741 1529 perve-

211 1533 321 1576 nisse,
347 1543 435 1567 nam
461 1545 494 1568 v.
522 1536 542 1567 3
571 1533 609 1567 et
634 1536 655 1567 4
690 1532 780 1567 satis
813 1531 949 1567 docent
979 1530 1182 1566 Philiscum
1215 1532 1438 1577 pervagatas
1471 1530 1663 1576 opiniones
1696 1531 1742 1565 de

211 1580 292 1616 vita
316 1582 402 1625 post
426 1581 585 1615 mortem
617 1580 742 1614 futura
775 1579 1035 1615 contemsisse:
1069 1580 1217 1614 secutus
1249 1578 1352 1614 haud
1383 1578 1494 1614 dubie
1527 1579 1585 1614 est
1617 1577 1741 1614 Plato-

211 1628 379 1663 nicorum
404 1627 466 1662 vel
490 1627 825 1672 Pythagoricorum
857 1626 1010 1672 placita.
1061 1626 1203 1662 Locum
1237 1626 1428 1662 difficilem
1459 1636 1602 1671 nequeo
1634 1636 1743 1672 expe·
1773 1650 1779 1655 ·

212 1674 302 1718 dire,
328 1675 484 1710 fortasse
510 1675 624 1720 poeta
656 1674 798 1710 dixerat
829 1675 929 1710 hunc
959 1674 1082 1726 poesis
1113 1674 1292 1710 honorem
1325 1674 1438 1710 etiam
1470 1674 1550 1709 viro
1585 1672 1744 1718 sapienti

212 1722 389 1758 defuncto
413 1722 514 1757 haud
539 1722 728 1767 ingratum
755 1733 833 1757 esse
859 1734 1004 1758 munus.
1025 1743 1068 1747 —
1090 1721 1133 1756 V.
1157 1726 1186 1757 7.
1207 1719 1249 1757 τό
1276 1718 1310 1756 τ’
1340 1720 1603 1766 Wyttenbach,
1628 1720 1743 1766 vulgo

212 1766 302 1806 τότ’.
332 1791 376 1797 —-
403 1771 520 1812 δείξει
556 1770 723 1814 Br‚unck
760 1770 874 1815 vulgo
913 1770 1045 1812 δείξαι.
1074 1790 1117 1795 -
1151 1769 1323 1804 Ceterum
1360 1769 1517 1823 app-aret
1554 1779 1628 1803 non
1665 1767 1745 1813 epi-

212 1829 383 1871 gramma
401 1829 493 1861 esse,
512 1816 613 1862 quod
626 1817 847 1853 Plutarchus
868 1815 971 1860 dicit,
991 1817 1055 1852 sed
1075 1815 1267 1871 amplioris
1287 1815 1459 1852 carminis
1480 1815 1680 1851 exordium.
1697 1835 1741 1840 —

214 1864 400 1900 Philiscus
426 1846 576 1900 vid'etur
602 1864 717 1900 etiam
742 1864 956 1910 tragoedias
982 1864 1185 1910 scripsisse,
1210 1875 1296 1899 nam
1315 1864 1415 1899 hunc
1435 1874 1514 1899 esse
1534 1862 1644 1899 credo
1663 1863 1739 1899 tra-

214 1913 432 1959 goediarum
447 1912 676 1958 scriptorem,
691 1923 801 1957 quem
821 1912 1067 1948 meditantem
1086 1910 1211 1957 pinxit
1223 1910 1453 1957 Protogenes
1467 1910 1577 1955 (Plin.
1593 1910 1743 1955 XXXV,

217 1963 310 2005 105),
335 1971 410 1996 non
429 1960 734 2003 Alexandrinum,
755 1971 867 2005 quem
892 1959 994 1995 docti
1018 1959 1188 1995 homines
1214 1958 1444 2004 intelligunt,
1465 1958 1529 2003 qui
1556 1970 1639 1994 cum
1657 1957 1746 1994 Pto-

213 2009 357 2043 lemaeo
395 2007 429 2043 II
465 2009 645 2052 regnante
683 2007 866 2052 floruerit,
897 2019 970 2043 non
1002 2006 1128 2052 potuit
1164 2007 1395 2051 Protogenes
1432 2005 1511 2042 eius
1543 2004 1745 2051 imaginem

213 2056 345 2092 facere.
372 2055 485 2098 Quem
507 2066 632 2090 senem
646 2056 886 2101 Protogenes,
900 2055 1058 2090 eundem
1078 2019 1355 2090 adolescentem
1368 2054 1515 2089 videtur
1527 2053 1749 2089 Parrhasius

189 2103 386 2156 pinxisse,
412 2102 505 2138 Plin.
531 2102 668 2138 XXXV
696 2107 758 2148 70,
762 2085 853 2138 ”ubi
878 2101 924 2138 de
951 2102 1227 2138 comoediarum
1257 2103 1368 2147 poeta
1401 2101 1579 2147 cogitant,
1605 2100 1669 2146 qui
1693 2100 1741 2135 ab

215 2149 389 2186 Isocratis
415 2149 599 2195 discipulo
632 2150 862 2186 dirimendus
894 2150 1057 2193 videtui,
1091 2161 1177 2185 nam
1212 2148 1370 2185 eundem
1402 2150 1441 2184 et
1471 2147 1676 2194 tragoediis
1709 2149 1748 2182 et

216 2198 419 2234 comoediis
446 2209 597 2243 operam
623 2198 768 2233 dedisse
793 2209 867 2233 non
893 2199 950 2233 est
974 2196 1194 2240 verisimile3
1222 2196 1287 2232 sed
1312 2195 1441 2231 fabula
1459 2194 1741 2239 Themistocles,

217 2256 329 2291 quam
355 2245 495 2281 comico
521 2245 694 2281 attribuit
720 2245 863 2290 Suidas,
889 2245 1037 2281 videtur
1061 2244 1240 2280 Isocratei
1264 2244 1460 2289 tragoedia
1485 2254 1575 2279 esse.
