1890 3216
224 157 313 201 340
757 158 950 194 POETAE
976 157 1213 195 ELEGIACI.

225 271 365 322 Nuper
389 271 651 311 Schneidewin
676 270 802 309 edidit
831 270 873 309 in
904 270 1115 322 Philologo
1147 272 1193 313 Τ.
1223 272 1243 310 Ι
1274 285 1311 322 p.
1335 274 1356 311 1
1379 285 1459 323 seq.
1492 275 1674 313 accurate
1707 273 1754 313 de

224 336 286 375 his
318 337 558 376 carminibus
591 338 892 375 commentatus.

343 401 420 440 Sed
452 401 556 451 quod
590 400 866 441 Schneidewin
897 401 1100 440 contendit
1130 399 1291 442 Πέπλον
1315 403 1420 444 hunc
1450 417 1530 444 non
1555 405 1756 445 diversum

223 467 346 505 fuisse
372 467 422 505 ab
450 479 568 516 opere
584 461 796 518 Ἀτάκτων,
828 467 933 517 quod
951 466 1169 507 XII'libris
1195 471 1377 508 constare
1404 470 1603 521 Diogenes
1622 471 1756 511 Laert.
1782 487 1787 491 ·

224 535 264 571 et
290 534 430 571 auctor
455 533 630 584 catalogi
657 546 822 584 operum
847 532 1055 572 Aristotel.
1075 546 1137 583 ap.
1158 534 1315 585 Menag.
1343 535 1568 587 perhibent,
1597 537 1755 576 omnino

223 595 448 652 salutm-*Q
480 611 574 638 nam
605 598 835 638 Aristotelis
867 594 1012 637 ἄτακτα
1043 598 1151 652 haud
1175 599 1296 638 dubie
1328 602 1444 640 erant
1469 602 1757 651 commentarii,

224 676 322 713 quos
360 664 479 702 rudes
519 665 561 702 et
596 663 853 714 imperfectos
891 663 1130 715 reliquerat,
1176 665 1246 715 qui
1288 667 1420 706 varias
1458 667 1757 711 observationes
1771 673 1840 706 648

225 729 498 780 continebant,
541 731 582 768 et
612 732 704 780 post
741 730 912 783 mortem
945 728 1115 780 denique
1147 731 1376 782 philosophi
1407 745 1496 771 cum
1528 733 1618 775 aliis
1651 733 1759 774 simi-

223 796 329 835 libus
361 795 512 846 publici
545 797 638 835 sunt
668 796 767 835 iuris
798 795 922 845 facta,
956 794 1102 844 quibus
1134 808 1280 836 nomen
1310 797 1384 837 hoc
1408 798 1580 837 inditum
1607 800 1680 848 est,
1711 799 1759 837 ut

223 862 272 900 ab
305 861 385 900 alio
417 873 553 911 opere:
583 856 829 914 Ἐξηγημένα
859 855 956 900 κατὰ
981 857 1113 913 γένος,
1145 862 1252 912 quod
1276 862 1371 900 XIV
1397 863 1510 903 libris
1537 864 1757 915 constabat,

222 927 554 966 discernerentur.
603 925 760 975 Πέπλος
779 928 939 974 contra,
972 927 1076 976 quod
1102 928 1167 968 vel
1191 941 1335 968 nomen
1354 928 1514 978 indicat,
1547 941 1758 981 argumen-

222 994 309 1030 tum
341 993 382 1030 et
412 993 533 1032 certis
559 993 705 1032 finibus
732 992 1075 1042 circumscriptum
1100 995 1142 1033 et
1173 995 1309 1032 ordine
1335 994 1574 1045 dispositum
1599 996 1758 1035 exhibe-

222 1057 310 1096 bat:
348 1070 421 1096 nec
452 1059 494 1097 in
526 1072 644 1098 suum
675 1071 794 1097 usum
824 1059 923 1097 haec
954 1061 1248 1109 composuerat,
1281 1060 1505 1110 quicunque
1536 1061 1634 1100 haec
1665 1062 1758 1101 scri-

222 1123 304 1172 psit
317 1126 358 1163 et
370 1123 546 1163 fabulari
564 1125 756 1179 historiae
779 1124 1071 1174 epigrammata
1091 1124 1256 1164 addidit.
1301 1125 1400 1164 Post
1414 1125 1758 1166 Schneidewinum

223 1189 516 1239 epigrammata
540 1190 639 1230 haec
663 1191 792 1229 denuo
820 1189 948 1228 edidit
972 1189 1075 1229 Rose
1099 1192 1141 1228 in
1159 1190 1380 1230 Aristotele
1400 1190 1757 1243 Pseudepigrapho

222 1269 259 1305 p.
294 1256 377 1294 563
400 1267 480 1306 seq.
532 1268 578 1295 ac
607 1257 750 1306 postea
782 1254 966 1295 secundis
1004 1254 1108 1294 curis
1146 1255 1347 1294 recensuit
1383 1256 1425 1294 in
1463 1257 1557 1295 edit.
1589 1257 1756 1297 Aristot.

221 1319 292 1371 Op.
306 1321 559 1361 Berolinensi
572 1321 659 1361 Vol.
673 1321 710 1359 V
722 1335 760 1372 p.
777 1322 891 1361 1574
907 1333 987 1370 seq.
1026 1321 1085 1358 M.
1107 1320 1286 1370 Schmidt,
1307 1321 1356 1360 de
1377 1321 1500 1371 Peplo
1519 1321 1756 1362 Aristotelio

221 1388 510 1427 commentatus
542 1388 583 1426 in
613 1388 755 1428 Philol.
782 1387 919 1426 XXIII
950 1400 988 1436 p.
1016 1387 1071 1426 47
1100 1399 1192 1436 seq„
1223 1386 1440 1437 pristinum
1466 1387 1644 1427 ordinem
1676 1389 1756 1438 epi-

219 1455 491 1502 grammatum
523 1453 747 1493 instaurare
780 1455 948 1493 conatur
980 1451 1103 1491 ascito
1136 1451 1309 1502 Hygino,
1341 1465 1460 1502 quem
1484 1453 1608 1503 Peplo
1639 1465 1757 1492 usum

222 1531 309 1559 esse
341 1520 555 1571 existimat,
587 1519 792 1558 subtiliter
827 1522 868 1559 et
898 1519 1015 1558 acute
1047 1517 1272 1569 disputans,
1306 1517 1375 1556 sed
1401 1519 1498 1557 haec
1530 1520 1756 1559 examinare

220 1598 292 1624 nec
324 1587 441 1624 vacat
471 1598 543 1624 nec
574 1586 704 1625 lubet:
741 1598 835 1624 nam
865 1598 1007 1635 parum
1039 1583 1300 1622 emolumenti
1336 1596 1385 1622 ex
1415 1584 1489 1623 hac
1523 1584 1756 1641 quaestione

222 1652 412 1691 solvenda
442 1652 761 1691 redundaturum
798 1664 886 1691 esse
923 1650 1022 1690 mihi
1051 1649 1247 1700 persuasi.
1297 1649 1527 1689 Hullemam'
1564 1662 1758 1692 commen-

223 1718 418 1757 tationem
451 1712 758 1771 (Bedenkingen
791 1719 913 1767 tegen
944 1716 992 1754 de
1019 1715 1206 1754 echtheid
1231 1727 1311 1754 van
1335 1715 1411 1753 den
1436 1716 1758 1766 zoogenaamden

224 1781 383 1830 Πέπλος
402 1796 480 1823 van
500 1783 752 1823 Aristoteles.
786 1781 1008 1821 Amstelod.
1033 1775 1177 1833 1858),
1198 1792 1318 1829 quam
1337 1783 1622 1820 commemorat
1640 1782 1755 1831 Rose,

221 1861 301 1887 non
331 1849 461 1899 magis
492 1849 593 1896 vidi,
626 1861 744 1898 quam
777 1843 1013 1896 Rathyeberi'
1038 1845 1205 1894 librum,
1237 1845 1306 1894 qui
1336 1846 1570 1885 inscribitur
1599 1846 1754 1886 Andro-

221 1913 310 1951 klos
351 1908 479 1965 (Lips.
522 1908 671 1964 1862),
718 1912 758 1950 in
796 1924 873 1962 quo
913 1910 1182 1961 disputavisse
1220 1910 1365 1949 dicitur
1402 1911 1450 1950 de
1488 1911 1550 1950 his
1589 1912 1755 1951 heroum

222 1978 448 2027 epitaphiis.
704 2029 707 2032 ‚

342 2043 419 2081 Sed
450 2044 675 2094 quaeritur,
713 2056 790 2093 quo
831 2042 919 2081 iure
950 2039 1108 2088 Πέπλος
1144 2041 1196 2079 ad
1233 2041 1515 2091 philosophum
1553 2043 1754 2081 auctorem

224 2110 433 2148 referatur.
491 2109 606 2155 Quod
644 2110 806 2148 'I'zetzes
844 2108 895 2147 ad
935 2107 1132 2158 Lycophr.
1169 2120 1207 2146 v.
1245 2107 1330 2146 488
1371 2107 1482 2146 dicit:
1521 2102 1542 2147 ὁ
1576 2103 1757 2160 Ἀγκαῖος

223 2171 311 2223 υἱὸς
343 2169 400 2214 ὢν
430 2175 684 2223 Ποσειδῶνος
715 2172 781 2214 καὶ
802 2169 1089 2219 Ἀστυπαλαίας
1124 2173 1192 2223 τῆς
1226 2171 1411 2219 Φοίνικος
1442 2167 1656 2222 ἐφύτευσεν
1686 2168 1756 2223 ἅμ-

221 2243 342 2280 πελον
387 2235 484 2283 κατὰ
525 2235 858 2292 Ἀριστοτέλην
901 2234 981 2278 τὸν
1030 2232 1140 2284 τοὺς
1182 2234 1390 2284 πέπλους
1434 2233 1755 2287 συντάξαντα,

223 2306 504 2356 intempestive
532 2319 626 2345 sane
647 2319 693 2346 ac
718 2309 884 2354 temere,
917 2306 964 2343 ut
987 2303 1077 2342 aliis
1103 2303 1193 2353 plus
1221 2315 1361 2353 sapere
1387 2302 1603 2352 videretur,
1627 2303 1756 2352 philo-

225 2373 440 2423 sophorum
470 2371 641 2422 principi
671 2372 874 2412 abiudicat
906 2369 1072 2420 Σαμίων
1096 2368 1312 2418 πολιτείαν,
1343 2369 1385 2407 in
1409 2381 1487 2418 quo
1513 2368 1616 2408 libro
1641 2368 1756 2407 fabu-

224 2439 320 2477 laris
351 2437 432 2477 ista
462 2429 655 2476 memoria
692 2437 879 2476 enarrata
919 2435 1014 2484 fuit;
1053 2447 1138 2473 su0*
1164 2433 1269 2471 enim
1300 2433 1475 2483 periculo
1508 2433 1753 2484 Byzantinus

224 2502 478 2553 magistellus
511 2502 614 2541 hunc
651 2502 797 2541 librum
835 2501 1108 2551 peplographo
1140 2498 1344 2549 attribuit,
1382 2499 1452 2537 sed
1484 2499 1753 2549 quod*peplo-

224 2568 423 2618 graphum
461 2580 485 2605 a
515 2568 750 2617 philosopho
789 2568 992 2607 diversum
1031 2577 1117 2604 esse
1155 2564 1325 2613 censuit,
1362 2577 1442 2603 non
1476 2563 1561 2614 ipse
1594 2564 1753 2602 Tzetzes

224 2634 472 2672 commentus
504 2635 576 2672 est.
615 2632 766 2671 Deinde
799 2644 937 2671 rursus
959 2632 1120 2669 Tzetzes
1152 2630 1203 2668 ad
1234 2629 1395 2669 Hesiod.
1414 2643 1450 2679 p.
1475 2630 1526 2668 15
1549 2629 1609 2668 ed.
1629 2627 1753 2668 Gaisf.

321 2786 353 2828 *)
381 2781 662 2819 Schneidewino
687 2783 816 2823 tamen
841 2792 1013 2817 assensus
1039 2781 1096 2815 est
1122 2779 1159 2815 O.
1181 2779 1316 2814 Miiller
1334 2777 1480 2824 Fragm.
1501 2778 1596 2814 Hist.
1618 2777 1752 2832 11'189.

227 2830 297 2872 Qui
323 2831 534 2875 nuperrime
554 2829 599 2864 de
619 2829 832 2865 Aristotelis
857 2828 1087 2874 perditorum
1113 2826 1292 2862 librorum
1317 2824 1486 2870 reliquiis
1511 2825 1753 2862 commentati

227 2879 324 2921 sunt,
351 2877 448 2913 Rose
475 2878 514 2914 et
538 2877 658 2921 Heitz,
684 2877 773 2922 quid
794 2878 839 2912 de
859 2873 1033 2911 ἀτάκτων
1053 2885 1164 2921 opere
1183 2875 1362 2918 statuant,
1382 2873 1523 2908 nescio:
1550 2885 1636 2908 nam
1658 2873 1753 2908 Rose

224 2925 428 2969 legentium
454 2925 539 2960 usui
564 2924 717 2960 minime
744 2924 939 2960 consuluit.
