1890 3216
828 161 995 199 ADDEN
1001 160 1076 198 DA.
1636 155 1719 200 521

472 271 679 327 no‘rAE‘r

472 356 597 391 ΔΕΔΑ
618 384 626 391 -
646 355 932 412 ῌῌφυεψψ

472 439 672 496 gnn'ror
698 466 992 476 .........
1020 439 1090 473 NH

472 521 1219 557 CAMAN.TMMAPTTP01HNTANA

138 632 140 634 ’
183 629 283 668 unde
310 629 416 666 Blass
442 628 604 666 coniecit
629 628 804 666 Solonem
832 628 1022 676 scripsisse
1048 624 1266 683 (θρέψασά
1284 623 1326 674 μ’
1354 623 1404 663 ἂν
1430 626 1725 674 συμμαρτυροίη,

183 676 384 715 manifesto
410 677 548 722 falsus3
575 688 663 713 nam
683 679 827 714 certum
846 678 905 713 est
923 678 1020 714 hanc
1045 676 1163 714 iambi
1188 675 1405 730 pericopam
1426 675 1540 712 verbo
1561 687 1728 721 συμμαρ-

182 726 314 771 τυοοίη
333 725 520 769 inchoari3
540 737 614 761 non
635 736 714 762 esse
737 725 912 762 carminis
932 724 1125 762 exordium
1139 722 1233 760 satis'
1245 734 1430 770 superque
1450 723 1570 759 ταῦτα
1585 722 1729 769 arguit.

184 772 251 810 sed
281 784 377 819 quae
408 773 447 808 in
486 774 618 810 charta
649 774 896 820 praecedunt,
930 772 1095 819 pedestri
1128 771 1297 808 oratione
1328 771 1543 816 conscripta
1566 770 1728 813 fuerunt,

185 822 351 856 CAMAN
371 821 402 857 si
422 821 506 867 quis
526 821 649 858 denuo
670 822 840 858 chartam
866 786 1136 858 examinaverit
1160 820 1320 856 fortasse
1346 819 1528 855 ΘΑΔΙΑΝ
1547 830 1627 855 esse
1647 818 1726 854 ani-

186 869 415 913 madvertet,
455 868 477 904 i.
512 880 541 905 e.
577 865 815 915 (αὖ)θαδίαν,
854 880 928 916 qua
966 868 1088 905 forma
1119 867 1226 903 licuit
1256 865 1314 903 uti
1344 866 1519 912 scriptori
1551 866 1612 902 vel
1650 865 1730 901 eius

184 916 356 953 librario:
382 898 529 953 dixerat
553 917 712 971 scriptor
731 916 906 954 Solonem
932 916 1024 952 satis
1053 915 1283 951 confidenter
1307 913 1346 949 in
1367 913 1593 950 carminibus
1613 914 1730 949 verba

188 963 320 1001 fecisse
345 965 392 1000 de
426 964 536 1001 rebus
560 963 723 1024 publicis
749 975 772 999 a
797 975 837 999 se
870 962 1070 1006 ordinatis,
1103 961 1418 1019 quemadmodum
1444 962 1502 997 est
1527 961 1627 1007 apud
1648 960 1730 996 Ari-

187 1012 324 1048 stidem
351 1011 384 1046 II
398 1014 472 1047 535
500 1013 624 1047 καίτοι
649 1007 830 1047 τοσοῦτόν
857 1023 900 1067 γε
921 1007 986 1055 ἐμὲ
1009 1007 1169 1054 (Σόλων)
1188 1007 1305 1066 τόλμῃ
1333 1008 1397 1043 καὶ
1418 1005 1615 1055 αυθαδείᾳ
1635 1021 1727 1052 παρ-

187 1058 391 1106 ελήλυθεν,
427 1060 466 1095 et
490 1059 625 1094 iterum
651 1055 745 1107 ὁρᾷς
777 1055 826 1099 ὡς
851 1054 1038 1098 αὐθαδῶς
1064 1056 1128 1092 καὶ
1155 1053 1200 1092 οὐ
1227 1057 1292 1102 τῆς
1318 1057 1384 1101 σῆς
1410 1045 1632 1110 συμβουλῆς.

283 1107 387 1151 Quae
412 1106 453 1141 in
478 1106 612 1142 charta
636 1094 785 1152 penitus
813 1105 1034 1142 oblitterata
1059 1106 1146 1140 sunt
1169 1105 1300 1140 n6tare
1320 1102 1416 1139 nihil
1443 1103 1593 1149 attinet,
1614 1115 1731 1149 quan-

188 1154 391 1200 doquidem
418 1164 514 1199 quae
539 1153 652 1199 plane
679 1153 850 1199 dignosci
875 1154 1080 1207 potuerunt
1105 1155 1207 1198 (nam
1237 1152 1452 1198 frequenter
1477 1151 1590 1188 lectio
1616 1152 1730 1197 plane

187 1203 246 1238 est
268 1201 426 1246 incerta)
452 1200 530 1238 fere
556 1202 798 1237 consentiunt
824 1213 908 1237 cum
934 1200 1108 1237 Aristidis
1141 1200 1376 1237 lectionibus
1411 1220 1459 1225 —
1490 1200 1550 1235 Fr.
1578 1204 1623 1235 36
1649 1212 1682 1235 v.
1713 1205 1728 1234 1

187 1249 430 1286 manifestum
455 1249 632 1286 mendum
663 1251 1110 1296 (σ)υμμαρτυροιηντανα.
1146 1270 1189 1275 -
1225 1248 1268 1284 V.
1296 1252 1317 1284 3
1343 1261 1419 1293 της.
1447 1268 1491 1273 -
1517 1247 1562 1284 V.
1590 1251 1610 1284 7
1636 1261 1731 1293 πρα-

186 1324 342 1367 θενταρ.
372 1342 414 1347 -
442 1321 485 1359 V.
514 1325 535 1357 8
567 1335 654 1363 τους
680 1323 712 1357 ὃ.
748 1343 790 1347 -
823 1321 867 1357 V.
895 1325 915 1357 9
942 1332 1042 1368 χρεσ.
1077 1341 1119 1346 -·
1153 1320 1198 1356 V.
1228 1323 1269 1355 11
1298 1321 1389 1376 δουλ
1422 1340 1466 1345 --
1499 1340 1542 1345 -
1576 1332 1733 1365 εχοντας

187 1395 464 1440 ηθηδεσποτων
490 1407 672 1441 τρομευμ,
708 1395 750 1430 ut
783 1393 997 1429 emendatio
1029 1390 1111 1439 ἤθη
1143 1392 1218 1428 iam
1245 1370 1416 1428 stabilita
1441 1391 1500 1428 sit.
1535 1413 1577 1417 —
1612 1391 1656 1427 V.
1687 1395 1730 1427 13

187 1478 322 1511 κρατη,
348 1466 448 1510 quod
474 1466 581 1502 Blass
606 1467 816 1512 praeoptat.
844 1487 886 1491 —-
921 1465 964 1501 V.
994 1469 1047 1501 15.
1075 1467 1246 1511 διηλθον.
1274 1485 1318 1490 --
1354 1465 1396 1500 V.
1426 1468 1469 1499 16
1494 1459 1734 1510 Ιμονδομοιως

188 1513 213 1550 i.
240 1524 271 1550 e.
299 1511 478 1560 (θεσ)μὸν
506 1510 543 1549 δ’
572 1511 720 1561 ὁμοιᾞως
751 1536 790 1539 -
821 1514 864 1549 V
894 1518 937 1550 18
964 1525 1150 1558 οσωσεγω.
1185 1533 1227 1538 -
1259 1512 1300 1548 V.
1327 1516 1374 1548 20
1400 1524 1613 1548 ουκανκατε
1627 1539 1732 1550 .....

188 1587 382 1631 γάρηθελ.
397 1598 418 1619 ν
456 1585 480 1621 i.
513 1597 544 1624 e
578 1585 621 1621 fr.
658 1589 780 1631 37,1.
808 1606 853 1611 -
886 1585 944 1621 Fr.
977 1589 1041 1631 37,
1075 1589 1096 1620 2
1129 1597 1237 1621 απα.
1261 1585 1526 1620 δεναντιοισιν.
1559 1605 1604 1611 —-
1637 1583 1681 1621 V.
1708 1589 1730 1621 2

190 1657 385 1698 αυτιςδεν.
401 1670 461 1694 ιο.
476 1670 508 1692 ν.
538 1677 580 1682 -
609 1657 653 1692 V.
680 1661 703 1692 4
728 1658 928 1703 ανδρωνη.
946 1669 1027 1702 .χε,
1054 1656 1117 1692 hic
1138 1655 1278 1692 desinit
1276 1635 1584 1692 chariss'l'il'aec
1611 1655 1735 1692 novis-

189 1728 284 1764 sima
307 1728 348 1764 in
372 1729 472 1764 huuc
497 1728 650 1764 modum
675 1728 826 1764 refinxit
844 1727 968 1764 Blass:
995 1725 1090 1769 ἄτας
1115 1724 1156 1763 δ’
1180 1725 1411 1764 ἐναντίωσιν
1436 1723 1606 1787 ἥνδανεν
1631 1725 1731 1773 τότε,

192 1770 336 1860 αὖῖις
323 1772 359 1812 δ’
390 1773 485 1821 ἐνῆα
512 1773 731 1822 συνετάροις
757 1775 911 1823 δρᾶσαι,
938 1773 1002 1812 διὰ
1029 1776 1175 1812 πολλῶν
1201 1771 1250 1811 ἂν
1276 1773 1429 1822 ἀνδρῶν
1454 1771 1521 1822 ἥδ’
1544 1774 1734 1822 ἐχειρώθη

190 1836 240 1860 πο
265 1837 298 1865 ις

289 1919 343 1966 [Ρ.
371 1923 437 1956 117
466 1931 545 1966 sqq.
595 1918 779 1955 Adhibita
817 1920 873 1956 est
909 1918 1242 1957 collatio'codicis
1280 1920 1312 1955 A
1349 1920 1397 1956 ab
1422 1920 1465 1955 A.
1492 1919 1733 1966 Kliigmanno

192 1966 380 2004 confecta.
407 1967 454 2002 cf.
479 1968 608 2004 Jahrb.
636 1967 660 2002 f.
686 1967 822 2003 Philol.
852 1971 941 2003 1881
969 1981 1004 2014 p.
1032 1972 1112 2006 452.
1141 1968 1238 2014 672]

287 2061 327 2097 Ρ.
355 2066 442 2107 249,
469 2066 501 2099 6.
554 2063 674 2108 Saepe
711 2074 960 2109 praepropere
996 2063 1041 2099 de
1077 2063 1286 2110 originibus
1323 2063 1462 2099 artium
1500 2064 1736 2101 coniecturas

194 2108 349 2155 faciunt,
374 2110 479 2146 velut
503 2111 704 2156 posmuam
730 2109 884 2146 Carolus
906 2111 1115 2147 'Phiemann
1140 2111 1342 2157 diligenter
1361 2113 1400 2147 et
1420 2111 1584 2148 dilucide
1604 2111 1735 2148 Helio-

193 2157 275 2194 dori
318 2157 577 2194 colometriam
622 2158 937 2204 Aristophaneam
974 2158 1197 2203 illustravit,
1235 2158 1412 2195 continuo
1457 2159 1524 2196 alii
1562 2161 1736 2196 asserunt

194 2204 437 2242 Heliodorum
470 2205 633 2252 primum
657 2207 849 2242 auctorem
883 2203 1124 2248 ἐπεκθέσεως
1148 2209 1187 2243 et
1220 2206 1425 2248 εἰσθέσεως
1459 2207 1593 2251 fuisse3
1628 2208 1735 2253 atqui

195 2252 326 2288 multis
364 2252 558 2289 hominum
596 2253 755 2289 saeculis
789 2255 876 2290 ante
908 2254 1104 2291 Heliodori
1136 2256 1299 2291 aetatem
1334 2257 1414 2291 tam
1441 2255 1592 2291 Graecis
1618 2267 1733 2301 quam

194 2300 520 2385 ἓῗέαιὶίεὸξξοο
509 2313 550 2337 1n
568 2313 638 2338 usu
662 2301 778 2338 fuisse
803 2301 907 2338 tituli
927 2303 1142 2359 ostendunt,
1162 2302 1295 2340 velut
1284 2315 1324 2339 in
1342 2301 1471 2340 Attica
1489 2303 1732 2350 inscriptione

276 2361 294 2384 r

481 2421 628 2467 Μνῆμα
654 2419 900 2468 δικαιοσύνης
926 2421 990 2458 καὶ
1016 2420 1262 2480 σωφροσύνης
1287 2419 1426 2469 ἀρετῆς
1450 2435 1490 2459 τε

466 2519 469 2520 γ
529 2469 702 2505 Σωσίνου
730 2467 889 2516 ἔστησαν
915 2471 1051 2511 παῖδες
1076 2467 1350 2517 ἀποφθιμένου

196 2540 508 2595 deprehendimus
545 2541 735 2584 εἴσθεσιν,
769 2553 880 2586 quem
918 2542 1070 2578 titulum
1109 2554 1183 2578 non
1216 2553 1294 2578 esse
1333 2541 1522 2578 novicium
1558 2542 1735 2588 antiquae

196 2588 403 2635 scripturae
428 2588 608 2633 reliquiae
635 2589 833 2632 (ΣῼΣΙΝΟ
860 2591 900 2625 et
923 2591 1270 2635 ΑΙΙΟΦΘΙΜΕΝΟ)
1295 2591 1499 2626 testantur:
1526 2601 1647 2634 neque
1674 2603 1734 2626 ex-

195 2636 439 2672 istimandum
466 2638 524 2672 est
548 2635 794 2682 lapidariam,
826 2638 868 2672 ut
899 2637 1211 2683 aequabilitatem
1237 2638 1424 2683 quandam
1450 2640 1634 2682 servaret,
1661 2637 1733 2674 εἰσ-

196 2682 324 2720 θέσει
322 2683 559 2730 pentametri
584 2695 693 2719 usum
726 2695 824 2728 esse,
856 2697 943 2721 nam
976 2685 1069 2721 alias
1101 2685 1140 2721 in
1172 2684 1343 2721 distichis
1377 2685 1630 2721 describendis
1662 2686 1734 2722 hoc

196 2731 350 2768 minime
376 2733 518 2767 curant.
570 2731 664 2767 Item
691 2731 832 2768 latinae
858 2732 982 2778 poesis
1015 2733 1206 2779 elegiacae
1238 2734 1520 2770 monumentum
1547 2733 1732 2779 antiquis-

197 2778 348 2863 signum,
382 2779 565 2826 Scipionis
597 2779 755 2826 Hispani
786 2780 966 2826 elogium,
998 2781 1179 2827 scriptum
1218 2781 1333 2826 paulo
1365 2782 1453 2827 post
1487 2793 1625 2817 annum
1662 2785 1731 2817 615

198 2837 221 2861 a
271 2840 295 2863 u
332 2839 382 2864 c.:

484 2875 654 2921 Virtutes
680 2874 826 2920 generis
852 2875 959 2912 micis
985 2876 1150 2912 moribus
1175 2877 1421 2922 accumulavi,

532 2922 752 2968 Progeniem
779 2923 916 2970 igenui,
941 2923 1044 2960 facta
1068 2925 1187 2970 patris
1212 2924 1338 2971 petiei,
