1890 3216
793 163 1060 201 HIPPONAX.
1613 157 1703 201 495

156 281 286 322 altero
325 281 462 319 autem
500 279 697 319 vocabulo
736 278 814 329 leg.
848 290 939 318 cum
971 277 1022 317 Is.
1055 275 1199 315 Vossio
1238 268 1578 326 ἆνασυρτόλιν,
1610 283 1704 310 nam

102 340 113 341 ἶ
160 348 271 388 Eust.
305 345 376 387 Od.
414 347 546 396 1921,
580 346 655 395 65,
692 345 762 384 ubi
802 345 850 383 de
888 342 1146 382 meretricum
1179 341 1408 380 nominibus
1442 338 1547 388 agit,
1586 337 1705 376 affert

157 408 489 464 ἆνασεισίφαλλος
515 440 524 450 .
545 442 553 451 .
575 443 583 451 .
610 408 677 450 καὶ
707 405 978 463 ἆνασύρτολις.
1032 407 1108 446 Sed
1141 420 1237 445 num
1270 406 1370 444 illud
1403 415 1560 455 quoque
1592 397 1704 442 ἆνα-

157 478 470 529 σεισίφαλλος
496 477 762 528 Hipponactis
795 476 867 526 sit,
899 473 1083 524 dubium,
1115 485 1207 511 nam
1239 473 1364 521 1413,
1391 472 1446 510 38
1480 483 1528 509 ex
1553 482 1706 509 comoe-

159 544 227 584 dia
256 544 387 583 affert.

811 628 907 670 112.
941 627 1049 680 [93]

276 717 470 768 Hesych.:
497 710 643 767 Ἐμβοὶ
652 730 706 766 φι
716 723 786 754 ον·
820 709 1046 766 ὀξύβαφον
1078 708 1186 766 παρὰ
1206 707 1456 752 Ἱππώνακτι.
1499 711 1637 750 Bruno
1663 712 1705 750 et

161 783 328 824 Foesius
353 777 614 835 Ἱπποκράτει.

786 885 870 928 113
887 884 939 928 A.
973 885 1080 939 [94.]

280 976 470 1028 Hesych.:
498 969 699 1027 Ἐμπεδὴς
729 968 904 1026 γάμορος
930 966 1090 1023 μάρψεν
1117 967 1269 1023 Ἀΐδης·
1298 968 1479 1023 ’Ἐμπεδ
1487 986 1541 1011 ον
1572 969 1706 1024 ἔλεγον

159 1038 230 1084 τὸν
247 1039 413 1094 1Ἅιδην,
453 1037 506 1089 ὡς
531 1036 749 1087 Ἱππῶναξ
790 1034 927 1078 ἀντίον
957 1038 1026 1076 τοῦ
1061 1029 1137 1076 οὗν
1167 1035 1340 1089 ἐμπέδου
1372 1033 1548 1088 χθόνιος.
1593 1035 1634 1075 οἵ
1663 1032 1706 1074 δὲ

161 1105 303 1157 οὕτως·
344 1103 365 1148 ὃ
393 1104 530 1159 Ἀΐδης
568 1101 751 1158 ἐπιμελής
789 1103 868 1144 ἐστι
905 1100 1079 1158 γάμορος
1109 1100 1175 1142 καὶ
1207 1098 1408 1154 ἀσφαλής,
1447 1098 1520 1141 οὐκ
1551 1096 1706 1153 ἀμελῶν

159 1170 343 1225 οὐδενός,
386 1169 472 1213 ἄλλ’
515 1172 569 1220 εἰς
606 1167 678 1224 τὴν
715 1172 795 1224 γῆν
831 1165 1049 1222 λαμβάνων
1086 1164 1159 1221 τὴν
1197 1168 1354 1221 μερίδα,
1397 1163 1484 1207 οἷον
1520 1162 1592 1218 τὴν
1629 1169 1706 1220 γῆν

160 1237 421 1294 μεριζόμενος.
467 1239 701 1278 Versiculus
733 1237 802 1276 ille
828 1231 1067 1289 Ἐμπεδὴς
1091 1231 1300 1288 γάμορος
1330 1230 1520 1287 μοὶρψεν
1547 1230 1707 1285 Ἀΐδης

161 1307 354 1359 Aeschyli
384 1307 537 1358 potius,
570 1317 691 1356 quam
722 1302 987 1355 Hipponactis
1020 1303 1098 1341 est:
1131 1301 1412 1352 iambographi
1444 1313 1603 1349 versus,
1636 1300 1707 1339 ubi
1721 1306 1788 1339 781

162 1373 289 1414 Orcus
305 1370 506 1425 ’Ἑμπεδος
531 1371 744 1420 vocitatus,
770 1369 992 1420 intercidit3
1019 1381 1121 1420 quae
1147 1369 1243 1419 post
1268 1367 1534 1418 Hipponactis
1560 1380 1707 1406 nomen

160 1441 371 1491 leguntur,
417 1437 609 1488 Hesychii
647 1449 734 1476 esse
773 1436 967 1486 arbitror,
1009 1435 1102 1474 fort.
1144 1434 1262 1473 scrib.
1299 1429 1387 1473 ἀντὶ
1426 1435 1496 1473 τοῦ
1537 1432 1706 1486 χθονίου

163 1505 342 1559 ἔμπεδος.
393 1504 574 1544 Schmidt
606 1503 724 1555 coni32
757 1497 844 1542 ἀντὶ
876 1494 950 1546 οὖν
980 1502 1050 1542 τοῦ
1083 1497 1256 1552 ἐμπέδου
1287 1495 1453 1551 χθόνιος
1485 1497 1549 1538 καὶ
1575 1494 1705 1549 ἀσφα-

161 1568 247 1624 λής·
292 1570 334 1611 οἷ
370 1567 413 1609 δὲ
452 1565 593 1617 οὕτως·
641 1564 662 1609 ὁ
691 1560 835 1620 ’Ἅιδης
872 1562 1056 1620 ἐπιμελής
1092 1564 1170 1605 ἐστι
1206 1562 1398 1618 γάμορος,
1436 1560 1509 1604 οὐκ
1549 1560 1706 1616 ἀμελῶν

162 1631 339 1684 οὐδενός.
401 1635 529 1674 Brink
573 1635 671 1674 haec
715 1635 908 1684 tanquam
950 1633 1230 1684 Hipponactea
1272 1631 1503 1683 proposuit:
1548 1626 1617 1670 τὸν
1662 1626 1702 1668 δ’

162 1698 333 1755 ἐμπεδής
353 1716 403 1743 ,τε
433 1699 500 1741 καὶ
531 1697 723 1755 γεαμόρος
755 1696 904 1753 μάρψει
932 1695 938 1752 Ι
966 1700 1060 1741 Νῦν
1086 1694 1232 1750 Ἀΐδης.

860 1806 943 1848 113
963 1805 1013 1849 Β.

285 1894 500 1935 Suetonius
533 1894 665 1933 Miller
690 1894 802 1934 Misc.
828 1894 933 1933 426:
965 1886 1059 1943 παρ’
1083 1885 1322 1930 Ἱππώνακτι
1354 1886 1397 1928 δὲ
1422 1886 1488 1928 καὶ
1515 1883 1706 1928 ἕπτοὲδου-

162 1965 229 2011 λος
269 1957 366 2014 (vid.
396 1962 444 2000 fr.
474 1960 548 2011 75)
587 1957 654 1999 καὶ
692 1955 1001 2011 ἒπτᾶβουλος.
1057 1957 1224 1996 Dubner
1261 1956 1554 2006 interpretatur
1592 1952 1707 1993 ἕπτα-

137 2025 360 2080 ’ἅβουλον,
391 2040 622 2077 perperam,
654 2038 783 2076 neque
815 2025 990 2064 debebat
1021 2023 1072 2063 ad
1103 2024 1209 2062 hunc
1240 2022 1403 2060 modum
1428 2021 1707 2071 redintegrare

164 2094 211 2132 fr.
245 2095 299 2133 57
341 2087 453 2143 ἀφέω
490 2093 631 2132 τοῦτον
661 2086 730 2131 τὸν
769 2088 1013 2130 ἒπτάδουλον
1051 2083 1298 2142 ἓπτᾶβουλόν
1336 2101 1395 2138 τε,
1435 2099 1564 2136 neque
1602 2086 1708 2125 enim

164 2158 341 2198 trimetri
366 2171 456 2197 cum
483 2156 624 2196 claudo
650 2170 772 2196 versu
790 2156 898 2207 apud
917 2156 1210 2206 Hipponactem
1239 2154 1491 2204 copulantur.
1524 2152 1708 2191 Meineke

166 2219 235 2278 (σύ
255 2219 316 2278 δ’)
349 2218 591 2271 ἕπτοὲδουλος
615 2220 682 2262 καὶ
709 2218 950 2275 ἕπταβουλος
979 2217 1057 2276 (ὢν
1082 2215 1231 2273 ληρεῖς)
1259 2220 1436 2270 scripsit,
1470 2218 1576 2269 quod
1607 2219 1707 2258 satis

165 2289 377 2340 redarguit
421 2289 467 2330 fr⁸
505 2290 572 2328 75.
635 2288 887 2328 Vocabulum
930 2288 1142 2327 manifesto
1188 2287 1287 2327 vitio
1331 2286 1508 2334 laborat,
1559 2284 1708 2324 conieci
1770 2301 1774 2305 ²

165 2348 570 2408 ἓπταβού(πα)λος
606 2354 630 2393 i.
664 2367 696 2395 e.
729 2355 842 2394 cuius
874 2353 1046 2394 maiores
1079 2365 1215 2392 omnes
1248 2351 1396 2402 Bupali
1435 2350 1586 2389 similes
1623 2350 1709 2388 fue-

97 2451 101 2456 .
166 2424 282 2473 runt,
314 2434 360 2460 ac
391 2421 522 2481 possis
552 2420 614 2459 uti
644 2420 719 2460 hoc
751 2421 946 2460 vocabulo
976 2419 1028 2458 ad
1052 2419 1100 2458 fr.
1125 2420 1178 2458 75
1211 2416 1578 2468 redintegrandum.
1630 2415 1708 2454 Sed

166 2488 296 2540 possis
323 2487 446 2526 etiam
472 2481 778 2541 ἓπτα(παλίμ)
787 2487 813 2539 β
821 2489 927 2534 ολος
952 2485 1164 2535 coniicere,
1196 2483 1531 2534 quemadmodum
1555 2482 1709 2522 Aristo-

167 2555 319 2605 phanes
351 2552 596 2605 παλίμβολον
625 2552 835 2605 τρίπρατον
865 2552 984 2603 dixit,
1019 2552 1237 2601 Sophocles
1264 2549 1490 2602 τρίδουλον,
1523 2550 1564 2587 et
1594 2547 1708 2587 vicis-

168 2620 243 2659 sim
275 2619 324 2658 de
357 2631 554 2670 generosa
586 2619 711 2669 stirpe
737 2616 780 2657 ἐκ
798 2617 995 2670 τριγονίας
1020 2618 1086 2656 vel
1110 2612 1292 2669 γενναΐός
1316 2630 1373 2662 τις
1399 2609 1493 2653 ἓπτᾶ
1519 2609 1710 2661 πάππους

169 2685 385 2742 πλουσίους
416 2682 516 2737 ἔχων
547 2678 756 2739 ἀποφῆναι
787 2679 886 2736 (vid.
912 2684 1029 2723 Plato
1056 2682 1221 2722 Theaet.
1251 2675 1367 2734 179).

821 2787 915 2829 114.
949 2787 1056 2840 [72]

296 2875 406 2915 Suid.
438 2890 476 2916 v.
506 2871 649 2928 ’Ἀρρεν
682 2906 690 2914 .
724 2906 731 2912 .
765 2905 774 2913 .
800 2869 1000 2920 Ἱππῶναξ
1032 2868 1076 2910 δὲ
1106 2866 1373 2923 ἡμίανδρον
1402 2866 1471 2910 τὸν
1502 2865 1589 2910 οἷον
1618 2864 1709 2922 ἡμι-

170 2955 352 2995 γυναικα.
