1890 3216
692 166 1217 205 PSEUDOPHOCYLIDEA.
1670 170 1727 211 95

274 274 449 331 λείψαν’
482 274 814 334 ἀποιχομένων·
849 274 990 322 ὀπίσω
1023 276 1071 321 δὲ
1104 277 1206 322 θεοὶ
1239 277 1512 322 τελέθονται.

181 362 248 395 105
274 348 413 407 ψυχαὶ
444 347 531 407 γὰρ
564 352 809 406 μίμνουσιν
842 347 1021 408 ἀκήριοι
1054 351 1103 394 ἐν
1133 350 1439 407 φθιμένοισιν.
1657 364 1726 395 466

275 423 452 479 πνεῦμα
484 420 571 479 γάρ
605 422 695 465 ἐστι
727 424 842 466 θεοῦ
875 424 1031 480 χρῆσις
1062 428 1273 479 θνητοῖσι
1306 422 1380 466 καὶ
1413 421 1564 467 εἰκών·
1660 437 1728 468 100

274 495 421 552 [σῶμα
453 492 535 551 μὲν
569 494 615 538 ἐκ
647 497 795 551 γαίης·
826 493 900 538 καὶ
934 493 1025 539 ἐπεὶ
1060 493 1236 553 δαμάσῃ
1271 492 1412 553 πυρὸς
1444 492 1584 552 αὐγή,

274 613 319 650 V.
340 617 420 671 ¹⁰4;
448 611 509 658 δὲ,
536 626 574 649 τε
602 614 640 648 Μ
668 625 691 649 a
715 626 764 650 m.
785 626 826 659 s.,
852 625 923 650 om.
945 614 1008 660 Mp
1011 627 1037 649 r.
1061 613 1198 650 VessH.
1238 614 1392 650 Meliore
1419 626 1546 650 versus
1571 626 1726 651 numero

180 660 374 708 scripseris
399 658 517 697 ὀπίσω
551 660 601 697 δέ
633 674 677 697 τε
704 661 794 697 θεοὶ
819 665 891 697 τελ.
922 683 963 688 -
985 626 1249 698 pHemistichio
1276 663 1348 698 hoc
1374 663 1539 708 graviter
1564 663 1727 699 offensus

178 710 346 756 Bernays
372 709 611 746 scribendum
638 709 756 745 edixit
787 706 906 745 ὀπίσω
938 723 983 746 τε
1010 708 1110 746 νέοι
1135 709 1376 755 τελέθονται,
1409 711 1509 756 quod
1543 711 1574 747 si
1600 710 1725 748 dicere

178 757 363 795 voluisset
394 760 525 804 poeta,
564 760 665 794 certe
701 751 835 802 αὖθις,
874 769 947 794 non
980 754 1099 794 ὀπίσω
1133 758 1339 816 scripturus
1372 760 1469 794 erat:
1510 759 1574 795 scd
1609 759 1726 795 multo

180 806 362 863 deterius,
400 806 503 852 quod
530 805 669 842 Goram
701 807 934 842 commentus
967 808 1040 842 est:
1081 801 1234 853 λείψαν’
1269 802 1534 853 ἀποιχομένων
1567 803 1728 852 ὀπίσω,

179 851 231 890 τὰ
264 854 383 891 θεοῦ
415 852 672 890 τελέθοντα
704 853 765 889 vel
798 851 917 890 ὀπίσω
951 852 994 890 δὲ
1030 855 1129 889 θεοῦ
1162 852 1379 890 τελέθοντα.
1431 855 1597 900 Bernays
1637 854 1729 890 dicit

114 916 118 918 ·
181 901 279 939 hanc
305 902 539 938 mortuorum
566 901 760 938 hominum
787 912 872 937 cum
898 900 971 937 diis
997 901 1277 938 contentionem
1302 913 1377 937 non
1402 902 1523 938 solum
1551 902 1727 939 Christia-

180 961 314 987 norum
340 951 380 986 et
404 950 629 986 Iudaeorum
655 948 807 995 placitis
834 949 1043 995 adversari,
1070 949 1136 986 sed
1161 950 1276 986 etiam
1296 961 1319 984 a
1339 950 1567 987 Graecorum
1587 951 1729 996 pariter

181 1000 295 1044 atque
315 998 568 1034 Romanorum
594 997 761 1034 moribus
787 997 999 1034 abhorrere.
1045 997 1200 1034 Scilicet
1223 1009 1299 1033 non
1324 1008 1467 1033 memor
1491 999 1574 1034 erat
1592 998 1727 1044 Empe-

181 1045 305 1083 doclei
330 1057 475 1082 versus:
509 1041 605 1091 Ἐγὼ
634 1041 671 1081 δ’
699 1058 817 1091 υμμιν
842 1042 938 1087 θεὸς
963 1042 1167 1101 ἄμβροτος,
1201 1042 1329 1082 οὐκέτι
1354 1043 1497 1091 θνητὸς
1523 1047 1730 1092 Πωλεῦμαι

181 1091 275 1141 μετὰ
301 1094 395 1130 πᾶσι
421 1092 629 1139 τετιμένος,
666 1104 802 1151 quem
811 1104 961 1129 versum
986 1094 1158 1130 imitatur
1184 1093 1444 1151 Pythagoreus
1471 1093 1729 1154 philosophus,

181 1142 248 1187 qui
273 1139 319 1178 τὰ
347 1142 466 1188 χρυσᾶ
495 1140 566 1199 ἔπη
594 1141 760 1188 scripsit:
787 1137 835 1199 ἢν
862 1138 900 1177 δ’
928 1138 1142 1200 οἶπολείψας
1168 1138 1263 1188 σῶμ’
1286 1141 1341 1183 εἰς
1354 1138 1498 1198 αἰθέρ’
1522 1139 1729 1188 ἐλεύθερον

184 1189 316 1238 ἔλθῃς,
351 1189 480 1226 ἔσσεαι
505 1186 704 1231 αθάνατος
728 1187 824 1231 θεὸς
848 1186 1054 1238 ἄμβροτος,
1088 1187 1218 1226 οὐκέτι
1241 1186 1394 1235 θνητός.
1447 1189 1575 1226 Cicero
1601 1193 1728 1227 autem

181 1237 513 1281 Tusc.Quaest.1
539 1242 597 1283 26,
624 1242 686 1273 65:
731 1238 860 1305 »Ει-ρο
886 1239 1050 1282 animus,
1075 1243 1118 1274 ut
1142 1249 1204 1284 690
1230 1239 1329 1282 dico,
1354 1238 1523 1282 divinus,
1549 1242 1591 1274 ut
1616 1239 1728 1274 Euri-

178 1288 286 1333 pides
311 1287 429 1322 dicere
453 1287 565 1322 audet
589 1287 677 1322 deus
702 1289 789 1323 estf‘
815 1287 854 1322 et
879 1290 936 1331 33,
959 1290 1022 1323 76.
1048 1289 1217 1330 „tantum
1243 1289 1364 1322 autem
1389 1287 1498 1329 abest,
1524 1289 1566 1322 ut
1591 1288 1729 1323 malum

181 1345 277 1371 mors
301 1335 351 1371 sit
377 1364 385 1372 .
413 1363 420 1370 .
450 1363 458 1370 .
484 1334 518 1370 si
550 1334 694 1380 quidem
724 1334 779 1370 vel
809 1335 866 1370 dii
900 1335 975 1379 ipsi
1005 1335 1060 1370 vel
1091 1346 1171 1370 cum
1204 1335 1278 1370 diis
1309 1334 1434 1379 futuri
1457 1338 1619 1371 sumus.“
1670 1335 1729 1370 lta

182 1382 299 1419 etiam
322 1382 386 1419 hic
411 1383 569 1418 Iudaeus
595 1382 725 1426 homo,
764 1382 829 1428 qui
855 1393 930 1418 non
956 1382 1160 1428 gentilibus
1190 1382 1282 1425 suis,
1317 1382 1381 1418 sed
1408 1381 1560 1418 Graecis
1592 1393 1730 1429 poema

181 1442 290 1466 suum
328 1430 552 1474 destinavit,
592 1429 820 1466 Graecorum
858 1429 1167 1476 philosophorum
1204 1429 1348 1476 placita
1385 1431 1576 1476 sequitur,
1614 1430 1728 1475 idque

182 1479 318 1515 callide
361 1478 545 1523 instituit,
590 1476 769 1523 quoniam
812 1477 1060 1524 praevidebat
1098 1489 1235 1514 novam
1274 1479 1370 1514 hanc
1409 1478 1455 1514 de
1493 1480 1726 1514 mortuorum

181 1526 421 1563 restitutione
460 1525 688 1570 doctrinam,
726 1536 837 1571 quam
870 1526 982 1562 modo
1015 1526 1204 1572 professus
1237 1527 1334 1569 erat,
1367 1525 1496 1561 multis
1530 1526 1727 1562 offensioni

183 1574 275 1611 fore.
318 1573 495 1610 Ceterum
520 1573 645 1609 media
670 1574 790 1610 forma
815 1572 1055 1619 τελέθονται,
1083 1585 1310 1620 quamquam
1330 1573 1435 1610 facili
1454 1574 1608 1619 negotio
1628 1573 1727 1610 τελέ-

182 1624 299 1658 θουσι
325 1621 503 1658 substitui
527 1623 694 1668 poterat,
729 1621 869 1668 legitur
894 1622 1010 1658 etiam
1034 1622 1074 1657 in
1101 1621 1230 1668 Sibyll.
1259 1622 1319 1658 Or
1346 1622 1400 1657 III
1426 1625 1496 1657 264
1522 1620 1726 1658 τελέθοντό

182 1683 221 1706 τε
255 1668 373 1717 μέτρα
404 1672 530 1706 θεοῖο.
582 1668 655 1705 Sed
688 1669 734 1705 de
772 1669 952 1716 proximis
984 1670 1153 1706 versibus
1187 1673 1363 1706 107.108
1391 1681 1540 1724 anceps
1572 1670 1727 1706 haereo.

182 1729 271 1755 nam
295 1729 429 1764 parum
455 1718 545 1763 apte
570 1717 611 1753 hi
637 1717 709 1753 duo
735 1729 865 1754 versus
892 1718 1078 1764 prioribus
1097 1717 1362 1763 subiiciuntur,
1389 1717 1561 1777 inprimis
1587 1717 1728 1754 incom

182 1765 296 1802 moda
326 1768 385 1802 est
414 1765 603 1812 particula
633 1763 723 1811 γάρ,
762 1777 831 1801 nec
862 1766 1023 1802 multum
1058 1766 1276 1812 profeceris,
1312 1765 1345 1801 si
1375 1778 1445 1819 μεν
1478 1765 1728 1811 substitueris,

182 1813 285 1860 quod
308 1825 406 1849 nunc
432 1813 665 1859 praeoptavi.
706 1812 777 1856 Qui
797 1814 866 1850 hos
886 1826 1014 1850 versus
1035 1814 1262 1869 composuit,
1289 1812 1458 1859 seqnitur
1483 1815 1726 1859 pervagatam

183 1861 410 1898 Graecorum
437 1861 667 1907 opinionem:
701 1873 851 1908 corpus,
879 1874 963 1898 cum
989 1862 1082 1898 cinis
1107 1863 1191 1906 fiat,
1224 1862 1273 1898 ad
1298 1863 1356 1897 tei
1357 1873 1456 1906 ram
1488 1862 1654 1897 animum
1680 1861 1728 1896 ad

184 1910 394 1955 aetherem,
426 1910 526 1945 unde
557 1910 747 1955 proiectus
779 1910 844 1954 sit,
876 1910 1015 1946 redire.
1055 1910 1087 1946 ei
1122 1910 1256 1956 igitur,
1288 1909 1354 1955 qui
1378 1910 1475 1946 hanc
1501 1909 1726 1946 sententiam

183 1957 398 2004 profitetur,
439 1957 550 1994 inferi
587 1958 682 1993 nulli
720 1958 812 2003 sint,
850 1969 1002 1994 necesse
1036 1960 1102 1994 est.
1154 1960 1205 1994 At
1239 1939 1348 1993 liuius
1379 1957 1565 2003 poematis
1597 1960 1727 1994 auctor
1769 1980 1777 1986 ,

182 2005 386 2042 inferorum
411 2016 545 2051 regna,
578 2005 642 2041 ubi
667 2007 899 2042 mortuorum
924 2005 1094 2043 homines
1122 2005 1278 2052 degant,
1311 2005 1401 2041 satis
1426 2005 1588 2041 dilucide
1615 2005 1727 2051 signi-

182 2054 272 2090 ficat
296 2066 330 2090 v.
360 2057 426 2089 105
454 2055 493 2090 et
520 2058 585 2089 111
607 2064 701 2099 seq.:
741 2054 858 2100 igitur
895 2055 1089 2090 hominum
1126 2055 1274 2090 animae
1312 2054 1399 2099 post
1432 2055 1591 2089 mortem
1624 2053 1726 2098 apud

182 2101 323 2138 inferos
349 2103 486 2148 agunt,
512 2102 630 2138 donec
654 2102 839 2138 restitutis
865 2102 1084 2148 corporibus
1109 2102 1306 2138 laetiorem
1333 2103 1372 2137 et
1396 2101 1563 2137 divinam
1589 2105 1725 2137 sortem

184 2148 468 2186 nanciscuntur.
507 2161 594 2186 nam
620 2149 770 2186 silentio
795 2150 1066 2196 piaetermisit‚
1098 2150 1199 2195 quod
1225 2161 1313 2186 sane
1339 2148 1501 2194 mireris,
1534 2149 1677 2184 animas
1704 2161 1727 2184 a

185 2197 256 2234 deo
294 2197 362 2233 sub
400 2197 581 2233 iudicium
619 2198 756 2235 vocari.
807 2198 911 2234 Haec
947 2198 1064 2253 igitur
1097 2210 1181 2234 eum
1213 2198 1373 2234 adversa
1403 2197 1525 2233 fronte
1557 2196 1655 2232 inter
1687 2208 1738 2232 sev

183 2246 370 2292 pugnent,
400 2245 511 2281 credo
537 2245 604 2282 hos
630 2246 723 2282 duos
748 2257 878 2283 versus
904 2246 951 2282 ab
978 2245 1103 2282 aliena
1128 2258 1241 2281 manu
1265 2246 1425 2281 insertos
1452 2257 1542 2280 esse.
1594 2244 1725 2290 Itaque

184 2304 260 2329 non
298 2292 471 2329 dubitavi
506 2295 687 2339 tanquam
719 2293 902 2330 insiticios
935 2293 1112 2330 cancellis
1144 2293 1457 2330 circumscribere.
1491 2314 1534 2318 —
1574 2293 1616 2329 V.
1648 2296 1725 2328 107.

185 2341 292 2387 σῶμα
324 2354 394 2387 μεν
434 2338 477 2378 ἐκ
508 2343 634 2387 γαίης·
673 2342 823 2388 scripsi,
862 2343 1059 2388 legebatur
1094 2342 1201 2388 σῶμα
1233 2338 1271 2377 δ’
1307 2338 1370 2386 αρ’
1406 2338 1448 2376 ἐκ
1481 2355 1512 2386 γ.
1548 2339 1724 2386 ἔχομεν.

186 2389 352 2425 Verbum
383 2389 656 2435 interpretandi
689 2390 831 2449 gratia
846 2402 958 2436 supra
996 2390 1226 2435 adscriptum
1264 2401 1302 2432 se
1340 2388 1562 2432 insinuavit,
1599 2399 1726 2433 queni-

139 2448 143 2453 ·
186 2437 388 2473 admodum
415 2435 516 2483 ἐχειν
541 2450 576 2474 v.
604 2442 684 2475 110.
711 2459 756 2464 -
792 2436 861 2484 μὲν
889 2439 930 2483 Β,
956 2437 1028 2484 γὰρ
1055 2437 1346 2482 MVaV124PH‚
1372 2433 1407 2471 δ’
1437 2433 1499 2482 ἄρ’
1528 2436 1652 2482 vulgo.
1680 2456 1723 2461 -—

187 2517 230 2557 ἐκ
256 2531 328 2556 om.
347 2521 448 2578 Mpr.
476 2542 519 2547 —
547 2521 611 2556 καὶ
638 2518 722 2557 ἐπεὶ
748 2518 899 2568 ὃαμοῖσῃ
925 2518 1044 2567 πυρὸς
1069 2516 1168 2566 αὐγή
1195 2520 1338 2566 scripsi,
1364 2520 1418 2555 Vl
1447 2532 1609 2554 καπειτα
1635 2485 1724 2556 ἓ..

185 2565 280 2614 πρὸς
312 2562 362 2604 αὖ
394 2569 484 2629 γῆν,
523 2569 560 2603 Μ
587 2566 751 2627 κᾷπειτα
784 2569 861 2614 (hic
886 2573 908 2604 4
934 2569 995 2605 vel
1021 2573 1042 2604 5
1068 2568 1200 2605 literae
1227 2573 1368 2626 erasae)
1400 2565 1493 2612 πρὸς
1525 2564 1660 2612 αὐτὴν,
1697 2567 1724 2601 Β

186 2615 350 2652 κᾶπειτα
376 2615 418 2653 δε
445 2616 508 2652 καὶ
513 2614 655 2674 πυρὸς
670 2614 821 2675 αὐγὴν,
847 2617 971 2652 PV2H
997 2617 1062 2652 καὶ
1085 2629 1223 2657 παντες
1243 2613 1337 2673 πρὸς
1354 2613 1491 2672 αὐτήν,
1517 2614 1721 2650 '1V4VaA1

187 2663 253 2700 καὶ
291 2661 417 2700 πάντα
455 2662 548 2711 πρὸς
585 2661 722 2711 αὐτήν,
761 2666 875 2719 vulgo
913 2664 978 2700 καὶ
1015 2677 1156 2705 παντες
1198 2661 1236 2705 ἐς
1268 2660 1398 2709 αὐτήν.
1449 2664 1618 2708 Apparet
1649 2664 1724 2697 tres

186 2713 303 2748 libros
327 2711 457 2748 ViMB
484 2713 724 2749 correctionis
750 2713 827 2749 fere
852 2712 1035 2748 immunes
1061 2724 1161 2758 esse,
1195 2723 1282 2747 nam
1308 2722 1545 2746 numerorum
1572 2712 1610 2744 et
1641 2720 1723 2744 sen-

187 2771 312 2796 sorum
338 2759 480 2806 pariter
504 2760 683 2796 incuriosi
709 2761 903 2806 antiquam
929 2760 1129 2806 paradosin
1154 2761 1334 2805 quantum
1362 2757 1469 2793 licuit
1499 2759 1722 2803 propagant,

188 2808 303 2844 ceteri
327 2808 591 2854 interpolando
616 2820 744 2845 versus
770 2809 848 2867 ligi
874 2810 911 2844 et
930 2809 1064 2853 poetae
1090 2807 1265 2842 instituto
1292 2805 1505 2841 satisfacere
1532 2807 1722 2840 conantur.

189 2856 392 2902 Apparet
382 2869 420 2891 in
447 2856 650 2903 archetypo
675 2858 762 2903 post
787 2854 949 2891 κᾶπειτα
981 2855 1132 2891 verbum
1167 2854 1425 2889 oblitteratum
1458 2851 1589 2897 fuisse,
1622 2853 1724 2909 equi-

190 2903 276 2939 dem
307 2903 537 2940 confidenter
568 2902 724 2964 δαμάσῃ
751 2904 882 2950 scripsi
914 2904 1066 2939 auctore
1098 2902 1258 2937 Homero
1292 2901 1358 2936 Od.
1392 2903 1423 2936 A
1449 2904 1518 2935 220
1550 2881 1642 2936 ἀλλὰ
1675 2898 1722 2935 τὰ

190 2949 259 2998 μέν
280 2964 318 2988 τε
340 2948 459 2998 πυρὸς
473 2965 656 2999 κρατερον
677 2965 790 2999 μενος
804 2950 1030 2998 αἰθομένοιο
1051 2950 1176 3000 δαμνᾷ
1201 2946 1289 2985 ἐπεί
1304 2962 1345 2985 κε
1361 2949 1490 2994 πρῶτα
1509 2949 1595 2996 λίπῃ
1615 2944 1722 2985 λεύκ’
