1890 3216
811 185 1102 223 SOPHOCLES.
1634 188 1719 229 247

177 300 390 342 Demosth.
416 314 448 340 c.
476 302 551 349 27,
584 313 630 340 ex
664 314 742 352 quo
775 300 862 340 loco
894 312 1148 351 nequaquam
1174 301 1358 341 conficias
1392 301 1433 341 in
1464 302 1720 353 antiquorum

174 368 391 419 poetarum
421 380 634 407 numerum
666 366 923 407 referendum
954 378 1042 406 esse
1073 366 1302 406 Isodomum
1313 363 1367 418 *).

297 432 414 472 Hunc
435 433 643 484 Sophoclis
664 434 866 473 Paeanem
897 432 937 471 in
957 431 1238 481 Aesculapium
1268 444 1349 471 non
1382 433 1512 472 solum
1532 432 1721 473 Philostr.

176 500 247 541 vit.
272 500 459 552 Apollon.
484 499 643 539 11117:
677 499 719 539 οἵ
747 497 790 539 δὲ
820 492 923 554 ᾖδον
955 493 1084 554 ᾠδήν,
1116 492 1256 546 ὁποῖος
1288 493 1309 538 ὁ
1342 494 1468 539 παιὰν
1499 494 1520 539 ὁ
1546 501 1617 539 τοῦ
1642 501 1721 540 Σο-

176 563 385 617 φοκλέους,
415 561 465 606 ὃν
490 561 688 618 Ἀθήνησι
719 567 771 621 τῷ
797 561 1020 622 Ἀσκληπιῷ
1050 561 1220 621 ᾅδουσιν
1258 566 1454 604 memorat
1491 561 1558 618 (cf.
1598 566 1720 606 etiam

176 631 284 672 Suid.
305 646 343 672 v.
362 633 595 683 Σοφοκλῆς;
627 629 694 671 καὶ
714 629 889 684 ἔγραψεν
920 628 1091 684 ἐλεγείαν
1121 644 1159 670 τε
1185 628 1251 670 καὶ
1276 633 1488 680 παιᾶνας
1512 630 1578 671 καὶ
1603 627 1723 685 λόγον

175 694 451 752 καταλογάδην
482 696 571 749 περὶ
600 699 672 738 τοῦ
704 692 867 751 χοροῦ),
900 696 969 736 sed
1001 696 1171 736 eundem
1208 696 1373 747 respicit
1404 698 1526 736 etiam
1558 697 1721 738 Lucian.

175 763 338 805 Encom.
372 764 580 804 Demosth.
613 776 644 804 c.
674 766 748 803 27:
787 758 882 803 οὐδὲ
913 758 988 816 γὰρ
1020 758 1241 819 Ἀσκληπιῷ
1274 758 1387 814 μεῖόν
1417 779 1452 802 τι
1478 763 1624 816 γίνεται
1653 764 1722 814 τῆς

174 833 306 884 τιμῆς,
338 831 374 871 εἰ
403 826 457 883 μὴ
490 833 569 871 τῶν
599 826 849 883 προσιόντων
879 825 1012 869 αὐτῶν
1036 824 1290 880 ποιησάντων
1314 825 1480 885 ᾅσματα,
1511 826 1557 869 τὰ
1572 825 1721 871 Ἀλισο-

175 893 307 950 δήμου
338 898 408 938 τοῢ
437 896 673 949 Τροιζηνίου
704 893 771 935 καὶ
795 892 1055 946 Σοφοκλέους
1085 890 1231 949 ᾄδεται.
1281 895 1350 945 qui
1375 896 1486 935 locus
1511 895 1614 936 mire
1639 908 1720 935 cor-

175 965 319 1014 ruptus
358 958 456 1017 (vid.
488 975 571 1002 var.
611 962 699 1001 lect.
734 973 795 1011 ap.
834 955 1115 1012 Iacobitzium)
1154 961 1211 1000 sic
1247 961 1408 1000 videtur
1440 962 1720 1014 corrigendus:

173 1028 210 1069 εἰ
238 1024 291 1081 μὴ
323 1023 571 1081 προσιόντων
600 1029 680 1067 τῶν
711 1026 766 1075 εἰς
798 1019 922 1066 αὐτὸν
952 1021 1206 1077 ποιησάντων
1237 1028 1409 1078 παιᾶνα,
1440 1022 1486 1066 τὰ
1508 1023 1719 1080 Ἰσοδήμου

173 1096 244 1135 τοῦ
279 1092 514 1146 Τροιζηνίου
544 1091 612 1132 καὶ
642 1089 903 1144 Σοφοκλέους
934 1084 1084 1147 ᾄδεται,
1115 1092 1181 1132 vel
1207 1092 1332 1132 etiam
1357 1086 1512 1148 ᾄσματα
1537 1088 1583 1132 τὰ
1604 1089 1720 1136 Ἰσοδ.

174 1161 281 1200 Nam
306 1160 382 1200 hoc
407 1159 504 1199 dicit
522 1159 747 1199 Lucianus:
778 1170 859 1198 non
879 1157 1075 1196 minuitur
1101 1158 1334 1210 Aesculapii
1358 1159 1486 1199 honor
1507 1159 1541 1199 si
1561 1160 1719 1210 quando

173 1226 321 1266 desunt
351 1227 507 1277 poetae,
541 1225 609 1276 qui
639 1237 766 1265 novos
797 1236 971 1275 paeanes
997 1225 1040 1264 in
1064 1225 1181 1264 illum
1207 1226 1517 1276 composuerint,
1549 1229 1590 1265 et
1616 1227 1718 1266 anti-

173 1305 252 1344 qua
282 1291 458 1332 Isodemi
499 1294 542 1331 et
573 1290 781 1342 Sophoclis
820 1291 997 1330 carmina
1033 1292 1290 1342 repetuntur:
1329 1292 1435 1342 quod
1470 1292 1634 1332 firmant
1671 1305 1719 1332 ea

173 1370 276 1409 quae
309 1354 553 1409 sequuntur,
587 1369 690 1408 quae
721 1357 781 1396 ita
812 1359 907 1397 sunt
933 1357 1161 1397 scribenda:
1192 1356 1259 1397 καὶ
1289 1360 1342 1414 τῷ
1366 1354 1552 1413 Διονύσῳ
1578 1354 1620 1398 τὸ
1647 1355 1718 1410 μὲν

171 1423 333 1477 ποίησιν
364 1418 509 1475 καινὴν
539 1425 669 1463 ποιεῖν
699 1421 949 1473 ἐκλέλειπται,
981 1418 1029 1462 τὰ
1061 1420 1104 1462 δὲ
1135 1420 1337 1476 προτέροις
1367 1422 1606 1464 συντεθέντα
1637 1427 1717 1472 τοῖς

174 1491 250 1530 νῦν
281 1488 336 1538 εἰς
367 1486 487 1541 μέσον
517 1486 562 1528 ἐν
593 1490 718 1544 καιρῷ
748 1489 954 1541 κομίζουσι
990 1483 1106 1541 χάριν
1137 1483 1212 1528 οὐκ
1243 1484 1383 1529 ἐλάττω
1422 1487 1534 1541 φέρει
1565 1492 1615 1545 vg?
1647 1486 1717 1530 τὸν

172 1551 274 1597 θεὸν
304 1555 439 1596 δοκεῖν
469 1551 722 1606 τετιμηκέναι.
774 1557 896 1606 atque
922 1555 1194 1594 Philostratus
1226 1568 1384 1606 quoque
1409 1558 1587 1595 testatur
1612 1556 1717 1596 hunc

174 1635 370 1674 paeanem
401 1621 524 1661 etiam
556 1623 643 1660 tum
675 1621 763 1659 cani
795 1621 967 1660 Athenis
1000 1620 1166 1660 solitum
1197 1633 1298 1661 esse.
1359 1621 1549 1661 Fortasse
1580 1625 1717 1662 autem

173 1688 390 1740 Sophocles
421 1689 510 1726 tum
540 1686 783 1739 composuit,
814 1699 905 1725 cum
939 1687 1123 1726 Athenae
1165 1687 1357 1738 pestifero
1389 1689 1528 1729 morbo
1560 1689 1717 1728 labora-

173 1756 275 1804 rent,
301 1754 349 1795 cf.
383 1751 478 1792 Oed.
512 1752 611 1803 Reg.
644 1766 681 1793 v.
717 1754 823 1792 187:
861 1748 1000 1792 Παιὰν
1031 1750 1074 1791 δὲ
1105 1748 1249 1805 λάμπει
1281 1750 1493 1794 στονόεσσά
1523 1768 1563 1794 τε
1593 1756 1717 1808 γῆρυς

169 1817 356 1874 ὅμαυλος.
407 1819 462 1858 Et
493 1818 586 1858 hinc
623 1821 713 1859 orta
750 1819 890 1858 fabula
929 1819 979 1858 de
1009 1818 1250 1870 Aesculapio
1288 1822 1449 1870 poetam
1490 1820 1644 1860 visente
1676 1824 1717 1860 et

171 1885 428 1937 hospitaliter
460 1886 637 1936 excepto,
669 1885 748 1926 vid.
775 1885 880 1924 Plut.
907 1884 1027 1925 Num.
1057 1897 1086 1925 c.
1114 1886 1154 1924 4.
1186 1885 1250 1925 Et.
1276 1886 1330 1927 M.
1357 1888 1455 1936 256,
1482 1889 1506 1928 5
1542 1889 1582 1926 et
1614 1900 1717 1938 quae

174 1953 255 1993 dixi
286 1952 330 1991 in
364 1951 450 1991 vita
482 1950 690 2002 Sophoclis
721 1966 759 2002 p.
791 1951 875 1990 XX.
915 1971 972 1977 —
1012 1949 1112 1989 Cum
1154 1950 1299 1991 Suidas
1337 1952 1473 2002 plures
1507 1951 1715 2003 Sophoclis

172 2031 344 2071 paeanes
377 2019 682 2067 commemoret,
713 2018 790 2057 huc
821 2017 993 2056 fortasse
1031 2018 1204 2067 spectat,
1244 2017 1351 2068 quod
1389 2017 1486 2057 dicit
1523 2018 1714 2057 Philostr.

174 2086 243 2126 vit.
276 2085 408 2135 Apoll.
442 2083 542 2122 VIII
575 2084 622 2122 8:
655 2078 848 2135 ἐννοήσας
880 2079 923 2122 δὲ
949 2080 1160 2134 Σοφοκλέα
1184 2078 1253 2123 τὸν
1274 2078 1509 2136 Ἀθηναῖον,
1540 2079 1585 2138 ’ὸς
1611 2081 1714 2136 λέγε-

171 2166 233 2190 ται
264 2147 330 2189 καὶ
360 2145 533 2201 ἀνέμους
563 2145 701 2196 θέλξαι
732 2149 801 2199 τῆς
832 2143 937 2199 ὥρας
968 2142 1323 2199 ὖπερπνεύσαντας.
1375 2151 1422 2189 ut
1454 2149 1489 2188 is
1522 2161 1716 2200 paeanem

173 2217 224 2256 ad
255 2214 472 2267 placandos
504 2215 647 2254 ventos
681 2213 970 2264 composuerit:
1003 2214 1050 2254 cf.
1077 2226 1180 2265 quae
1205 2214 1288 2253 dixi
1313 2215 1355 2254 in
1380 2215 1714 2255 commentatione

174 2283 223 2323 de
254 2282 340 2323 vita
372 2281 495 2332 Soph.
527 2294 564 2331 p.
598 2279 692 2318 XXI
724 2293 760 2318 n.
796 2281 862 2319 88.

291 2347 353 2386 Ex
389 2346 598 2397 Sophoclis
637 2346 771 2396 aliquo
812 2345 990 2385 carmine
1027 2345 1144 2396 petiti
1183 2348 1277 2386 sunt
1314 2359 1456 2387 versus
1495 2360 1557 2398 ap.
1591 2348 1716 2388 Glem.

172 2414 235 2454 Al.
267 2412 347 2452 Str.
379 2413 416 2450 V
450 2413 554 2451 726.

416 2491 524 2535 Οὐδὲ
555 2498 668 2544 θεοῖς
699 2491 917 2548 αὐθαίρετα
948 2490 1078 2534 πάντα
1108 2493 1290 2536 πέλονται

352 2557 491 2613 Νόσφι
523 2557 636 2610 Διός·
668 2564 800 2609 κεῖνος
829 2556 904 2614 γὰρ
936 2559 1013 2613 ἔχει
1043 2558 1150 2609 τέλος
1179 2555 1254 2613 ἠδὲ
1284 2560 1352 2601 καὶ
1383 2557 1523 2614 ἀρχήν.

267 2725 302 2770 *)
328 2723 437 2761 Hunc
458 2725 644 2761 Paeanem
665 2723 804 2779 excipit
828 2723 867 2759 in
892 2723 1020 2770 lapide
1039 2723 1200 2770 hymnus
1220 2724 1441 2770 Ariphronis
1467 2721 1543 2765 εἰς’
1547 2725 1715 2770 Τγίειαν

173 2773 335 2819 <lenique
361 2772 513 2809 additur
539 2783 687 2808 carmen
714 2772 752 2808 in
773 2771 1064 2817 Telesphorum:
1091 2771 1156 2807 ubi
1176 2772 1377 2826 anapaesti
1400 2771 1515 2825 cyclii
1540 2783 1625 2808 cum
1651 2772 1714 2809 he·

174 2820 286 2858 roicis
311 2819 483 2856 versibus
510 2819 783 2857 consociantur
830 2819 911 2855 Hoc
938 2830 1087 2856 carmen
1115 2819 1205 2856 satis
1230 2819 1326 2856 illud
1345 2818 1497 2865 quidem
1516 2820 1714 2873 verbosum

174 2870 214 2905 et
237 2868 426 2904 mediocre
451 2868 548 2904 alius
572 2870 702 2914 poeta,
728 2867 793 2904 sed
818 2868 943 2903 aetate
968 2867 1127 2921 fortasse
1154 2879 1294 2914 suppar
1319 2867 1366 2912 ei,
1399 2867 1504 2921 cuius
1529 2878 1651 2914 paean
1676 2867 1715 2903 in

175 2916 440 2963 Aesculapium
465 2915 670 2963 praecedit,
696 2915 847 2951 videtur
872 2914 1142 2962 composuisse.
1169 2915 1384 2952 emendavit
1406 2914 1609 2952 maximam
1629 2926 1712 2963 par-

174 2970 251 3000 tem
275 2964 467 3000 Hermann
494 2963 561 3010 Op.
589 2964 621 2999 V
649 2967 715 3000 171
737 2974 812 3009 seq.
