1890 3216
196 187 282 230 286
861 189 1060 227 ΙΟΡΗΟΝ.

191 294 411 339 exhibendo,
440 306 553 340 quam
580 295 647 341 illa
672 295 846 341 operibus
873 295 950 331 eius
975 297 1147 342 tempora
1172 297 1378 334 liberaliter
1398 299 1725 337 subministrando.

190 342 309 387 Prope
337 343 436 377 enim
464 342 708 378 centesimum
730 354 868 378 annum
888 344 1027 389 attigit,
1048 345 1117 379 sub
1136 344 1257 389 ipsum
1277 346 1478 383 transitum
1498 347 1546 382 ad
1565 350 1726 384 mortem

195 389 387 435 Oedipode
427 389 588 425 Coloneo
627 390 783 436 script-,03
825 402 900 436 qua
938 392 1017 432 sola
1050 391 1179 427 fabula
1211 393 1375 428 omnium
1408 394 1573 430 eiusdem
1610 395 1725 431 studii

190 442 387 482 poetarum
413 437 628 482 praeripere
655 438 812 484 gloriam
838 437 978 483 potuit:
1005 438 1118 483 idque
1143 439 1313 485 ignoiaum
1340 453 1419 476 esse
1438 442 1599 487 posteris
1626 442 1724 478 filius

192 485 388 529 Sophoclis
413 485 555 530 Iophon
577 485 645 529 (ita
666 485 830 531 Pighius,
855 485 942 521 libri
961 486 1124 531 Sophon)
1144 487 1275 531 noluit,
1301 490 1464 534 sepulcro
1485 490 1610 534 patris
1634 501 1728 536 quae

191 532 301 567 retuli
325 533 599 576 insculpend0.“
643 532 746 569 Haec
771 533 963 569 Valerium
989 534 1047 569 vel
1081 535 1195 570 alium
1223 547 1332 580 quem
1359 538 1610 572 commentum
1636 549 1726 584 esse,

193 590 268 614 non
295 581 352 615 est
378 579 573 615 credibile:
603 592 690 616 sane
718 592 762 616 ea
788 592 882 626 quae
908 581 974 616 ille
1000 581 1124 627 refert,
1150 593 1225 618 non
1251 582 1378 619 insunt
1396 584 1436 619 in
1455 585 1525 619 hoc
1551 584 1725 631 disticho,
1740 591 1808 623 608

193 627 258 663 sed
283 627 431 662 videtur
456 628 603 663 tantum
630 628 874 673 primordium
902 640 1103 674 superesse,
1123 630 1269 675 reliqua
1287 630 1567 668 interciderunt.
1606 632 1727 678 Igibur

194 674 376 710 eiusmodi
402 674 673 720 epigrammate
700 675 730 710 si
756 687 887 711 revera
913 677 1124 722 sepulcrum
1144 677 1279 723 tragici
1299 680 1471 714 ornatum
1492 681 1584 724 erat,
1604 679 1727 716 audax

192 722 394 757 admodum
419 722 562 757 facinus
588 723 671 767 fuit,
699 723 803 758 aliud
827 724 938 769 plane
965 723 1206 760 comminisci.
1260 725 1380 768 Quare
1400 728 1532 772 postea
1556 727 1725 772 probavi,

192 769 291 814 quod
316 770 577 805 Westermann
604 770 765 806 coniecit
795 768 950 816 Ἰοφῶν
978 771 1032 816 δέ,
1060 774 1193 817 φασίν,
1223 770 1433 819 ἐπέγραψε,
1461 773 1540 810 sive
1565 774 1727 811 Leutsch

192 817 342 861 (Philol.
370 818 384 852 l
414 819 494 863 131)
520 814 652 862 Ἰοφῶν
679 817 741 864 δέ,
774 815 823 859 ὥς
848 831 963 864 φησιν
991 847 998 855 .
1021 847 1027 854 .
1051 848 1078 864 .,
1107 817 1311 865 ἐπέγραψε.
1364 821 1437 857 Sed
1469 821 1616 866 dehac
1649 834 1726 858 am-

191 864 308 910 bigua
332 875 371 900 re
406 865 505 910 apud
537 866 631 901 alios
664 866 712 901 sit
742 866 931 902 iudicium.
960 888 1000 892 —
1036 868 1080 903 V.
1110 871 1140 902 1.
1168 868 1347 913 Σοφοκλῆ
1383 869 1406 904 S
1438 871 1479 904 u‘t
1510 869 1658 905 videtur
1689 871 1728 906 elz

191 911 348 948 fortasse
375 912 440 948 alii
466 924 523 958 ap.
551 913 676 958 Iahn.,
701 914 815 959 vulgo
842 915 1058 960 Σοφοκλῆν.
1087 936 1130 940 —
1158 915 1201 950 V.
1229 920 1261 952 2.
1287 913 1469 964 λαβόντα,
1505 917 1570 962 τῆς
1601 930 1724 964 τραγι-

189 959 259 1005 κῆς
285 959 417 1005 τέχνης
437 961 559 1006 σχῆμα
586 961 735 1006 scripsi,
763 961 959 1008 legebatur
984 961 1149 1010 λαβόντα
1175 963 1217 1009 τῇ
1246 964 1401 1010 τραγικῇ
1429 963 1556 1010 τέχνῃ,
1591 966 1727 1011 σχῆμα,

191 1007 263 1043 nisi
288 1008 389 1053 quod
415 1007 461 1042 ΡΙ
489 1007 530 1044 ἐν
555 1009 623 1054 τῆ,
650 1009 665 1043 I
690 1009 755 1044 καὶ
787 1010 918 1055 σχῆμα.
970 1010 1064 1046 Sane
1095 1011 1293 1056 genetivus
1328 1023 1401 1056 quo
1433 1011 1482 1047 sit
1513 1012 1726 1048 referendus

191 1055 334 1101 ambigi
360 1057 504 1100 potest:
531 1060 696 1099 πρωτεῖα
723 1057 945 1101 simpliciter
971 1058 1045 1093 dici
1071 1059 1231 1103 poterat,
1258 1069 1331 1094 non
1357 1059 1448 1094 item
1474 1060 1608 1105 σχῆμα.
1653 1059 1726 1096 Sed

195 1102 225 1138 si
252 1104 538 1148 epigrammassis
564 1104 634 1139 hoc
661 1106 718 1140 est
742 1105 951 1149 exordium,
978 1105 1136 1141 fortasse
1163 1105 1451 1142 continuabatur
1476 1107 1598 1153 σχῆμα
1623 1105 1665 1142 τὸ
1693 1119 1724 1142 σ.

192 1152 417 1196 πατρίδος
443 1147 650 1197 ἀρχαίης.
