1890 3216
830 781 832 785 ·
892 774 1053 817 XXIII.
1667 787 1736 819 585

624 881 1309 932 EMPEDOCLES.

957 1013 991 1053 1.

251 1089 416 1148 ’Ἀκρον
450 1091 607 1149 ἰητρὸν
628 1091 838 1150 ’Ἁκρων’,
868 1091 1214 1150 Ἀκραγαντῖνον
1246 1092 1412 1151 πατρὸς
1442 1092 1604 1152 ἄκρου,

332 1162 514 1220 κρύπτει
545 1162 743 1221 κρημνὸς
773 1163 908 1221 ἄκρος
939 1168 1151 1221 πατρίδος
1182 1163 1438 1221 ἀκροτάτης.

949 1279 983 1319 9.

275 1369 543 1410 Παυσανίαν
577 1365 733 1424 ἰατρὸν
766 1366 1017 1424 ἐπώνυμον,
1047 1366 1248 1425 Ἀγχίτου
1279 1367 1403 1423 υἱόν,

332 1435 457 1481 τόνδ’
490 1436 816 1495 Ἀσκληπιάδην
849 1439 1005 1496 πατρὶς
1037 1442 1178 1492 ἔθαψε
1210 1440 1342 1483 Γέλα·

302 1568 412 1614 Emp
422 1569 617 1605 edocles.
667 1570 735 1615 Ep.
771 1575 801 1605 1.
835 1571 942 1615 Diog.
975 1570 1096 1606 Laert
1123 1570 1211 1605 VIII
1242 1574 1304 1606 65:
1340 1568 1463 1606 Πάλιν
1494 1567 1532 1605 δ’
1556 1567 1739 1615 ’Ἀκρωνος

202 1617 269 1652 τοῦ
301 1616 431 1661 ἰατροῦ
458 1614 574 1652 τόπον
601 1616 796 1659 αἰτοῦντος
822 1617 924 1663 παρὰ
956 1619 1023 1662 τῆς
1055 1618 1193 1676 βουλῆς
1219 1617 1273 1659 εἰς
1298 1615 1536 1676 κατασκευὴν
1562 1616 1737 1667 πατρῴου

203 1663 397 1724 μνήματος
422 1662 486 1699 διὰ
513 1661 581 1722 τὴν
616 1662 656 1700 ἐν
689 1670 766 1706 τοῖς
798 1666 938 1711 ἰατροῖς
970 1663 1176 1711 ἄκροτητα,
1208 1663 1414 1726 παρελθὼν
1439 1663 1459 1701 ὁ
1483 1656 1739 1712 Ἐμπεδοκλῆς

207 1709 382 1755 ἐκώλυσε,
408 1709 454 1747 τά
481 1725 519 1747 τε
548 1709 642 1748 ἄλλα
666 1713 753 1758 περὶ
779 1712 948 1759 ἰσότητος
974 1713 1190 1771 διαλεχθεὶς
1214 1715 1283 1749 καί
1304 1728 1339 1748 τι
1364 1713 1428 1749 καὶ
1447 1714 1620 1749 τοιοῦτον
1646 1711 1737 1759 ἐρω·

202 1757 334 1816 τήσας·
361 1760 401 1794 τί
422 1758 464 1795 δὲ
492 1757 754 1817 ἐπιγράψομεν
781 1758 965 1819 ἐλεγειονς
992 1757 1014 1807 ἢ
1041 1761 1170 1797 τοῦτο·
1198 1759 1350 1818 ’Ἀκρον
1377 1765 1451 1797 κτλ.
1477 1760 1577 1802 τινὲς
1601 1761 1643 1797 δὲ
1670 1760 1737 1797 τὸν

203 1805 384 1865 δεύτερον
423 1809 548 1865 στίχον
589 1804 687 1843 οὕτω
726 1809 999 1854 προφέρονται·
1036 1806 1293 1854 ἀκροτάτης
1327 1810 1531 1854 κορυφῆς
1567 1806 1738 1858 τύμβος

203 1852 343 1900 ἄκρος
367 1853 570 1900 κατέχει.
597 1854 708 1891 τοῦτό
735 1869 834 1897 τινες
859 1858 1124 1902 Σιμωνίδου
1151 1856 1281 1913 φασὶν
1295 1861 1405 1891 εἰναι.
1443 1857 1549 1892 Adde
1575 1857 1735 1903 Hesych.

202 1903 323 1938 Miles.
350 1906 396 1937 24
423 1903 502 1947 (ubi
528 1901 684 1948 ἰατρόν),
710 1904 817 1939 Walz
849 1904 958 1940 Rhet.
985 1905 1037 1939 III
1064 1908 1129 1939 641
1165 1904 1244 1950 (ubi
1271 1900 1558 1949 Ἀκραγαντίνου
1592 1906 1630 1940 et
1654 1917 1688 1941 v.
1715 1909 1736 1940 2

202 1947 368 2007 κρημνὸς
393 1946 481 2007 ἀήρ)
508 1952 546 1986 et
572 1950 682 1986 Suid.
700 1962 734 1986 v.
754 1949 903 2008 ’Ἀκρων.
955 1951 1040 1987 Sine
1061 1953 1159 1987 auct.
1179 1963 1277 1987 nom.
1298 1951 1407 1987 affert
1425 1951 1528 1988 Eust.
1550 1951 1616 1987 Od.
1634 1956 1736 1996 1634,

205 2001 247 2033 12
275 1995 403 2042 ἄκρων
449 1996 580 2044 ἰατρὸν
605 1995 725 2044 ἄκρον
751 1995 1051 2044 ἀκραγαντιᾝνων
1101 1999 1270 2045 Respicit
1302 1999 1376 2035 huc
1406 1999 1491 2034 fort
1519 2000 1613 2035 Plin.
1639 2000 1736 2036 Hist.

202 2045 289 2081 Nat.
315 2045 437 2080 XXIX
463 2049 495 2081 5.
549 2045 651 2088 Quae
678 2049 875 2082 narrantur
901 2047 947 2083 de
973 2048 1083 2083 huius
1109 2047 1391 2093 epigrammatis
1424 2047 1585 2092 origine,
1611 2048 1737 2083 utrum

202 2094 289 2130 ficta
315 2093 390 2128 sint
415 2104 463 2129 an
488 2104 618 2139 reapse
645 2094 867 2139 acciderint,
894 2094 1037 2140 ambigi
1061 2095 1203 2140 potest:
1239 2095 1302 2130 sed
1329 2094 1499 2140 quamvis
1524 2095 1595 2131 hoc
1620 2095 1736 2131 incer—

201 2143 283 2176 tum
309 2140 377 2179 sit.
403 2141 528 2186 ipsum
553 2144 681 2177 tamen
706 2144 882 2188 παίγνιον
915 2143 1015 2178 haud
1047 2142 1158 2178 dubie
1194 2143 1406 2187 antiquum,
1439 2142 1539 2187 quod
1570 2142 1737 2198 aequalis

201 2189 340 2234 aliquis
367 2187 406 2223 in
433 2188 616 2225 Acronem
643 2189 743 2226 iecit.
795 2189 978 2226 Simonidi
1002 2190 1150 2226 videtur
1169 2190 1405 2232 attributum,
1426 2190 1602 2234 quoniam
1626 2190 1736 2226 huius

201 2237 336 2281 poetae
363 2236 529 2272 celebres
549 2239 657 2272 erant
681 2248 815 2283 nugae.
836 2259 880 2263 —-
902 2238 944 2273 V
968 2243 997 2274 1.
1019 2236 1151 2282 ἄκρου,
1176 2237 1370 2274 Benndorf
1391 2249 1435 2273 ex
1459 2237 1626 2284 Diltheyi
1652 2250 1737 2274 con-

201 2285 346 2320 iectura
373 2281 502 2329 ’Ἄκρου
535 2283 698 2330 scripsit,
731 2288 772 2321 at
802 2297 924 2331 neque
951 2285 1044 2321 alias
1074 2286 1146 2320 hoc
1171 2296 1307 2321 nomen
1332 2285 1486 2331 legitur,
1518 2288 1557 2321 et
1581 2286 1736 2322 Acronis

203 2334 312 2377 pater
341 2332 475 2367 Xeno‘n
500 2333 716 2378 v,ocabatur
742 2333 817 2369 vid.
845 2333 979 2369 Suidas
1005 2346 1037 2369 v.
1056 2330 1196 2378 ’Ἀκρων
1221 2333 1372 2379 (Eudoc.
1400 2345 1435 2378 p.
1463 2335 1534 2379 49).

296 2390 364 2436 Ep.
399 2395 431 2426 2.
481 2391 590 2437 Diog.
617 2391 738 2427 Laert.
766 2392 851 2428 VIII
878 2397 939 2428 60:
971 2386 1019 2438 ἦν
1051 2391 1092 2428 δὲ
1126 2390 1146 2428 ὁ
1180 2394 1403 2433 Παυσανίας
1436 2420 1442 2427 .
1470 2420 1477 2426 .
1507 2421 1514 2428 .
1549 2389 1735 2438 ἐρώμενος

201 2435 338 2483 αὐτοῦ,
373 2433 400 2485 ᾧ
420 2435 481 2498 δὴ
515 2438 579 2474 καὶ
610 2436 655 2474 τὰ
689 2440 783 2496 περὶ
808 2438 956 2484 φύσεως
987 2438 1313 2486 προσπεφώνηκεν
1345 2437 1660 2486 (Ἐμπεδοκλῆς).

201 2483 295 2522 ἀλλὰ
321 2486 385 2521 καὶ
412 2483 630 2532 ἐπίγραμμα
656 2486 711 2528 εἰς
735 2484 853 2523 αὐτὸν
885 2489 1141 2533 (Παυσανίαν)
1175 2484 1370 2533 ἐποίησεν
1404 2489 1631 2523 Παυσανίαν
1656 2491 1732 2524 κτλ.

132 2567 135 2570 Δ
200 2534 356 2580 Legitur
381 2534 452 2569 hoc
478 2545 535 2579 ep.
563 2534 677 2570 etiam
709 2536 822 2572 Anth.
850 2536 927 2571 Pal.
955 2535 1023 2570 VII
1056 2538 1124 2571 508
1154 2535 1235 2591 (ubi
1267 2536 1530 2581 Σιμωνίδου
1565 2535 1652 2581 [hoc
1684 2548 1732 2573 m.

201 2593 271 2618 sec.
297 2581 443 2627 reliqua
466 2593 514 2617 m.
541 2582 612 2629 pr.]
641 2581 694 2622 εἰς
719 2585 944 2618 Παυσανίαν
970 2581 1036 2618 τὸν
1063 2580 1190 2628 ἰατρὸν
1223 2583 1454 2626 inscribitur)
1486 2595 1569 2618 cum
1594 2582 1733 2637 insigni

200 2629 404 2675 scripturae
431 2629 623 2666 varietate.
676 2630 818 2675 Sequor
843 2631 918 2666 iam
950 2631 1235 2676 Anthologiam,
1269 2631 1372 2666 cuius
1406 2630 1586 2666 lectiones
1612 2630 1732 2675 magis

202 2675 519 2712 conmendabiles
538 2677 722 2714 videntur.
743 2699 790 2704 ——
809 2679 853 2714 V.
872 2683 900 2713 1.
922 2679 1147 2714 Παυσανίαν
1167 2659 1296 2735 ἰατρὸν
1316 2678 1441 2724 Anth.‚
1467 2678 1570 2713 Plan.
1592 2676 1733 2724 ἰητρὸν,

200 2724 309 2782 Di0g3
341 2726 567 2769 Παυσανίην
597 2722 739 2781 ἰητρὸν.
774 2746 817 2751 -
847 2723 1024 2782 Ἀγχίτου
1040 2726 1166 2783 Diog.,
1194 2722 1358 2782 Ἀγχίτεω
1394 2725 1507 2761 Anth.
1544 2746 1587 2750 ——
1622 2691 1673 2762 Ῡρ
1699 2730 1730 2760 2.

201 2769 307 2807 τόνδ’
344 2772 476 2815 Anth.‚
511 2768 607 2817 φῶτ’
645 2772 754 2831 Diog
789 2754 1338 2832 Εοτ13.τᾷδ’ἶ4σκληπιαὸαν.
1376 2794 1419 2799 -
1456 2772 1582 2818 ἔθαψε
1621 2772 1732 2818 Γέλα,

204 2817 330 2865 ἔθαψε
363 2818 480 2860 πέλας
510 2820 641 2864 Anth.‚
676 2819 801 2865 ἔθαψε
838 2818 943 2862 κόνις
956 2810 1096 2865 Plan„
1133 2819 1276 2867 ἔθρεψε
1313 2819 1411 2856 Γέλα
1442 2819 1550 2866 Diog.
1602 2821 1732 2857 Iacobs

201 2866 369 2912 πατρὶς.
458 2866 580 2908 Γέλας
605 2868 775 2904 coniecit.
827 2868 866 2904 Si
900 2867 1025 2914 ἔθαψε
1058 2879 1237 2915 germana
1268 2868 1399 2913 lectio,
1431 2879 1527 2914 quae
1558 2868 1650 2904 mihi
1679 2868 1732 2904 vi·

202 2915 321 2958 detur,
349 2895 639 2951 abiudicandum
665 2916 898 2962 epigramma
923 2918 1002 2951 tam
1027 2915 1248 2961 Empedocli
1273 2926 1385 2961 quam
1412 2915 1613 2960 Simonidi,
1645 2927 1732 2951 nam

204 2962 354 3007 utrique
380 2965 567 3007 superstes
596 2962 667 2998 fuit
690 2962 909 3008 Pausanias;
935 2964 1094 2999 Karsten
1120 2963 1248 2999 reiecit
1268 2964 1363 2999 hanc
1384 2963 1618 3010 scripturam,
1644 2975 1732 3008 quo-
