1890 3216
195 181 248 222 18
725 180 912 216 ΡΟΕΤΑΕ
939 179 1177 230 ELEGIACI.

323 288 424 333 οὔτε
455 291 608 333 ποδῶν
641 288 798 345 ἀρετῆς
830 286 931 344 οὔτε
963 285 1347 344 παλαισμοσύνης,
1649 299 1718 330 402

262 359 361 405 οὐδ’
398 364 438 404 εί
467 359 729 403 Κυκλώπων
761 358 844 416 μὲν
876 362 968 416 ἔχοι
999 357 1189 415 μέγεθός
1219 374 1265 400 τε
1296 358 1400 413 βίην
1431 373 1498 412 τε,

319 431 458 491 νικῴη
492 430 540 475 δὲ
571 431 693 475 θέων
726 433 940 486 Θρηΐκιον
972 430 1166 486 Βορέην,

214 516 235 547 5
263 501 360 547 οὐδ’
398 505 437 546 εί
473 506 698 545 Τιθωνοῖο
732 499 854 557 φυὴν
886 501 1166 558 χαριέστερος
1197 504 1286 555 εἴη,

319 577 531 629 πλουτοίη
565 572 614 616 δὲ
646 574 803 616 Μίδεω
835 571 909 614 καὶ
941 569 1149 632 Κινύρεω
1183 569 1365 626 μάλιον,

264 642 361 688 οὐδ’
397 646 437 687 εί
472 646 750 687 Τανταλίδεω
784 643 988 693 Πέλοπος
1018 640 1331 699 βασιλεύτερος
1362 646 1451 697 εἴη,

319 717 527 771 γλῶσσαν
560 713 601 758 δ’
632 712 876 772 Ἀδρήστου
907 712 1223 771 μειλιχόγηρυν
1256 715 1368 769 ἔχοι,

263 784 360 830 οὐδ’
398 788 438 829 εί
467 788 615 829 πᾶσαν
649 788 741 842 ἔχοι
773 784 910 837 δόξαν
941 783 1057 841 πλὴν
1089 783 1314 842 θούριδος,
1341 782 1492 840 ἀλκῆς·

194 871 235 901 10
321 856 376 901 οὐ
407 855 490 914 γὰρ
523 854 637 913 ἀνὴρ
670 854 844 912 ἀγαθὸς
874 859 1071 912 γίγνεται
1105 857 1152 899 ἐν
1184 855 1381 915 πολέμῳ,

262 932 302 972 εί
331 927 390 986 μὴ
422 931 596 984 τετλαίη
629 926 709 983 μὲν
743 925 865 984 ὁρῶν
897 926 1045 983 φόνον
1078 925 1346 983 αἱματόεντα

319 999 393 1043 καὶ
425 1002 566 1056 δηΐων
600 997 788 1056 ὀρέγοιτ’
825 998 1019 1055 ἐγγύθεν
1052 997 1298 1055 ἱστάμενος.

259 1069 331 1127 ἥδ’
368 1069 522 1127 ἀρετή,
554 1068 649 1114 τόδ’
684 1069 854 1114 ἄεθλον
888 1071 935 1114 ἐν
968 1067 1281 1127 ἀνθρώποισιν
1313 1067 1498 1126 ἄριστον

319 1141 557 1186 κάλλιστόν
588 1158 634 1185 τε
666 1142 821 1199 φέρειν
852 1144 1049 1198 γίγνεται
1082 1139 1216 1198 ἀνδρὶ
1248 1141 1347 1200 νέῳ.

192 1226 234 1257 15
261 1212 399 1266 ξυνὸν
431 1210 473 1256 δ’
509 1211 675 1256 ἐσθλὸν
706 1215 839 1257 τοῦτο
871 1211 1012 1268 πόληΐ
1037 1229 1083 1256 τε
1114 1217 1250 1255 παντί
1277 1229 1322 1255 τε
1355 1210 1502 1272 δήμῳ,

320 1282 440 1336 ὅστις
470 1282 586 1342 ἀνὴρ
619 1282 778 1340 διαβὰς
808 1285 857 1328 ἐν
888 1281 1157 1341 προμάχοισι
1188 1283 1299 1341 μένῃ

192 1412 270 1451 ἐστὶ
295 1414 360 1450 καὶ
385 1411 551 1472 ανιαρῶς
577 1415 639 1461 ζῇ,
665 1413 729 1449 καὶ
756 1410 848 1450 ουτ’
877 1410 932 1450 &iv
958 1414 1230 1474 μνησαίμην,
1257 1412 1372 1470 φησὶν
1397 1409 1505 1470 ὐμῖν
1513 1410 1532 1449 ὁ
1553 1412 1720 1471 ποιητής,

190 1464 295 1518 εἰπερ
322 1459 448 1519 ὀρθῶς
473 1460 591 1506 λέγει,
618 1458 712 1497 ουτ’
737 1459 783 1497 έν
803 1465 832 1497 λ
854 1459 890 1499 ἅ.
910 1463 1150 1507 τιθείμην,
1177 1474 1219 1502 ος
1243 1458 1293 1518 μὴ
1319 1458 1445 1496 πάντα
1464 1475 1511 1496 τα
1537 1460 1723 1521 λεγόμενοι

188 1507 284 1546 καλὰ
312 1507 405 1570 μετὰ
433 1506 677 1569 δικαιοσύνης
701 1523 859 1567 πραττοι
883 1509 949 1544 καὶ
973 1510 1112 1565 κτῷτο,
1138 1509 1202 1544 καὶ
1228 1506 1276 1554 δὴ
1303 1508 1369 1544 καὶ
1394 1508 1512 1565 δηΐων
1539 1522 1649 1550 ουτος
1673 1523 1722 1545 αν

191 1554 359 1614 ὀρέγοιτο
386 1554 552 1613 ἐγγύθεν
579 1555 792 1615 ιστοὶμενος,
819 1554 952 1598 αδικος
978 1555 1020 1592 δε
1048 1538 1112 1592 ὢν
1126 1554 1216 1602 μήτε
1242 1556 1369 1613 τολμῷ
1388 1552 1488 1602 ὁρῶν
1515 1555 1638 1600 φόνον
1664 1555 1722 1593 αἷ-

189 1603 393 1651 ματόεντα,
417 1601 515 1663 μήτε
549 1605 641 1652 νικῷ
673 1603 778 1640 θέων
812 1604 994 1661 Θρηΐκιον
1019 1602 1184 1650 Βορέην,
1221 1601 1310 1649 μήτε
1344 1600 1433 1639 ἄλλο
1465 1601 1568 1653 αυτῷ
1602 1603 1722 1651 μηδὲν

189 1653 263 1687 τῶν
291 1650 502 1697 λεγομένων
529 1642 690 1708 ἀγαθῶν
715 1650 881 1697 γίγνοιτό
908 1665 1011 1687 ποτε.
1036 1652 1133 1687 1111ᾶο
1159 1633 1376 1686 restitutum
1400 1641 1590 1698 τιθείμην,
1619 1652 1722 1690 Stob.

189 1701 338 1744 τιθείην
365 1699 428 1742 (ib.
455 1710 522 1744 pro
550 1697 590 1735 ἐν
616 1696 712 1744 λόγῳ
737 1700 879 1735 habeniz
903 1700 936 1734 A
955 1698 1066 1734 Vind.
1087 1699 1208 1734 Trine.
1236 1694 1284 1733 ὂὲν
1309 1695 1433 1746 λόγῳ).
1456 1720 1499 1724 -
1527 1700 1572 1735 V.
1592 1703 1624 1736 2.
1650 1713 1722 1735 πα-

190 1745 448 1793 λαισμοσύνης,
473 1746 507 1780 Α
525 1746 636 1783 Vind.
657 1746 778 1783 Trinc.
798 1744 1093 1792 παλαιμοσύνης,
1113 1757 1223 1791 quem
1243 1746 1291 1781 ad
1311 1734 1463 1781 modum
1482 1745 1721 1783 Aristarchus

190 1795 289 1840 apud
321 1795 523 1830 Homerum
555 1793 719 1840 scripsit,
751 1794 825 1831 vid.
858 1794 1029 1830 Eustath.
1063 1794 1111 1828 ad
1144 1793 1273 1829 0110
1300 1797 1384 1837 103,
1420 1794 1485 1829 sed
1514 1797 1719 1840 παλαισμο-

190 1840 283 1886 σύνη
310 1841 488 1877 Simonid.
518 1845 596 1885 149,
622 1846 653 1876 2.
682 1823 720 1877 013,
743 1841 963 1887 Xenophan.
990 1845 1023 1886 2,
1046 1846 1100 1877 16.
1136 1862 1179 1867 -
1217 1841 1259 1876 V.
1286 1845 1319 1876 3
1330 1839 1444 1898 ἔχοι,
1472 1839 1572 1886 ε”χοις
1597 1842 1720 1888 Vind.,

191 1888 269 1935 ἔχει
295 1889 328 1923 Α
353 1889 458 1924 Voss.
486 1909 530 1914 ——
556 1889 600 1925 V.
626 1892 659 1923 4.
686 1887 803 1934 θέων,
831 1889 860 1923 Β
885 1889 1000 1924 θεῶν.
1028 1910 1072 1914 —
1102 1889 1145 1923 V.
1173 1892 1205 1923 5.
1232 1886 1479 1933 χαριέστερος,
1505 1888 1632 1924 Trinc
1654 1903 1719 1935 χα-

189 1936 391 1982 ριέστατος.
414 1957 456 1961 -
483 1935 525 1971 V.
543 1940 574 1972 6.
601 1934 773 1981 Κινύρεω
794 1934 928 1994 μαλιον
955 1935 996 1972 G.
1011 1936 1059 1971 M.
1075 1935 1260 1992 Schmidt,
1288 1935 1332 1971 cf.
1349 1936 1526 1980 Hesychst
1551 1934 1720 1972 Μάλιον·

190 1985 348 2030 μᾶλλον,
381 1983 560 2019 Choerob.
588 1983 692 2019 Orth.
780 1987 867 2019 248:
905 1980 1031 2023 Ἴωνες
1062 1982 1104 2018 δὲ
1130 1980 1172 2018 τὸ
1199 1983 1339 2028 μᾶλλον
1372 1981 1505 2028 μάλιον
1536 1982 1720 2029 λέγουσιν.

191 2031 313 2088 Vulgo
339 2029 540 2076 Κινυρέοιο
567 2032 724 2077 μᾶλλον,
718 1996 789 2066 pei.
814 2030 867 2066 sie
892 2030 1002 2067 Vind.
1028 2030 1061 2065 A
1087 2031 1162 2076 (hio
1187 2032 1314 2066 tamen
1339 2032 1573 2076 Κινυρεοῖο),
1600 2031 1629 2066 Β
1654 2035 1721 2067 Κι-

190 2076 308 2123 νύραο
334 2077 467 2123 πλέον,
495 2078 726 2114 Camerarius
751 2075 922 2135 Κινύρεω
951 2075 1101 2138 βάθιον.
1153 2078 1324 2114 Ceterum
1350 2078 1396 2114 cf.
1423 2078 1531 2114 Plato
1556 2079 1722 2124 Rep.111

190 2130 260 2162 408
283 2126 330 2161 Β·
367 2122 453 2161 οὐδ’
483 2125 520 2161 εἰ
541 2127 669 2161 Μίδου
702 2124 968 2181 πλουσιώτεροι
1000 2123 1089 2161 ειεν.
1142 2125 1255 2160 Clem.
1283 2091 1719 2182 A1.Paedag.111p:233

191 2171 260 2209 ε’ἀν
293 2171 362 2231 μὲν
393 2186 468 2218 αρα
499 2174 640 2220 πλουτῇ
671 2170 820 2219 Κινύρα
854 2186 892 2209 τε
925 2173 991 2208 καὶ
1021 2174 1130 2208 Μίδα
1167 2173 1324 2219 μᾶλλον,
1355 2166 1386 2230 ᾗ
1419 2172 1460 2208 δὲ
1494 2171 1625 2215 ἄδικος
1656 2174 1722 2209 καὶ

189 2219 445 2266 ὑπερήφανος.
484 2221 619 2256 Postea
646 2220 816 2256 Schmidt
839 2220 999 2257 scribere
1023 2220 1159 2256 maluiss
1181 2222 1314 2255 Μίδεω
1339 2210 1372 2279 ἢ
1390 2218 1524 2276 μάλιον
1547 2219 1719 2267 Κινύρεω

190 2269 327 2304 abusus
359 2267 534 2312 Hesychii
565 2267 690 2313 glossa
719 2265 895 2314 ημάλιον·
935 2266 1047 2313 μέγα,
1078 2268 1143 2303 ubi
1175 2268 1325 2304 divisim
1349 2282 1373 2313 η
1399 2265 1532 2325 μάλιον
1559 2268 1720 2304 scriben-

190 2316 278 2351 dum
304 2316 441 2351 censet..
479 2336 523 2340 —
561 2315 605 2350 V.
632 2320 665 2352 8.
703 2316 749 2351 cf.
775 2316 871 2351 Plat
898 2316 1053 2351 Phaedr.
1081 2317 1213 2351 269A:
1251 2316 1291 2350 τί
1310 2312 1380 2361 δέ,
1419 2313 1486 2350 τὸν
1519 2317 1720 2373 μελίγηρυν

182 2361 382 2409 ’Ἄδραστον
409 2361 572 2408 οἰόμεθα
598 2366 672 2399 κτλ.
695 2384 739 2389 —-—
765 2364 809 2400 V.
831 2368 862 2398 9.
891 2362 986 2409 ἔχοι,
1014 2362 1092 2408 ἔχει
1117 2363 1149 2398 Α
1168 2365 1208 2399 eb
1227 2362 1335 2398 Vind.
1360 2375 1383 2398 3.
1407 2375 1456 2398 m.
1476 2375 1531 2409 pr.
1553 2384 1597 2389 —
1623 2361 1720 2422 πλὴν

190 2422 261 2446 om.
287 2411 328 2445 B.
362 2430 405 2435 -
443 2410 486 2446 V.
515 2415 569 2446 10.
597 2407 642 2446 οὐ
669 2408 740 2456 γὰρ
766 2407 882 2456 ἀνὴρ,
914 2410 1088 2456 Hartung
1113 2407 1234 2456 εἰμὴ
1262 2406 1378 2456 ανὴρ,
1413 2412 1452 2446 et
1477 2423 1510 2446 v.
1539 2415 1582 2445 11
1609 2410 1695 2457 εἰμ
1669 2409 1718 2457 μὴ

189 2459 373 2502 τετλαίη
393 2454 428 2492 τ’
452 2455 641 2503 ἐνορῶν,
662 2457 760 2494 male
780 2461 993 2503 uirumque,
1014 2469 1058 2493 ac
1077 2458 1185 2494 Plato
1205 2469 1352 2503 quoque
1371 2458 1429 2493 his
1450 2458 1719 2494 mutationibus

191 2508 319 2562 aperte
345 2505 572 2541 adversatur.
600 2527 643 2531 —
680 2505 723 2543 V
753 2510 807 2541 11.
834 2504 883 2551 μὴ
909 2507 1075 2551 τετλαίη,
1107 2503 1482 2551 Ῡ11111.Τ1·1110.μήτε
1509 2507 1718 2563 τλαίης.-

191 2550 330 2598 φόνον,
356 2550 474 2588 πόνον
501 2553 533 2586 Α
558 2565 581 2588 a
606 2566 653 2588 m.
680 2565 734 2598 pr.
763 2554 806 2589 cf
834 2553 1087 2597 P1at.Leg.1
1114 2553 1243 2588 629E:
1276 2553 1430 2598 εἴρηκας
1454 2554 1548 2610 γοῦν
1574 2547 1648 2589 ὦδε
1677 2550 1718 2588 ἐν

190 2604 267 2640 τοῖς
293 2597 515 2657 ποιήμασιν,
542 2597 592 2641 ὡς
617 2596 794 2656 οὐδαμῶς
812 2598 900 2641 τοὺς
918 2600 1112 2641 τοιούτους
1131 2597 1377 2658 ανεχόμενος·
1405 2599 1446 2636 οἳ
1471 2598 1527 2646 μὴ
1553 2598 1718 2646 τολμή-

191 2659 296 2683 σωσι
328 2661 409 2693 μεν
442 2644 553 2693 ὁρᾶν
587 2645 734 2693 φόνον
766 2662 856 2694 αιμ.
889 2662 921 2685 u.
954 2649 987 2682 δ.
1021 2645 1248 2693 ὀρέγοιντ’
1284 2645 1359 2706 ἐγγ.
1393 2645 1645 2694 ἱστάμενοι.
1672 2668 1717 2673 --

189 2695 234 2731 V.
256 2699 345 2730 13—
352 2699 395 2730 16
407 2695 630 2752 legunfiur
619 2708 659 2731 111
684 2695 933 2750 Theognideis
957 2699 1188 2732 v.1003-6.
1218 2716 1259 2721 ——
1284 2691 1352 2752 ἥδ’
1365 2695 1580 2752 Hermann,
1605 2695 1719 2740 vulgo

189 2739 212 2788 ἡ
234 2739 283 2777 δ’.
305 2763 349 2768 -
374 2739 456 2778 τόδ’
463 2739 580 2788 ,τόγ’
602 2742 648 2788 B,
674 2743 773 2779 idem
797 2743 944 2779 inverso
965 2743 1042 2779 ord.
1061 2756 1109 2789 αρ
1113 2755 1214 2778 ιστον
1239 2739 1280 2778 ἐν
1301 2739 1335 2778 ἆ.
1357 2739 1512 2779 ἄεθλον.
1530 2763 1573 2768 -
1600 2742 1644 2779 V.
1661 2746 1715 2779 14.

189 2789 274 2837 νέῳ,
301 2791 612 2838 Τ1100811.σοφῷ.
639 2811 683 2817 —
709 2791 754 2826 V.
782 2795 835 2827 16.
863 2788 978 2849 ἀνήρ,
1004 2790 1131 2836 Upton
1156 2789 1250 2826 coni
1276 2785 1327 2824 οἶν
1352 2783 1408 2826 εὖ.
1457 2790 1539 2826 Huc
1557 2789 1718 2847 ‚respicii

190 2838 298 2873 Plato
323 2838 412 2897 Leg.
441 2839 455 2872 I
477 2827 605 2873 630B:
632 2836 834 2896 διαβαντες
859 2836 896 2873 δ’
925 2852 968 2875 ευ
995 2839 1061 2874 καὶ
1086 2834 1294 2884 μαχόμενοι
1319 2834 1519 2877 ε’θελοντες
1543 2834 1716 2882 ἀποθνή-

190 2897 292 2919 σκειν
338 2883 378 2920 ἐν
416 2886 465 2931 τῷ
510 2885 677 2934 πολέμῳ,
721 2884 770 2927 ὡς
813 2884 950 2933 φραζει
989 2889 1189 2932 Τυρταῖος,
1233 2879 1306 2920 τῶν
1350 2881 1598 2930 μισθοφόρων
1643 2883 1714 2920 εἰσὶ

189 2929 410 2978 παμπολλοι.
