1890 3216
847 195 1054 233 EUENUS.
1632 193 1720 236 275

171 310 441 351 obiiciendum
474 313 548 361 est,
581 311 656 350 hoc
690 310 940 361 epigramma
972 309 1070 349 satis
1103 308 1355 360 ingeniosum
1389 321 1490 361 esse,
1527 308 1599 347 illa
1629 322 1719 359 par-

173 377 247 417 tim
280 376 428 428 frigido
460 377 594 427 aliquo
627 377 808 416 acumine
840 375 1041 424 laborare,
1080 386 1173 414 nam
1210 373 1452 414 inventionis
1493 373 1611 413 laude
1643 375 1718 414 hoc

170 442 304 493 ipsum
342 443 591 494 epigramma
630 446 692 482 est
730 442 1018 492 fraudandum,
1063 441 1099 480 si
1135 440 1296 491 quidem
1341 442 1462 491 poeta
1500 441 1717 492 apologum

170 508 390 559 Aesopium
423 510 586 548 enarrat
626 503 725 561 (vid.
752 508 832 548 fab.
858 507 952 547 Aes.
980 507 1065 546 404
1093 506 1154 545 ed.
1183 506 1314 545 Halm.
1349 506 1537 557 paraphr.
1564 506 1717 548 Bodlei.

171 574 254 614 133
295 574 355 614 ed.
394 570 590 626 Knoell),
631 587 763 624 quem·
790 573 960 613 Babrius
999 572 1124 612 clodis
1164 572 1347 612 versibus
1390 572 1599 622 astrinxit,
1639 572 1716 612 vid.

169 639 259 691 syll.
293 640 333 679 II
368 641 406 690 5,
437 640 509 679 ubi
540 654 576 680 v.
611 642 635 680 6
669 643 710 680 et
744 643 766 681 7
801 641 843 679 111
874 640 979 679 hunc
1012 638 1174 677 modum
1207 638 1447 678 restituendi
1480 638 1685 678 videntur:

345 718 424 763 κᾶν
454 719 529 777 γάρ
562 713 608 776 iae
640 724 783 776 κείρων
815 717 1049 776 καταφάγῃς
1079 719 1144 762 ἐπὶ
1175 720 1306 775 ῥίζαν,

347 783 432 828 ἀλλ’
468 781 544 829 οὖν
575 803 618 842 γε
649 784 791 841 λοιβὴν
821 786 1012 843 θυομένῳ
1047 799 1088 827 σε
1119 784 1318 841 πορσύνω.

171 866 344 925 (legitur
373 872 516 925 κείρων
547 868 596 912 σὺ
628 868 762 926 φάγῃς
794 875 835 912 et
866 869 1055 925 θυομένῳ
1088 882 1151 911 σοι
1191 865 1378 923 παρέξω.)
1435 871 1625 912 Fortasse
1656 872 1714 911 in-

168 940 300 978 certus
340 940 480 978 auctor
521 939 744 987 Μυθικῶν,
787 938 857 988 qui
889 936 1023 975 Babrii
1065 936 1238 986 vestigia
1275 936 1410 987 legere
1449 937 1569 985 solet,
1609 937 1714 976 hunc

168 1004 384 1055 apologum
406 1004 582 1054 elegiaco
602 1016 768 1043 numero
789 1002 1007 1051 enarravit,
1035 1004 1080 1041 ut
1100 1002 1206 1040 hune
1224 1002 1358 1052 potius
1380 1015 1498 1052 quam
1520 1003 1712 1042 Babrium

168 1069 331 1109 Euenus
352 1069 586 1109 Ascalonita
612 1071 774 1109 secutus
809 1064 931 1122 sit*):
965 1067 1016 1107 ad
1036 1068 1165 1107 Eueni
1191 1069 1417 1118 exemplum
1443 1081 1583 1108 rursus
1610 1081 1712 1108 com-

166 1135 345 1186 positum
371 1134 573 1174 Leonidae
604 1134 863 1185 poematium,
890 1134 996 1184 quod
1023 1134 1184 1184 quidem
1212 1134 1432 1173 Tarentino
1458 1135 1712 1185 adscribitur,

168 1201 239 1241 sed
270 1213 347 1252 ego
386 1200 631 1240 confidenter
670 1200 941 1240 Alexandrino
980 1199 1199 1240 Neroniani
1238 1201 1387 1239 saeculi
1425 1203 1567 1251 poetae
1599 1201 1714 1240 attri-

167 1266 259 1306 buo.
294 1278 345 1293 —-·—
387 1264 634 1306 Atheniensis
675 1279 754 1316 quo
786 1269 968 1317 tempore
999 1265 1145 1306 vixerit
1177 1279 1342 1316 prorsus
1374 1266 1590 1315 incertum,
1623 1279 1713 1305 cum
1728 1271 1795 1302 599

166 1331 235 1371 vix
265 1331 385 1371 liceat
416 1331 622 1382 indagare,
648 1331 753 1370 unde
787 1331 1075 1371 Constantinus
1109 1331 1308 1383 Cephalas
1349 1333 1423 1372 hoc
1463 1333 1713 1383 epigramma

166 1397 368 1448 petiverit.
420 1397 478 1436 Ac
509 1397 597 1436 fieri
628 1399 765 1448 potest
797 1398 843 1436 ut
879 1398 1037 1447 patriae
1068 1411 1214 1438 nomen
1246 1399 1310 1438 hic
1349 1411 1506 1449 quoque
1545 1401 1591 1437 ut
1622 1399 1712 1438 aliis

166 1462 264 1503 locis
296 1476 320 1503 a
350 1463 517 1502 librario
551 1463 604 1502 sit
635 1464 832 1513 additum,
877 1476 1000 1514 quare
1034 1465 1067 1504 si
1105 1464 1194 1514 quis
1227 1464 1302 1502 hoc
1339 1465 1591 1515 epigramma
1622 1464 1714 1502 Phi-

165 1528 267 1579 lippi
298 1541 466 1568 coronae
498 1528 598 1568 velit
628 1528 842 1579 vindicare,
873 1541 952 1568 non
979 1530 1191 1571 admodum
1221 1530 1470 1580 refragabor.
1522 1529 1714 1579 Superest

167 1594 339 1645 denique
367 1593 665 1643 yrammalicus:
698 1593 794 1633 olim
825 1594 945 1634 fidem
967 1584 1102 1634 'habui
1132 1595 1326 1646 lemmati,
1360 1594 1431 1634 sed
1457 1607 1557 1645 quae
1585 1594 1713 1632 Eueni

166 1659 319 1700 nomini
350 1660 531 1699 subiecta
563 1661 658 1699 sunt
687 1660 729 1698 in
761 1660 846 1700 cod.
878 1660 976 1707 Pal„
1008 1660 1267 1699 manifestum
1308 1661 1370 1698 est
1407 1659 1564 1698 librarii
1596 1654 1712 1698 αὖτο-

168 1724 381 1777 σχεδίασμα
420 1737 519 1765 esse.
582 1724 772 1771 Quamvis
810 1726 986 1765 nondum
1024 1725 1100 1764 hoc
1143 1725 1393 1775 epigramma
1430 1724 1471 1763 in
1509 1724 1713 1775 integrum

167 1791 404 1831 restitutum
436 1791 500 1839 sit,
533 1802 690 1830 summa
721 1794 858 1830 tamen
887 1790 1118 1841 argumenti
1149 1790 1269 1841 plana
1313 1792 1376 1829 est
1413 1803 1459 1829 ac
1490 1791 1711 1841 perspicua.

167 1850 379 1896 Invehitur
410 1856 475 1895 hic
500 1856 662 1896 Euenus
688 1857 730 1895 in
755 1856 1041 1908 grammaticos
1067 1855 1224 1898 invidos
1253 1857 1294 1894 et
1318 1855 1476 1906 iniquos
1502 1854 1733 1906 poetarum·

169 1921 465 1970 aestimatores,
506 1921 643 1972 itaque
681 1923 813 1973 lepide
850 1923 951 1962 istos
990 1934 1079 1961 cum
1111 1921 1230 1960 tineis
1269 1922 1489 1972 componit,
1522 1909 1711 1972 q'uoniam

168 1988 244 2027 hoc
274 1987 400 2026 Musis
431 1986 623 2026 infestum
655 1988 804 2026 animal
834 1987 959 2027 libros
991 1987 1098 2026 rodit
1129 1989 1171 2026 et
1201 1983 1529 2041 pessumdat**).
1572 1987 1712 2025 Libra-

169 2052 253 2092 rius
279 2053 416 2103 igitur,
449 2052 637 2102 quoniam
661 2052 862 2092 intellexit
887 2053 936 2092 de
962 2053 1251 2104 grammaticae
1282 2053 1383 2092 artis
1417 2052 1561 2093 studiis
1587 2053 1711 2092 verba

170 2119 272 2166 fieri,
310 2119 442 2168 ipsum
481 2118 663 2157 Euenum
701 2119 1011 2174 grammaticum
1049 2118 1288 2169 appellavit3
1327 2121 1371 2157 at
1408 2118 1577 2168 apparet
1607 2117 1712 2156 hunc

171 2186 342 2235 poetam,
373 2183 442 2234 qui
472 2184 757 2235 grammaticos
783 2184 1135 2224 vehementissimo
1162 2183 1251 2223 odio
1277 2186 1556 2234 persequatur,
1587 2183 1638 2222 ab
1665 2196 1712 2222 ea

170 2249 418 2300 professione
454 2261 618 2300 prorsus
656 2249 831 2289 alienum
871 2262 971 2290 esse.
1027 2249 1178 2288 Verum
1224 2250 1312 2300 quis
1352 2250 1477 2288 fuerit
1514 2250 1710 2299 poematis

170 2317 311 2355 auctor
340 2315 549 2355 incertum.
610 2315 781 2366 Legitur
812 2328 908 2354 sane
939 2327 985 2355 eo
1024 2315 1128 2364 1000,
1168 2304 1322 2366 quiex
1361 2315 1536 2365 Philippi
1567 2327 1711 2354 corona

171 2383 234 2420 est
264 2381 427 2431 petitus,
459 2381 527 2419 sed
560 2380 635 2419 hoc
667 2393 825 2431 quoque
857 2379 1047 2420 indicium
1078 2393 1159 2420 non
1183 2393 1275 2419 raro
1301 2381 1436 2428 fallaX,
1470 2393 1560 2419 nam
1589 2380 1712 2419 etiam

291 2483 326 2528 *)
352 2482 470 2519 Eueni
496 2482 728 2528 epigramma
747 2481 1029 2527 imperfectum.
1055 2482 1122 2518 sed
1142 2493 1255 2518 unum
1275 2483 1423 2519 tantum
1445 2481 1634 2518 distichon
1654 2481 1709 2517 vi-

173 2531 282 2567 detur
306 2531 557 2576 interceptum
583 2541 679 2566 esse·
714 2528 804 2564 vitis
831 2529 930 2565 enim
957 2529 1073 2566 verba
1097 2529 1246 2576 integra
1272 2531 1436 2574 servata,
1463 2532 1576 2575 poeta
1603 2541 1709 2575 argu-

174 2581 342 2615 mentum
367 2578 407 2614 in
433 2579 577 2614 arctum
603 2575 758 2623 redegit.

269 2626 324 2672 **)
350 2625 535 2672 Lepidum
555 2636 717 2661 errorem
739 2623 893 2660 admisit
911 2623 1112 2670 Benndorf,
1132 2624 1198 2671 qui
1218 2624 1436 2661 criminatur
1457 2636 1514 2659 me
1534 2636 1607 2660 non
1627 2636 1710 2670 per-

175 2674 339 2720 spexisse
363 2674 473 2710 huius
498 2673 685 2720 poematis
710 2671 950 2716 sententiam,
984 2672 1126 2718 quippe
1153 2672 1218 2716 qui
1245 2673 1292 2708 ad
1319 2673 1584 2728 grammaticos
1611 2675 1708 2708 retu-

174 2722 294 2767 lerim,
320 2723 433 2767 atque
462 2723 505 2757 ut
529 2721 687 2756 meliora
713 2719 897 2764 edoceret,
924 2700 1016 2756 d’icit
1041 2720 1103 2755 hic
1127 2719 1344 2766 increpitari
1371 2718 1530 2764 φωλάδα
1565 2721 1708 2766 σελιδη-

176 2768 314 2823 φάγον.
363 2769 534 2824 Apparet
557 2768 675 2814 igitur
698 2767 806 2802 illum
832 2778 879 2802 ne
905 2767 1041 2813 legisse
1062 2767 1213 2813 quidem
1232 2767 1304 2803 hoc
1324 2768 1557 2814 epigramma
1575 2769 1709 2813 totum,

176 2816 240 2862 qui
266 2828 340 2854 non
366 2816 504 2853 viderit
529 2817 667 2862 σίλφην
693 2814 922 2860 compellari.
974 2814 1048 2850 Sed
1074 2815 1168 2851 alias
1196 2826 1343 2860 quoque
1369 2816 1561 2851 luculenta
1593 2818 1631 2851 et
1655 2815 1707 2851 le-

174 2865 305 2901 vitatis
330 2867 370 2900 et
398 2864 569 2900 inscitiae
601 2862 781 2899 sermonis
813 2862 940 2917 graeci
974 2862 1199 2899 documenta
1229 2862 1357 2900 edidit.
1408 2862 1582 2899 Ceterum
1609 2863 1708 2898 Thu·

176 2911 328 2948 dichum
353 2912 446 2948 Mus.
472 2912 541 2948 Rh
568 2910 637 2946 XII
662 2914 732 2946 294
757 2910 828 2945 hoc
854 2910 1089 2956 epigramma
1122 2910 1223 2947 omni
1250 2921 1294 2946 ex
1319 2911 1426 2957 parte
1451 2910 1640 2956 integrum
1665 2922 1708 2946 ac

175 2959 330 3006 planum
354 2970 435 2996 esse
461 2959 674 2996 arbitratur.

1352 3017 1423 3054 18*
