1890 3216
202 183 288 223 244
738 181 930 217 ΡΟΕΤΑΕ
957 176 1196 216 ELEGIACI.

202 308 238 344 p.
274 297 370 335 101.
421 294 609 334 Ceterum
647 294 822 333 Leutsch
862 294 957 332 olim
997 293 1325 344 Harpocrationis
1363 293 1495 332 locum
1525 305 1605 332 non
1635 292 1736 331 inte-

203 373 321 410 grum
353 373 441 399 esse
473 359 736 398 existimavit:
776 356 1040 411 Δημοσθένης
1077 358 1298 410 προοιμίοις
1330 358 1629 412 δημηγορικοῖς,
1661 359 1736 397 Σο-

203 428 353 477 φοκλῆς
386 420 672 478 (Ἀντιγόνῃ)
701 453 830 470 .....
862 421 933 475 μὲν
959 417 1107 464 οὖνέν
1137 427 1221 472 ταῖς
1253 422 1435 477 ἐλεγείαις
1469 424 1657 471 scribens,
1690 424 1737 460 ut

201 484 489 541 grammaticus
521 491 727 541 Sophoclis
759 502 900 529 versus
934 503 981 528 ex
1006 489 1208 540 Antigone
1237 491 1319 528 175
1342 502 1422 539 seq.
1448 488 1671 539 respexerit
1697 490 1738 526 et
1751 498 1818 531 573

202 557 344 594 deinde
377 556 479 595 alius
506 558 649 606 poetae
676 569 820 595 nomen
847 555 1049 603 exciderit⁷
1077 555 1145 606 qui
1170 556 1243 593 hoc
1275 555 1575 605 apophthegma
1600 554 1737 593 Soloni

202 620 409 660 tribuerit:
441 622 584 671 postea
615 621 776 661 videtur
802 621 886 671 ipse
912 621 1014 659 hanc
1039 621 1327 670 coniecturam,
1359 632 1478 670 quam
1510 620 1738 667 Ascherson

201 687 400 736 probavit,
432 687 671 737 retractare,
704 688 752 726 cf.
785 687 929 725 Philol.
962 686 1151 727 XX177.
1185 687 1282 725 225.
1317 686 1414 724 681.

949 821 988 863 3.

321 921 500 960 Erotian.
536 921 641 959 390:
674 916 895 972 Χάριτες,
933 918 978 957 αἱ
1006 918 1132 971 χαραί,
1165 914 1217 966 ὦς
1248 916 1314 957 καὶ
1345 919 1558 969 Σοφοκλῆς
1589 915 1633 956 ἐν
1664 915 1738 956 ἕλε-

205 1022 301 1076 γείᾳ.
352 1023 436 1061 οοᾶ.
476 1021 647 1061 Vindob.
687 1019 730 1060 ἐν
768 979 846 1071 ἑλεῖ,
883 1020 988 1059 unde
1018 1020 1072 1059 M.
1104 1020 1285 1059 Schmidt
1322 1019 1489 1060 coniecit
1520 1017 1567 1084 ἐπέ
1588 1013 1738 1071 Ἑλένη.

205 1089 318 1127 Idem
351 1101 446 1128 vero
478 1087 609 1127 voluit
633 1083 789 1137 Elegiis
814 1087 922 1125 aliud
948 1086 1220 1136 fragmentum
1245 1086 1469 1126 vindicare:
1502 1085 1622 1123 schol.
1647 1084 1740 1122 Pin-

206 1154 294 1192 dari
334 1155 393 1193 ed.
434 1154 656 1193 Mommsen
693 1167 730 1202 p.
773 1154 816 1191 9:
856 1147 918 1191 διὸ
956 1149 1022 1190 καὶ
1060 1147 1184 1202 σοφός
1227 1167 1284 1199 τις
1322 1150 1441 1204 ἔλεγε·
1485 1151 1620 1202 ψυχῆς
1662 1145 1738 1203 γὰρ

203 1215 472 1273 ἆγαλλομένης
508 1214 646 1258 θάλλει
690 1213 921 1270 πρόσωπον·
965 1217 1036 1255 ubi
1073 1217 1238 1257 conjecit
1278 1219 1492 1269 Σοφοκλῆς
1531 1212 1612 1269 (ἐν)
1655 1219 1740 1263 ταῖς

205 1284 405 1338 ἐλεγείαις·
537 1280 752 1336 πρόσωπον
885 1285 1019 1334 ψυχῆς
1049 1279 1186 1323 θάλλει
1224 1278 1502 1335 ἆγαλλομένης.
1557 1282 1613 1321 At
1643 1283 1740 1320 haec

208 1350 420 1400 Byzantini
451 1351 624 1390 hominis
651 1352 761 1398 sunt,
795 1350 860 1400 qui
887 1349 1083 1399 expressit
1107 1349 1298 1388 Proverb.
1326 1348 1550 1388 Salomonis
1571 1347 1644 1385 XV
1667 1349 1740 1386 13:

204 1416 369 1468 καρδίας
401 1411 718 1468 εὖφραινομένης
748 1411 962 1467 πρόσωπον
993 1410 1149 1465 θάλλει,
1181 1412 1225 1453 ἐν
1257 1411 1300 1453 δὲ
1324 1410 1466 1462 λύπαις
1498 1409 1620 1464 οὔσης
1651 1423 1741 1451 σκυ-

203 1479 418 1535 θρωπάζει.
470 1480 755 1521 animadvertit
786 1481 1014 1526 hoc,etiam
1045 1480 1204 1530 Nauck,
1237 1479 1271 1519 si
1302 1481 1410 1518 recte
1441 1478 1613 1518 memini.

727 1631 1209 1666 EIIIFPAMMATA.

949 1716 988 1758 4.

254 1810 408 1864 ’Ήλιος
439 1806 517 1869 ἦν,
551 1809 606 1855 οὐ
636 1819 759 1866 παῖς,
792 1807 1038 1866 Εὐριπίδη,
1071 1806 1120 1860 ὅς
1152 1825 1204 1866 με
1235 1810 1449 1865 χλιαίνων

325 1882 499 1941 γυμνὸν
533 1884 756 1939 ἐποίησεν·
789 1881 862 1925 σοὶ
895 1880 944 1925 δὲ
977 1877 1194 1938 φιλοῦνθ’
1230 1879 1383 1937 ἑτέραν

267 1962 444 2018 Βορρᾶς
476 1957 692 2016 ὡμίλησε·
726 1958 783 2003 σὺ
817 1956 857 2003 δ’
895 1957 950 2002 οὐ
983 1956 1148 2015 σοφός,
1178 1954 1227 2009 ὃς
1258 1956 1338 2001 τὸν
1359 1955 1554 2015 ’Έρωτα,

325 2030 564 2089 ἀλλοτρίαν
597 2034 812 2088 σπείρων,
845 2029 1110 2085 λωποδύτην
1142 2026 1336 2085 ἀπάγεις.

258 2219 281 2238 ρ
301 2188 359 2222 Fr.
387 2191 419 2222 4.
447 2187 584 2222 Athen.
611 2186 698 2221 XIII
731 2189 799 2222 604
832 2186 881 2221 D:
917 2185 993 2220 Καὶ
1025 2182 1246 2230 Ἱερώνυμος
1277 2179 1316 2218 δ’
1355 2180 1375 2218 ὁ
1408 2180 1551 2224 Ῥόδιος
1585 2179 1626 2218 ἐν
1664 2185 1742 2223 τοίς

208 2233 408 2280 ἱστορικοῖς
432 2231 681 2281 ὑπομνήμασί
703 2246 830 2280 φησιν,
856 2230 914 2269 ὅτι
940 2233 1141 2278 Σοφοκλῆς
1167 2228 1335 2276 εὐπρεπῆ
1362 2232 1483 2266 παῖδα
1504 2228 1575 2274 ἔξω
1595 2231 1740 2275 τείχους

207 2280 397 2328 ἀπήγαγε,
423 2280 655 2328 χρησόμενος
687 2279 806 2329 αὐτῷ·
840 2278 860 2316 ὁ
890 2278 961 2326 μὲν
994 2274 1063 2317 οὖν
1094 2283 1183 2320 παῖς
1215 2277 1255 2314 τὸ
1288 2279 1387 2314 ἴδιον
1420 2275 1567 2324 ἱμάτιον
1601 2275 1663 2313 ἐπὶ
1694 2278 1737 2325 τῇ

206 2328 283 2380 πόᾳ
323 2327 554 2375 ὑπέστρωσε,
587 2327 655 2374 τὴν
687 2329 730 2365 δὲ
763 2328 829 2364 τοῦ
864 2326 1108 2374 Σοφοκλέους
1142 2328 1301 2373 χλανίδα
1333 2323 1618 2373 περιεβάλοντο·
1652 2323 1739 2371 μετ’

208 2372 277 2413 οὖν
303 2376 371 2423 τὴν
398 2376 547 2423 ὁμιλίαν
575 2374 594 2412 ὁ
622 2382 711 2418 παῖς
743 2374 917 2421 ἁρπάσας
948 2374 989 2412 τὸ
1024 2376 1089 2411 τοῦ
1117 2373 1362 2419 Σοφοκλέους
1393 2375 1586 2419 χλανίδιον
1612 2369 1739 2421 ᾤχετο,

207 2423 424 2461 καταλιπών
449 2426 510 2473 τῷ
526 2427 725 2470 Σοφοκλεῖ
743 2423 784 2460 τὸ
814 2421 952 2460 ἑαυτοῦ
972 2420 1151 2458 παιδικὸν
1178 2420 1344 2468 ἷμάτιον·
1373 2420 1435 2457 οἷα
1461 2419 1503 2456 δὲ
1531 2417 1632 2461 εἰκὸς
1657 2421 1734 2455 δια-

206 2473 439 2519 λαληθέντος
473 2474 540 2508 τοῦ
576 2470 872 2520 συμβεβηκότος,
905 2468 1113 2517 Εὐριπίδης
1143 2468 1365 2515 πυθόμενος
1395 2468 1459 2504 καὶ
1492 2465 1740 2510 ἐπιτωθάζων

207 2519 249 2557 τὸ
276 2518 448 2566 γεγονός,
479 2520 542 2556 καὶ
576 2517 690 2561 αὐτός
715 2533 803 2556 ποτε
834 2519 907 2565 ἔφη
935 2516 1052 2567 τούτῳ
1078 2517 1287 2563 κεχρῆσθαι
1313 2517 1363 2565 τῷ
1390 2517 1519 2560 παιδί,
1551 2513 1644 2551 ἀλλὰ
1671 2529 1738 2562 μη-

208 2568 274 2604 δὲν
300 2571 545 2614 προσθεῖναι·
572 2566 638 2604 τὸν
665 2566 707 2603 δὲ
734 2566 939 2612 Σοφοκλέα
965 2564 1028 2601 διὰ
1055 2563 1124 2611 τὴν
1149 2562 1357 2600 ἀκολασίαν
1383 2563 1739 2609 καταφρονηθῆναι.

208 2619 284 2652 Καὶ
310 2615 329 2651 ὁ
357 2617 559 2661 Σοφοκλῆς
584 2613 752 2656 οἰκούσας
777 2613 952 2660 ἐποίησεν
980 2613 1033 2655 εἰς
1059 2610 1176 2649 αὐτὸν
1202 2612 1374 2648 τοιοῦτον
1400 2609 1629 2657 ἐπίγραμμα,
1654 2623 1737 2656 χρη-

209 2663 370 2710 σάμενος
403 2665 453 2712 τῷ
486 2664 572 2707 περὶ
603 2663 669 2699 τοῦ
695 2660 822 2699 Ἡλίου
855 2662 920 2698 καὶ
952 2659 1091 2707 Βορέου
1123 2658 1242 2708 λόγῳ,
1273 2659 1338 2695 καὶ
1369 2656 1411 2694 τὸ
1444 2656 1537 2704 πρὸς
1568 2658 1739 2704 μοιχείαν

209 2709 327 2748 αὐτοῦ
353 2710 707 2758 παραινιττόμενος·
731 2708 858 2751 ”Ηλιος
888 2713 964 2746 κτλ,
992 2731 1033 2735 -
1062 2709 1104 2745 V.
1132 2712 1152 2743 2
1179 2708 1207 2743 P
1234 2707 1408 2753 φιλοῦντι
1439 2702 1590 2751 ἑτέραν,
1621 2706 1651 2740 Β
1677 2718 1739 2750 φι-

207 2761 336 2795 λοῦντι
372 2757 537 2804 ἕταῖραν.
586 2759 689 2795 Haec
719 2759 835 2794 verba
865 2758 1044 2793 mendosa
1078 2767 1158 2792 esse
1189 2755 1268 2790 iure
1300 2753 1445 2790 censuit
1477 2753 1659 2788 Meinekc.
1695 2773 1738 2778 ——

209 2807 252 2843 V.
272 2811 312 2844 Β.
339 2808 503 2852 Βορρᾶς,
539 2807 568 2842 Β
596 2807 721 2855 βορᾶς.
748 2827 792 2832 —
824 2806 867 2841 V.
895 2810 926 2841 4.
955 2805 1135 2850 σπείρων,
1168 2802 1318 2840 Hecker
1347 2801 1501 2846 πειρῶν.
1534 2822 1578 2827 -
1609 2800 1739 2835 Hiero-

209 2868 341 2900 nymus
373 2854 658 2900 peripateticus,
690 2865 735 2889 ex
766 2865 839 2899 quo
872 2853 1087 2888 Athenaeus
1118 2851 1211 2887 haec
1243 2848 1457 2895 descripsit,
1488 2859 1561 2884 non
1593 2847 1742 2883 videtur

211 2904 302 2938 satis
333 2902 499 2947 locuples
531 2903 662 2938 auctor
694 2912 790 2946 esse,
825 2912 939 2945 quare
977 2900 1007 2935 si
1039 2899 1120 2945 quis
1146 2900 1186 2934 et
1208 2896 1525 2933 narratiunculam
1550 2896 1677 2931 fictam
1704 2897 1741 2931 et

212 2951 443 2997 epigiamma
468 2950 540 2985 hoc
566 2948 807 2985 subditicium
832 2948 993 2993 censeat,
1020 2947 1119 2983 haud
1146 2945 1383 2982 adversabor.
