<?xml version="1.0" encoding="UTF-8"?>
<!DOCTYPE html PUBLIC "-//W3C//DTD XHTML 1.0 Transitional//EN"
    "http://www.w3.org/TR/xhtml1/DTD/xhtml1-transitional.dtd">
<html xmlns="http://www.w3.org/1999/xhtml" xml:lang="en" lang="en">
 <head>
  <title>
</title>
<meta http-equiv="Content-Type" content="text/html;charset=utf-8" />
  <meta name='ocr-system' content='tesseract 3.04.00' />
  <meta name='ocr-capabilities' content='ocr_page ocr_carea ocr_par ocr_line ocrx_word'/>
</head>
<body>
  <div class='ocr_page' id='page_1' title='image "./poetaelyricigrae02berguoft_0525.png"; bbox 0 0 1890 3216; ppageno 0'>
   <div class='ocr_carea' id='block_1_1' title="bbox 0 0 63 660">
    <p class='ocr_par' dir='ltr' id='par_1_1' title="bbox 0 0 63 660">
     <span class='ocr_line' id='line_1_1' title="bbox 0 0 63 660; baseline 0 2556"><span class='ocrx_word' id='word_1_1' title='bbox 0 0 63 660; x_wconf 95' lang='lat' dir='ltr'><em> </em></span> 
     </span>
    </p>
   </div>
   <div class='ocr_carea' id='block_1_2' title="bbox 846 160 1742 205">
    <p class='ocr_par' dir='ltr' id='par_1_2' title="bbox 846 160 1742 205">
     <span class='ocr_line' id='line_1_2' title="bbox 846 160 1742 205; baseline 0.009 -8"><span class='ocrx_word' id='word_1_2' title='bbox 846 160 1095 198; x_wconf 84' lang='lat' dir='ltr'><strong>CERCIDAS.</strong></span> <span class='ocrx_word' id='word_1_3' title='bbox 1652 161 1742 205; x_wconf 82' lang='grc'><em>515</em></span> 
     </span>
    </p>
   </div>
   <div class='ocr_carea' id='block_1_3' title="bbox 947 273 1740 317">
    <p class='ocr_par' dir='ltr' id='par_1_3' title="bbox 947 273 1740 317">
     <span class='ocr_line' id='line_1_3' title="bbox 947 273 1740 317; baseline 0.003 -2"><span class='ocrx_word' id='word_1_4' title='bbox 947 273 986 315; x_wconf 82' lang='grc'><em>6.</em></span> <span class='ocrx_word' id='word_1_5' title='bbox 1669 283 1740 317; x_wconf 86' lang='lat'><em>800</em></span> 
     </span>
    </p>
   </div>
   <div class='ocr_carea' id='block_1_4' title="bbox 186 354 1738 612">
    <p class='ocr_par' dir='ltr' id='par_1_4' title="bbox 186 354 1738 612">
     <span class='ocr_line' id='line_1_4' title="bbox 311 354 1738 413; baseline 0.001 -15"><span class='ocrx_word' id='word_1_6' title='bbox 311 359 456 400; x_wconf 71' lang='lat' dir='ltr'><strong>Athen.</strong></span> <span class='ocrx_word' id='word_1_7' title='bbox 473 359 571 399; x_wconf 82' lang='lat' dir='ltr'>VIII</span> <span class='ocrx_word' id='word_1_8' title='bbox 592 361 676 401; x_wconf 82' lang='lat'><em>347</em></span> <span class='ocrx_word' id='word_1_9' title='bbox 691 360 741 400; x_wconf 86' lang='lat' dir='ltr'><em>B:</em></span> <span class='ocrx_word' id='word_1_10' title='bbox 775 356 876 400; x_wconf 71' lang='grc' dir='ltr'><em>οὕτω</em></span> <span class='ocrx_word' id='word_1_11' title='bbox 909 375 976 413; x_wconf 91' lang='grc' dir='ltr'><em>μοι</em></span> <span class='ocrx_word' id='word_1_12' title='bbox 1009 359 1123 400; x_wconf 86' lang='grc' dir='ltr'><em>δοκεῖ</em></span> <span class='ocrx_word' id='word_1_13' title='bbox 1142 357 1208 399; x_wconf 87' lang='grc' dir='ltr'><em>καὶ</em></span> <span class='ocrx_word' id='word_1_14' title='bbox 1234 354 1255 400; x_wconf 83' lang='grc' dir='ltr'><strong>ὅ</strong></span> <span class='ocrx_word' id='word_1_15' title='bbox 1281 355 1616 413; x_wconf 75' lang='grc' dir='ltr'><em>λεβητοχάρων</em></span> <span class='ocrx_word' id='word_1_16' title='bbox 1639 356 1738 400; x_wconf 84' lang='grc' dir='ltr'><em>Οὐλ-</em></span> 
     </span>
     <span class='ocr_line' id='line_1_5' title="bbox 188 421 1738 481; baseline 0.001 -16"><span class='ocrx_word' id='word_1_17' title='bbox 188 421 346 476; x_wconf 82' lang='grc' dir='ltr'><em>πιανός,</em></span> <span class='ocrx_word' id='word_1_18' title='bbox 377 421 474 466; x_wconf 76' lang='grc' dir='ltr'><em>κατὰ</em></span> <span class='ocrx_word' id='word_1_19' title='bbox 506 421 575 466; x_wconf 89' lang='grc' dir='ltr'><em>τὸν</em></span> <span class='ocrx_word' id='word_1_20' title='bbox 606 421 703 478; x_wconf 84' lang='grc' dir='ltr'><em>ἐμὸν</em></span> <span class='ocrx_word' id='word_1_21' title='bbox 728 426 1062 481; x_wconf 80' lang='grc' dir='ltr'><em>Μεγαλοπολίτην</em></span> <span class='ocrx_word' id='word_1_22' title='bbox 1088 426 1308 479; x_wconf 81' lang='grc' dir='ltr'><em>Κερκιδᾶν,</em></span> <span class='ocrx_word' id='word_1_23' title='bbox 1340 423 1466 479; x_wconf 84' lang='grc' dir='ltr'><em>μηδὲν</em></span> <span class='ocrx_word' id='word_1_24' title='bbox 1491 423 1563 479; x_wconf 82' lang='grc' dir='ltr'><em>μὲν</em></span> <span class='ocrx_word' id='word_1_25' title='bbox 1588 424 1738 467; x_wconf 80' lang='grc' dir='ltr'><em>ἐσθίειν</em></span> 
     </span>
     <span class='ocr_line' id='line_1_6' title="bbox 187 487 1733 546; baseline 0.001 -14"><span class='ocrx_word' id='word_1_26' title='bbox 187 493 267 532; x_wconf 87' lang='grc' dir='ltr'><em>τῶν</em></span> <span class='ocrx_word' id='word_1_27' title='bbox 297 487 416 546; x_wconf 76' lang='grc' dir='ltr'><em>ἀνδρὶ</em></span> <span class='ocrx_word' id='word_1_28' title='bbox 453 487 754 545; x_wconf 80' lang='grc' dir='ltr'><strong><em>προσηκόντων,</em></strong></span> <span class='ocrx_word' id='word_1_29' title='bbox 791 495 924 545; x_wconf 82' lang='grc' dir='ltr'><em>τηρεῖν</em></span> <span class='ocrx_word' id='word_1_30' title='bbox 963 490 1006 532; x_wconf 81' lang='grc' dir='ltr'><em>δὲ</em></span> <span class='ocrx_word' id='word_1_31' title='bbox 1037 488 1129 541; x_wconf 75' lang='grc' dir='ltr'><em>τοὺς</em></span> <span class='ocrx_word' id='word_1_32' title='bbox 1160 491 1387 543; x_wconf 80' lang='grc' dir='ltr'><em>ἐσθίοντας,</em></span> <span class='ocrx_word' id='word_1_33' title='bbox 1420 492 1456 532; x_wconf 84' lang='grc' dir='ltr'><em>εἰ</em></span> <span class='ocrx_word' id='word_1_34' title='bbox 1484 492 1676 545; x_wconf 82' lang='grc' dir='ltr'><em>παρεῖδον</em></span> <span class='ocrx_word' id='word_1_35' title='bbox 1708 488 1733 546; x_wconf 82' lang='grc' dir='ltr'><em>ἢ</em></span> 
     </span>
     <span class='ocr_line' id='line_1_7' title="bbox 186 553 1614 612; baseline 0.001 -14"><span class='ocrx_word' id='word_1_36' title='bbox 186 553 375 599; x_wconf 70' lang='grc' dir='ltr'><em>ἄκανθαν</em></span> <span class='ocrx_word' id='word_1_37' title='bbox 404 553 430 611; x_wconf 82' lang='grc' dir='ltr'><em>ἢ</em></span> <span class='ocrx_word' id='word_1_38' title='bbox 462 559 540 598; x_wconf 90' lang='grc' dir='ltr'><em>τῶν</em></span> <span class='ocrx_word' id='word_1_39' title='bbox 570 559 777 612; x_wconf 82' lang='grc' dir='ltr'><em>τραγανῶν</em></span> <span class='ocrx_word' id='word_1_40' title='bbox 807 573 842 598; x_wconf 91' lang='grc' dir='ltr'><em>τι</em></span> <span class='ocrx_word' id='word_1_41' title='bbox 872 553 899 611; x_wconf 81' lang='grc' dir='ltr'>ἢ</span> <span class='ocrx_word' id='word_1_42' title='bbox 931 558 1161 611; x_wconf 84' lang='grc' dir='ltr'><em>χονθρῶδες</em></span> <span class='ocrx_word' id='word_1_43' title='bbox 1190 560 1270 599; x_wconf 88' lang='grc' dir='ltr'><em>τῶν</em></span> <span class='ocrx_word' id='word_1_44' title='bbox 1300 556 1614 612; x_wconf 84' lang='grc' dir='ltr'><em>παρατεθέντων.</em></span> 
     </span>
    </p>
   </div>
   <div class='ocr_carea' id='block_1_5' title="bbox 305 676 1542 817">
    <p class='ocr_par' dir='ltr' id='par_1_5' title="bbox 305 676 1542 817">
     <span class='ocr_line' id='line_1_8' title="bbox 947 676 984 718; baseline 0 0"><span class='ocrx_word' id='word_1_45' title='bbox 947 676 984 718; x_wconf 81' lang='grc'><em>7,</em></span> 
     </span>
     <span class='ocr_line' id='line_1_9' title="bbox 305 758 1542 817; baseline -0.001 -14"><span class='ocrx_word' id='word_1_46' title='bbox 305 763 472 815; x_wconf 79' lang='lat' dir='ltr'><strong>Gregor.</strong></span> <span class='ocrx_word' id='word_1_47' title='bbox 506 764 600 804; x_wconf 85' lang='lat' dir='ltr'>Naz.</span> <span class='ocrx_word' id='word_1_48' title='bbox 633 763 682 803; x_wconf 84' lang='lat' dir='ltr'><em>de</em></span> <span class='ocrx_word' id='word_1_49' title='bbox 714 762 854 803; x_wconf 72' lang='lat' dir='ltr'><strong>virtut.</strong></span> <span class='ocrx_word' id='word_1_50' title='bbox 888 764 974 803; x_wconf 84' lang='lat'><em>595</em></span> <span class='ocrx_word' id='word_1_51' title='bbox 1007 758 1071 815; x_wconf 87' lang='lat' dir='ltr'><em>(T.</em></span> <span class='ocrx_word' id='word_1_52' title='bbox 1098 763 1139 802; x_wconf 89' lang='lat' dir='ltr'><em>II</em></span> <span class='ocrx_word' id='word_1_53' title='bbox 1167 765 1252 803; x_wconf 84' lang='lat'><em>213</em></span> <span class='ocrx_word' id='word_1_54' title='bbox 1280 762 1338 803; x_wconf 87' lang='lat' dir='ltr'><em>ed.</em></span> <span class='ocrx_word' id='word_1_55' title='bbox 1367 758 1542 817; x_wconf 82' lang='lat' dir='ltr'>Colon.):</span> 
     </span>
    </p>
   </div>
   <div class='ocr_carea' id='block_1_6' title="bbox 177 842 1729 1513">
    <p class='ocr_par' dir='ltr' id='par_1_6' title="bbox 385 842 1271 900">
     <span class='ocr_line' id='line_1_10' title="bbox 385 842 1271 900; baseline -0.001 -13"><span class='ocrx_word' id='word_1_56' title='bbox 385 844 567 888; x_wconf 67' lang='lat' dir='ltr'><em>“Anavw</em></span> <span class='ocrx_word' id='word_1_57' title='bbox 599 843 636 887; x_wconf 80' lang='grc' dir='ltr'><em>δ’</em></span> <span class='ocrx_word' id='word_1_58' title='bbox 673 845 806 900; x_wconf 76' lang='grc' dir='ltr'><em>ἕρπειν</em></span> <span class='ocrx_word' id='word_1_59' title='bbox 837 845 892 895; x_wconf 84' lang='grc' dir='ltr'><em>εἰς</em></span> <span class='ocrx_word' id='word_1_60' title='bbox 924 842 1059 899; x_wconf 83' lang='grc' dir='ltr'><em>βυθὸν</em></span> <span class='ocrx_word' id='word_1_61' title='bbox 1089 842 1135 887; x_wconf 73' lang='grc' dir='ltr'><em>τὰ</em></span> <span class='ocrx_word' id='word_1_62' title='bbox 1166 847 1271 899; x_wconf 86' lang='grc' dir='ltr'><em>τίμια</em></span> 
     </span>
    </p>

    <p class='ocr_par' dir='ltr' id='par_1_7' title="bbox 396 909 1265 968">
     <span class='ocr_line' id='line_1_11' title="bbox 396 909 1265 968; baseline 0 -16"><span class='ocrx_word' id='word_1_63' title='bbox 396 915 474 953; x_wconf 90' lang='grc' dir='ltr'><em>τῶν</em></span> <span class='ocrx_word' id='word_1_64' title='bbox 505 909 805 968; x_wconf 75' lang='grc' dir='ltr'><em>γαστριμάργων</em></span> <span class='ocrx_word' id='word_1_65' title='bbox 838 915 944 964; x_wconf 86' lang='grc' dir='ltr'><em>σῖτα,</em></span> <span class='ocrx_word' id='word_1_66' title='bbox 977 909 1071 966; x_wconf 86' lang='grc' dir='ltr'><em>μήτε</em></span> <span class='ocrx_word' id='word_1_67' title='bbox 1103 909 1175 953; x_wconf 83' lang='grc' dir='ltr'><em>σῖτ’</em></span> <span class='ocrx_word' id='word_1_68' title='bbox 1211 912 1265 952; x_wconf 87' lang='grc' dir='ltr'><em>ε’τι</em></span> 
     </span>
    </p>

    <p class='ocr_par' dir='ltr' id='par_1_8' title="bbox 398 972 1197 1031">
     <span class='ocr_line' id='line_1_12' title="bbox 398 972 1197 1031; baseline -0.003 -12"><span class='ocrx_word' id='word_1_69' title='bbox 398 981 476 1019; x_wconf 85' lang='grc' dir='ltr'><em>τῶν</em></span> <span class='ocrx_word' id='word_1_70' title='bbox 508 974 786 1019; x_wconf 78' lang='grc' dir='ltr'><em>εὐτελεστάτων</em></span> <span class='ocrx_word' id='word_1_71' title='bbox 817 976 978 1031; x_wconf 87' lang='grc' dir='ltr'><em>λέβητος</em></span> <span class='ocrx_word' id='word_1_72' title='bbox 1011 976 1050 1026; x_wconf 79' lang='grc' dir='ltr'><em>ἐξ</em></span> <span class='ocrx_word' id='word_1_73' title='bbox 1084 972 1197 1028; x_wconf 74' lang='grc' dir='ltr'><em>ἑνός,</em></span> 
     </span>
    </p>

    <p class='ocr_par' dir='ltr' id='par_1_9' title="bbox 396 1036 1299 1098">
     <span class='ocr_line' id='line_1_13' title="bbox 396 1036 1299 1098; baseline -0.003 -13"><span class='ocrx_word' id='word_1_74' title='bbox 396 1040 532 1097; x_wconf 81' lang='grc' dir='ltr'><em>ὀρθῶς</em></span> <span class='ocrx_word' id='word_1_75' title='bbox 562 1042 664 1098; x_wconf 83' lang='grc' dir='ltr'><em>λέγει</em></span> <span class='ocrx_word' id='word_1_76' title='bbox 694 1057 775 1084; x_wconf 88' lang='grc' dir='ltr'><em>που</em></span> <span class='ocrx_word' id='word_1_77' title='bbox 807 1043 1007 1096; x_wconf 78' lang='grc' dir='ltr'><em>Κερκιδᾶς</em></span> <span class='ocrx_word' id='word_1_78' title='bbox 1038 1036 1059 1083; x_wconf 83' lang='grc' dir='ltr'><strong>ὃ</strong></span> <span class='ocrx_word' id='word_1_79' title='bbox 1094 1043 1299 1094; x_wconf 81' lang='grc' dir='ltr'><em>φίλτατος,</em></span> 
     </span>
    </p>

    <p class='ocr_par' dir='ltr' id='par_1_10' title="bbox 395 1105 1255 1163">
     <span class='ocr_line' id='line_1_14' title="bbox 395 1105 1255 1163; baseline -0.002 -13"><span class='ocrx_word' id='word_1_80' title='bbox 395 1108 503 1159; x_wconf 85' lang='grc' dir='ltr'><em>τέλος</em></span> <span class='ocrx_word' id='word_1_81' title='bbox 533 1106 777 1163; x_wconf 81' lang='grc' dir='ltr'><em>τρυφώντων</em></span> <span class='ocrx_word' id='word_1_82' title='bbox 809 1106 928 1160; x_wconf 81' lang='grc' dir='ltr'><em>αὐτὸς</em></span> <span class='ocrx_word' id='word_1_83' title='bbox 960 1108 1109 1150; x_wconf 82' lang='grc' dir='ltr'><em>ἐσθίων</em></span> <span class='ocrx_word' id='word_1_84' title='bbox 1141 1105 1255 1161; x_wconf 78' lang='grc' dir='ltr'><em>α’λας,</em></span> 
     </span>
    </p>

    <p class='ocr_par' dir='ltr' id='par_1_11' title="bbox 177 1171 1729 1513">
     <span class='ocr_line' id='line_1_15' title="bbox 394 1171 1291 1230; baseline -0.002 -13"><span class='ocrx_word' id='word_1_85' title='bbox 394 1171 517 1230; x_wconf 79' lang='grc' dir='ltr'><em>αὐτῆς</em></span> <span class='ocrx_word' id='word_1_86' title='bbox 547 1179 702 1230; x_wconf 80' lang='grc' dir='ltr'><em>τρυφῆς</em></span> <span class='ocrx_word' id='word_1_87' title='bbox 734 1172 798 1217; x_wconf 78' lang='grc' dir='ltr'><em>ἔθ’</em></span> <span class='ocrx_word' id='word_1_88' title='bbox 834 1172 1013 1230; x_wconf 75' lang='grc' dir='ltr'><em>ἁλμυρὸν</em></span> <span class='ocrx_word' id='word_1_89' title='bbox 1043 1171 1291 1216; x_wconf 82' lang='grc' dir='ltr'><em>καταπτύων.</em></span> 
     </span>
     <span class='ocr_line' id='line_1_16' title="bbox 179 1260 1729 1314; baseline -0.001 -12"><span class='ocrx_word' id='word_1_90' title='bbox 179 1262 430 1313; x_wconf 73' lang='lat' dir='ltr'>comparavit</span> <span class='ocrx_word' id='word_1_91' title='bbox 461 1275 551 1303; x_wconf 83' lang='lat' dir='ltr'><em>cum</em></span> <span class='ocrx_word' id='word_1_92' title='bbox 583 1262 666 1314; x_wconf 83' lang='lat' dir='ltr'>his,</span> <span class='ocrx_word' id='word_1_93' title='bbox 699 1274 801 1313; x_wconf 80' lang='lat' dir='ltr'>quae</span> <span class='ocrx_word' id='word_1_94' title='bbox 832 1261 1046 1302; x_wconf 79' lang='lat' dir='ltr'>manifesto</span> <span class='ocrx_word' id='word_1_95' title='bbox 1079 1262 1271 1311; x_wconf 66' lang='lat' dir='ltr'>corrupssa</span> <span class='ocrx_word' id='word_1_96' title='bbox 1302 1262 1414 1310; x_wconf 67' lang='lat' dir='ltr'>sunb,</span> <span class='ocrx_word' id='word_1_97' title='bbox 1453 1260 1636 1300; x_wconf 84' lang='lat' dir='ltr'>Meineke</span> <span class='ocrx_word' id='word_1_98' title='bbox 1669 1273 1729 1312; x_wconf 84' lang='lat' dir='ltr'><em>ea,</em></span> 
     </span>
     <span class='ocr_line' id='line_1_17' title="bbox 179 1321 1725 1380; baseline -0.001 -13"><span class='ocrx_word' id='word_1_99' title='bbox 179 1341 282 1379; x_wconf 86' lang='lat' dir='ltr'><strong>quae</strong></span> <span class='ocrx_word' id='word_1_100' title='bbox 309 1328 431 1380; x_wconf 81' lang='lat' dir='ltr'><strong>Greg.</strong></span> <span class='ocrx_word' id='word_1_101' title='bbox 457 1329 554 1368; x_wconf 87' lang='lat' dir='ltr'><strong>Naz.</strong></span> <span class='ocrx_word' id='word_1_102' title='bbox 581 1328 635 1368; x_wconf 87' lang='lat' dir='ltr'><em>ib.</em></span> <span class='ocrx_word' id='word_1_103' title='bbox 663 1342 699 1369; x_wconf 88' lang='lat' dir='ltr'><em>v.</em></span> <span class='ocrx_word' id='word_1_104' title='bbox 729 1331 782 1369; x_wconf 88' lang='grc'><em>96</em></span> <span class='ocrx_word' id='word_1_105' title='bbox 818 1328 935 1368; x_wconf 73' lang='lat' dir='ltr'><strong>dixit:</strong></span> <span class='ocrx_word' id='word_1_106' title='bbox 967 1323 1084 1380; x_wconf 72' lang='grc' dir='ltr'><em>ᾶρτος</em></span> <span class='ocrx_word' id='word_1_107' title='bbox 1115 1321 1138 1379; x_wconf 83' lang='grc' dir='ltr'>ἡ</span> <span class='ocrx_word' id='word_1_108' title='bbox 1172 1326 1362 1380; x_wconf 85' lang='grc' dir='ltr'><em>καρυκεία</em></span> <span class='ocrx_word' id='word_1_109' title='bbox 1393 1324 1479 1378; x_wconf 82' lang='grc' dir='ltr'><em>ἐμοὶ</em></span> <span class='ocrx_word' id='word_1_110' title='bbox 1510 1322 1556 1366; x_wconf 79' lang='grc' dir='ltr'><em>τὰ</em></span> <span class='ocrx_word' id='word_1_111' title='bbox 1581 1322 1725 1379; x_wconf 85' lang='grc' dir='ltr'><em>πόματ’</em></span> 
     </span>
     <span class='ocr_line' id='line_1_18' title="bbox 182 1388 1727 1448; baseline -0.001 -14"><span class='ocrx_word' id='word_1_112' title='bbox 182 1392 223 1443; x_wconf 81' lang='grc' dir='ltr'><em>ἐξ</em></span> <span class='ocrx_word' id='word_1_113' title='bbox 254 1389 358 1435; x_wconf 84' lang='grc' dir='ltr'><em>ὁλῶν</em></span> <span class='ocrx_word' id='word_1_114' title='bbox 389 1390 498 1435; x_wconf 71' lang='grc' dir='ltr'><em>ἅπαν</em></span> <span class='ocrx_word' id='word_1_115' title='bbox 529 1390 669 1448; x_wconf 79' lang='grc' dir='ltr'><em>γλυκύ,</em></span> <span class='ocrx_word' id='word_1_116' title='bbox 703 1390 763 1443; x_wconf 83' lang='grc' dir='ltr'><em>οἷς</em></span> <span class='ocrx_word' id='word_1_117' title='bbox 787 1397 866 1435; x_wconf 88' lang='grc' dir='ltr'><em>τῶν</em></span> <span class='ocrx_word' id='word_1_118' title='bbox 891 1391 1135 1448; x_wconf 80' lang='grc' dir='ltr'><em>τρυφώντων</em></span> <span class='ocrx_word' id='word_1_119' title='bbox 1161 1389 1340 1446; x_wconf 75' lang='grc' dir='ltr'><em>ἁλμυρὸν</em></span> <span class='ocrx_word' id='word_1_120' title='bbox 1365 1388 1611 1434; x_wconf 82' lang='grc' dir='ltr'><em>καταπτύων,</em></span> <span class='ocrx_word' id='word_1_121' title='bbox 1657 1394 1727 1433; x_wconf 80' lang='lat' dir='ltr'><em>sed</em></span> 
     </span>
     <span class='ocr_line' id='line_1_19' title="bbox 177 1461 853 1513; baseline 0.001 -13"><span class='ocrx_word' id='word_1_122' title='bbox 177 1461 284 1501; x_wconf 84' lang='lat' dir='ltr'>huno</span> <span class='ocrx_word' id='word_1_123' title='bbox 314 1462 447 1502; x_wconf 78' lang='lat' dir='ltr'>locum</span> <span class='ocrx_word' id='word_1_124' title='bbox 477 1462 632 1502; x_wconf 81' lang='lat' dir='ltr'><strong>frustra</strong></span> <span class='ocrx_word' id='word_1_125' title='bbox 662 1462 853 1513; x_wconf 79' lang='lat' dir='ltr'>quaesivi.</span> 
     </span>
    </p>
   </div>
   <div class='ocr_carea' id='block_1_7' title="bbox 927 1577 967 1620">
    <p class='ocr_par' dir='ltr' id='par_1_12' title="bbox 927 1577 967 1620">
     <span class='ocr_line' id='line_1_20' title="bbox 927 1577 967 1620; baseline 0.025 -1"><span class='ocrx_word' id='word_1_126' title='bbox 927 1577 967 1620; x_wconf 88' lang='grc'><em>9.</em></span> 
     </span>
    </p>
   </div>
   <div class='ocr_carea' id='block_1_8' title="bbox 179 1658 1726 1852">
    <p class='ocr_par' dir='ltr' id='par_1_13' title="bbox 179 1658 1726 1852">
     <span class='ocr_line' id='line_1_21' title="bbox 298 1658 1726 1718; baseline -0.003 -12"><span class='ocrx_word' id='word_1_127' title='bbox 298 1667 415 1707; x_wconf 72' lang='lat' dir='ltr'><strong>Phot.</strong></span> <span class='ocrx_word' id='word_1_128' title='bbox 435 1667 541 1707; x_wconf 91' lang='lat' dir='ltr'>Bibl.</span> <span class='ocrx_word' id='word_1_129' title='bbox 564 1668 647 1707; x_wconf 83' lang='lat'><em>279</em></span> <span class='ocrx_word' id='word_1_130' title='bbox 670 1681 706 1717; x_wconf 88' lang='lat' dir='ltr'><em>p.</em></span> <span class='ocrx_word' id='word_1_131' title='bbox 730 1666 886 1706; x_wconf 73' lang='lat'><strong>5333:</strong></span> <span class='ocrx_word' id='word_1_132' title='bbox 918 1662 984 1704; x_wconf 86' lang='grc' dir='ltr'><em>καὶ</em></span> <span class='ocrx_word' id='word_1_133' title='bbox 1015 1659 1040 1716; x_wconf 82' lang='grc' dir='ltr'>ἡ</span> <span class='ocrx_word' id='word_1_134' title='bbox 1074 1662 1213 1718; x_wconf 83' lang='grc' dir='ltr'><em>μαγὶς</em></span> <span class='ocrx_word' id='word_1_135' title='bbox 1246 1661 1289 1703; x_wconf 82' lang='grc' dir='ltr'><em>δὲ</em></span> <span class='ocrx_word' id='word_1_136' title='bbox 1320 1658 1408 1703; x_wconf 75' lang='grc' dir='ltr'><em>ἀντὶ</em></span> <span class='ocrx_word' id='word_1_137' title='bbox 1437 1665 1506 1716; x_wconf 84' lang='grc' dir='ltr'><em>τῆς</em></span> <span class='ocrx_word' id='word_1_138' title='bbox 1536 1660 1726 1716; x_wconf 77' lang='grc' dir='ltr'><em>τραπέζης</em></span> 
     </span>
     <span class='ocr_line' id='line_1_22' title="bbox 179 1721 1726 1787; baseline -0.003 -15"><span class='ocrx_word' id='word_1_139' title='bbox 179 1729 402 1787; x_wconf 78' lang='grc' dir='ltr'><em>Αἰγύπτιον</em></span> <span class='ocrx_word' id='word_1_140' title='bbox 434 1729 540 1782; x_wconf 79' lang='grc' dir='ltr'><em>δόξει</em></span> <span class='ocrx_word' id='word_1_141' title='bbox 570 1731 636 1773; x_wconf 84' lang='grc' dir='ltr'><em>καὶ</em></span> <span class='ocrx_word' id='word_1_142' title='bbox 667 1734 866 1780; x_wconf 85' lang='grc' dir='ltr'><em>παντελῶς</em></span> <span class='ocrx_word' id='word_1_143' title='bbox 897 1729 1103 1783; x_wconf 73' lang='grc' dir='ltr'><em>ἔκθεσμον.</em></span> <span class='ocrx_word' id='word_1_144' title='bbox 1151 1721 1391 1782; x_wconf 85' lang='grc' dir='ltr'><em>Ἐπίχαρμος</em></span> <span class='ocrx_word' id='word_1_145' title='bbox 1424 1726 1467 1768; x_wconf 85' lang='grc' dir='ltr'><em>δὲ</em></span> <span class='ocrx_word' id='word_1_146' title='bbox 1499 1723 1520 1769; x_wconf 83' lang='grc' dir='ltr'><em>ὃ</em></span> <span class='ocrx_word' id='word_1_147' title='bbox 1546 1724 1726 1780; x_wconf 83' lang='grc' dir='ltr'><em>Δωριεὺς</em></span> 
     </span>
     <span class='ocr_line' id='line_1_23' title="bbox 181 1791 1723 1852; baseline -0.003 -13"><span class='ocrx_word' id='word_1_148' title='bbox 181 1797 249 1839; x_wconf 83' lang='grc' dir='ltr'><em>καὶ</em></span> <span class='ocrx_word' id='word_1_149' title='bbox 267 1798 466 1852; x_wconf 79' lang='grc' dir='ltr'><em>Κερκιδᾶς</em></span> <span class='ocrx_word' id='word_1_150' title='bbox 492 1794 513 1840; x_wconf 83' lang='grc' dir='ltr'>ὁ</span> <span class='ocrx_word' id='word_1_151' title='bbox 535 1794 742 1851; x_wconf 89' lang='grc' dir='ltr'><em>μελοποιὸς</em></span> <span class='ocrx_word' id='word_1_152' title='bbox 769 1796 832 1838; x_wconf 84' lang='grc' dir='ltr'><em>ἐπὶ</em></span> <span class='ocrx_word' id='word_1_153' title='bbox 856 1799 925 1850; x_wconf 86' lang='grc' dir='ltr'><em>τῆς</em></span> <span class='ocrx_word' id='word_1_154' title='bbox 949 1792 1071 1849; x_wconf 81' lang='grc' dir='ltr'><em>αὐτῆς</em></span> <span class='ocrx_word' id='word_1_155' title='bbox 1099 1795 1279 1844; x_wconf 86' lang='grc' dir='ltr'><em>διανοίας</em></span> <span class='ocrx_word' id='word_1_156' title='bbox 1305 1791 1518 1848; x_wconf 78' lang='grc' dir='ltr'><em>ἐχρήσαντο</em></span> <span class='ocrx_word' id='word_1_157' title='bbox 1543 1797 1589 1850; x_wconf 64' lang='lat'><em>13⁰</em></span> <span class='ocrx_word' id='word_1_158' title='bbox 1614 1793 1723 1845; x_wconf 78' lang='grc' dir='ltr'><em>λέξει.</em></span> 
     </span>
    </p>
   </div>
   <div class='ocr_carea' id='block_1_9' title="bbox 932 1915 971 1957">
    <p class='ocr_par' dir='ltr' id='par_1_14' title="bbox 932 1915 971 1957">
     <span class='ocr_line' id='line_1_24' title="bbox 932 1915 971 1957; baseline 0 0"><span class='ocrx_word' id='word_1_159' title='bbox 932 1915 971 1957; x_wconf 86' lang='grc'><em>9.</em></span> 
     </span>
    </p>
   </div>
   <div class='ocr_carea' id='block_1_10' title="bbox 175 1995 1720 2119">
    <p class='ocr_par' dir='ltr' id='par_1_15' title="bbox 175 1995 1720 2119">
     <span class='ocr_line' id='line_1_25' title="bbox 293 1995 1720 2054; baseline -0.001 -14"><span class='ocrx_word' id='word_1_160' title='bbox 293 2002 437 2041; x_wconf 85' lang='lat' dir='ltr'>Pollux</span> <span class='ocrx_word' id='word_1_161' title='bbox 455 2001 518 2040; x_wconf 92' lang='lat' dir='ltr'><em>III</em></span> <span class='ocrx_word' id='word_1_162' title='bbox 541 2004 614 2042; x_wconf 81' lang='lat'><em>27:</em></span> <span class='ocrx_word' id='word_1_163' title='bbox 637 1997 882 2053; x_wconf 81' lang='grc' dir='ltr'><em>Ἐπιποὶτωρ·</em></span> <span class='ocrx_word' id='word_1_164' title='bbox 910 1998 1064 2054; x_wconf 88' lang='grc' dir='ltr'><em>βέλτιον</em></span> <span class='ocrx_word' id='word_1_165' title='bbox 1088 1995 1164 2053; x_wconf 77' lang='grc' dir='ltr'><em>γὰρ</em></span> <span class='ocrx_word' id='word_1_166' title='bbox 1188 1995 1364 2051; x_wconf 76' lang='grc' dir='ltr'><em>τοῦνομα</em></span> <span class='ocrx_word' id='word_1_167' title='bbox 1387 2001 1458 2039; x_wconf 81' lang='grc' dir='ltr'><em>τοῦ</em></span> <span class='ocrx_word' id='word_1_168' title='bbox 1477 2001 1720 2052; x_wconf 77' lang='grc' dir='ltr'><em>πατρωοῢ,</em></span> 
     </span>
     <span class='ocr_line' id='line_1_26' title="bbox 175 2064 755 2119; baseline -0.002 -12"><span class='ocrx_word' id='word_1_169' title='bbox 175 2067 211 2107; x_wconf 82' lang='grc' dir='ltr'><em>εἰ</em></span> <span class='ocrx_word' id='word_1_170' title='bbox 238 2065 305 2108; x_wconf 81' lang='grc' dir='ltr'><em>καὶ</em></span> <span class='ocrx_word' id='word_1_171' title='bbox 336 2066 532 2119; x_wconf 84' lang='grc' dir='ltr'><em>Κερκιδᾶς</em></span> <span class='ocrx_word' id='word_1_172' title='bbox 562 2064 755 2119; x_wconf 84' lang='grc' dir='ltr'><em>κέχρηται.</em></span> 
     </span>
    </p>
   </div>
   <div class='ocr_carea' id='block_1_11' title="bbox 174 2201 1719 2307">
    <p class='ocr_par' dir='ltr' id='par_1_16' title="bbox 174 2201 1717 2300">
     <span class='ocr_line' id='line_1_27' title="bbox 176 2201 1717 2263; baseline -0.003 -20"><span class='ocrx_word' id='word_1_173' title='bbox 176 2205 315 2244; x_wconf 73' lang='grc' dir='ltr'><em>ἑαυτοῦ</em></span> <span class='ocrx_word' id='word_1_174' title='bbox 341 2210 539 2251; x_wconf 73' lang='grc' dir='ltr'><em>σοφισταῖς</em></span> <span class='ocrx_word' id='word_1_175' title='bbox 565 2202 630 2252; x_wconf 81' lang='grc' dir='ltr'><em>ἐφ’</em></span> <span class='ocrx_word' id='word_1_176' title='bbox 660 2203 812 2252; x_wconf 82' lang='grc' dir='ltr'><em>ὑψηλοῦ</em></span> <span class='ocrx_word' id='word_1_177' title='bbox 838 2202 984 2263; x_wconf 81' lang='grc' dir='ltr'><em>θρόνου</em></span> <span class='ocrx_word' id='word_1_178' title='bbox 1013 2202 1234 2262; x_wconf 81' lang='grc' dir='ltr'><em>καθήμενος</em></span> <span class='ocrx_word' id='word_1_179' title='bbox 1259 2201 1301 2240; x_wconf 80' lang='grc' dir='ltr'><em>ἐν</em></span> <span class='ocrx_word' id='word_1_180' title='bbox 1335 2201 1608 2251; x_wconf 79' lang='grc' dir='ltr'><em>κριομύξοις</em></span> <span class='ocrx_word' id='word_1_181' title='bbox 1639 2217 1717 2240; x_wconf 86' lang='grc' dir='ltr'><em>αν-</em></span> 
     </span>
     <span class='ocr_line' id='line_1_28' title="bbox 174 2250 1719 2307; baseline -0.002 -16"><span class='ocrx_word' id='word_1_182' title='bbox 174 2257 224 2301; x_wconf 81' lang='grc' dir='ltr'><em>δρ</em></span> <span class='ocrx_word' id='word_1_183' title='bbox 233 2252 355 2300; x_wconf 78' lang='grc' dir='ltr'><em>ἄσιν,</em></span> <span class='ocrx_word' id='word_1_184' title='bbox 382 2253 432 2296; x_wconf 82' lang='grc' dir='ltr'><em>ὡς</em></span> <span class='ocrx_word' id='word_1_185' title='bbox 457 2252 477 2290; x_wconf 87' lang='grc' dir='ltr'><strong>ὁ</strong></span> <span class='ocrx_word' id='word_1_186' title='bbox 507 2254 696 2300; x_wconf 80' lang='grc' dir='ltr'><em>Κερκιδᾶς</em></span> <span class='ocrx_word' id='word_1_187' title='bbox 715 2265 855 2307; x_wconf 66' lang='grc' dir='ltr'><em>φησιν,</em></span> <span class='ocrx_word' id='word_1_188' title='bbox 889 2250 1202 2300; x_wconf 78' lang='grc' dir='ltr'><em>εὐδοκιμήσει.</em></span> <span class='ocrx_word' id='word_1_189' title='bbox 1255 2252 1300 2289; x_wconf 88' lang='lat' dir='ltr'><em>cf.</em></span> <span class='ocrx_word' id='word_1_190' title='bbox 1334 2252 1448 2289; x_wconf 73' lang='lat' dir='ltr'>etiam</span> <span class='ocrx_word' id='word_1_191' title='bbox 1481 2252 1555 2290; x_wconf 80' lang='lat' dir='ltr'><strong>Ino.</strong></span> <span class='ocrx_word' id='word_1_192' title='bbox 1588 2253 1719 2289; x_wconf 64' lang='lat' dir='ltr'><strong>auossor</strong></span> 
     </span>
    </p>
   </div>
   <div class='ocr_carea' id='block_1_12' title="bbox 174 2300 807 2350">
    <p class='ocr_par' dir='ltr' id='par_1_17' title="bbox 174 2300 807 2350">
     <span class='ocr_line' id='line_1_29' title="bbox 174 2300 807 2350; baseline -0.003 -11"><span class='ocrx_word' id='word_1_193' title='bbox 174 2303 271 2350; x_wconf 65' lang='grc'><strong>6103.</strong></span> <span class='ocrx_word' id='word_1_194' title='bbox 299 2302 428 2350; x_wconf 84' lang='lat' dir='ltr'>capilli</span> <span class='ocrx_word' id='word_1_195' title='bbox 453 2315 489 2349; x_wconf 86' lang='lat' dir='ltr'><em>p.</em></span> <span class='ocrx_word' id='word_1_196' title='bbox 516 2306 561 2338; x_wconf 82' lang='lat'><em>32</em></span> <span class='ocrx_word' id='word_1_197' title='bbox 589 2303 658 2338; x_wconf 84' lang='lat' dir='ltr'><strong>ed.&#39;</strong></span> <span class='ocrx_word' id='word_1_198' title='bbox 671 2300 807 2338; x_wconf 84' lang='lat' dir='ltr'>Miller.</span> 
     </span>
    </p>
   </div>
   <div class='ocr_carea' id='block_1_13' title="bbox 1346 2991 1424 3031">
    <p class='ocr_par' dir='ltr' id='par_1_18' title="bbox 1346 2991 1424 3031">
     <span class='ocr_line' id='line_1_30' title="bbox 1346 2991 1424 3031; baseline 0.038 -22"><span class='ocrx_word' id='word_1_199' title='bbox 1346 2991 1424 3031; x_wconf 75' lang='lat'><em>33*</em></span> 
     </span>
    </p>
   </div>
  </div>
 </body>
</html>
