1890 3216
190 147 246 189 58
714 149 905 185 ΡΟΕΤΑΕ
931 149 1172 204 ELEGIACI.

259 258 438 299 πολλῶν
470 253 528 299 ἄν
560 254 743 313 ἀνδρῶν
774 255 847 313 ἥδ’
884 255 1091 314 ἐχηρώθη
1123 257 1262 307 πόλις.

211 337 231 368 5
258 328 348 370 τῶν
381 325 528 371 οὕνεκ’
565 325 708 383 ἀρχὴν
741 326 968 371 πάντοθεν
1000 325 1271 383 κυκεύμενος

259 394 319 449 ὥς
351 399 399 441 ἐν
430 398 562 442 κυσὶν
595 403 829 443 πολλαῖσιν
863 398 1090 456 ἐστράφην
1121 397 1269 450 λύκος.

847 625 1054 678 38.[26]

261 722 454 762 Πίνουσι
486 718 558 761 καὶ
590 717 862 775 τρώγουσιν,
895 720 941 762 oc
970 717 1051 775 μὲν
1084 723 1221 775 ἴτρια,

260 792 306 833 οἱ
336 789 375 833 6’
412 789 548 846 ἄρτον
581 788 753 846 αὐτῶν,
786 792 832 833 οί
854 789 911 834 ’δὲ
943 790 1329 847 συμμεμιγμένους

259 860 454 919 γούρους
486 870 687 918 φακοῖσι·
719 867 839 905 κεῖθι
872 859 913 905 6'
951 859 1053 905 οὔτε
1085 861 1326 918 πεμμάτων

256 931 439 976 ἄπεστιν
473 930 629 988 οὐδέν,
663 931 767 976 οὔθ’
805 931 875 977 ὅσ’
910 931 1194 990 ἀνθρώποισι
1225 935 1282 989 γῆ

212 1016 232 1047 5
259 1005 385 1060 φέρει
417 1004 621 1062 μέλαινα,
653 1003 797 1048 πάντα
830 1005 871 1048 6⁷
907 1002 1126 1061 ἀφθόνως
1156 1006 1289 1062 πάρα.
1651 1017 1719 1049 437

919 1150 987 1192 39.

258 1242 518 1286 Σπεύδουσι
551 1240 593 1286 6⁷
630 1244 675 1286 οἱ
703 1242 784 1299 μὲν
818 1245 958 1299 ἴγδιν,
991 1244 1038 1286 οἱ
1067 1241 1116 1286 δὲ
1148 1246 1352 1299 σίλφιον,

258 1315 304 1357 οἱ
334 1311 375 1357 6’
414 1312 525 1366 ὅξος.

186 1456 480 1501 iambographus
508 1457 635 1491 autem
659 1455 770 1491 metri
795 1455 917 1500 gratia
943 1454 1118 1490 adhibuit
1142 1454 1377 1500 trisyllabam
1403 1456 1582 1499 formam,
1610 1469 1721 1502 quam

187 1504 285 1549 epici
311 1506 446 1548 poetae
471 1503 657 1548 ignorant.
709 1504 806 1548 Δι’χα
831 1503 868 1538 11.
895 1514 926 1538 e.
952 1502 1063 1560 χωρὶς
1087 1503 1234 1538 seorsim
1259 1503 1474 1539 emendavit
1500 1504 1542 1540 Ο.
1569 1504 1720 1540 Schnei-

187 1551 262 1587 der.
315 1551 471 1586 Versum
498 1550 646 1586 refinxit
672 1550 807 1585 Sitzler
832 1544 948 1591 αὖθις
973 1547 1011 1585 6’
1039 1545 1063 1585 οὶ
1090 1554 1185 1585 τοῖσι
1211 1546 1414 1607 μοῦτάροῖς
1433 1552 1540 1605 ὃρᾷν,
1561 1551 1626 1587 ναὶ
1645 1553 1721 1588 Δία

187 1602 260 1634 κτλ.
311 1598 391 1633 Α111
421 1599 498 1634 alia
529 1599 786 1654 tentaverunt,
821 1598 925 1632 velut
957 1597 1191 1633 Valckenaer
1222 1609 1289 1643 pro
1328 1595 1392 1633 διὰ
1426 1598 1575 1645 scripsit
1606 1598 1720 1644 κακὰ,

189 1646 366 1682 Schaefer
393 1648 467 1695 βίᾳ.
494 1646 638 1681 Ahrens
665 1626 786 1686 αὖθις
807 1642 844 1680 δ’
872 1640 896 1680 ἃ
924 1649 1053 1689 τοῖσιν,
1081 1642 1272 1691 ἑκατέροις
1298 1646 1435 1691 δρᾶσαι
1455 1647 1554 1692 δίχα,
1574 1648 1720 1705 πολλῶν

187 1697 273 1738 κτλ,
300 1684 489 1729 Hermann
514 1698 610 1729 τοῖσι
635 1695 804 1750 χάτέροις
830 1694 979 1728 servata
1004 1693 1184 1728 librorum
1211 1695 1414 1750 scnptura
1416 1693 1479 1729 διὰ
1499 1696 1645 1730 πολλῶν
1672 1692 1720 1730 ὂὶν

186 1723 338 1799 ἀνδρῶν
358 1738 422 1786 ἡδ’
446 1739 633 1787 ἐχειρώθη
654 1738 770 1784 πόλις,
791 1740 963 1800 Hartung
983 1737 1150 1785 ἥνδανεν
1169 1737 1344 1786 γράφειν,
1365 1734 1481 1782 αὖθις
1501 1738 1537 1776 6'
1566 1755 1590 1777 α
1613 1747 1719 1788 τοῖσι,

187 1786 367 1846 χάτέρους
377 1790 561 1846 θραῦσαι
589 1790 662 1838 βίᾳ.
691 1810 734 1814 --
761 1789 805 1824 V.
832 1792 863 1823 4.
900 1785 1075 1833 ἐχηρώθη
1102 1788 1352 1832 Valckenaer,
1384 1801 1419 1824 v,
1447 1786 1719 1846 ἔχειρώθη.-
1744 1794 1752 1803 ”

187 1837 230 1871 V.
247 1840 278 1872 5.
294 1833 426 1894 αρχὴν,
447 1834 560 1882 ἄρκυι
580 1825 751 1872 Meineke
766 1837 805 1871 et
817 1835 1010 1881 Emperius
1031 1835 1110 1880 (qui
1124 1817 1719 1882 etiamcic'ypn)‚Ha·1-tung'aenaim

188 1883 333 1919 Ahrens
354 1882 487 1929 ἄρδην,
508 1884 659 1919 Lobeck
686 1880 826 1943 ὀργῇ
867 1882 1222 1938 .κνκλεύμενος,
1247 1884 1319 1918 hoc
1345 1883 1497 1940 quidem
1521 1886 1634 1929 recte,
1655 1886 1720 1920 sed

185 1931 420 1967 scribendum
447 1943 579 1967 censeo
604 1932 679 1967 τῶν
706 1930 842 1967 ἕνεκα
868 1931 1028 1988 ταρχῇ
1033 1928 1229 1966 πάντοθεν
1255 1928 1518 1976 κυκλεύμενος.
1557 1932 1720 1977 Hesych.

186 1976 301 2032 τάρχη
329 1976 490 2025 (ταρχή)·
517 1977 679 2024 τάραξις.
702 1980 739 2014 et
758 1975 930 2024 ἄταρχος,
957 1975 1156 2024 ατάραχος.
1195 1978 1240 2013 cf.
1261 1979 1350 2015 ibid.
1372 1979 1598 2024 ταρχαίνειν.
1650 1980 1715 2015 So-

185 2025 329 2062 lutione
354 2027 474 2062 utitur
497 2030 611 2072 poeta
636 2026 675 2061 in
700 2027 819 2072 primo
846 2026 1082 2071 potissimum
1108 2025 1202 2070 pede
1228 2026 1289 2062 vel
1314 2027 1399 2071 post
1417 2037 1620 2071 caesuram,
1640 2026 1717 2063 vid.

185 2075 227 2109 fr
256 2078 312 2120 33,
339 2079 371 2110 3.
399 2077 455 2118 35,
484 2079 514 2109 1.
541 2078 598 2110 40.
648 2074 816 2109 Eandem
844 2074 963 2129 legem
989 2073 1236 2109 Archilochus
1262 2074 1490 2119 observavit,
1522 2085 1605 2110 raro
1632 2074 1717 2109 aliis

186 2122 290 2164 locis,
315 2123 421 2157 velut
446 2119 536 2158 οὐδὲ
562 2120 781 2168 θαυμάσιον
815 2118 946 2167 ἐπειδὴ
980 2121 1040 2156 vel
1073 2118 1164 2157 οὐδὲ
1198 2103 1517 2167 διαπεπλιγμένον
1542 2122 1640 2156 hanc
1671 2121 1715 2157 li-

186 2170 346 2205 centiam
373 2170 535 2206 admisit.

280 2230 338 2264 F1.
365 2233 422 2265 38.
471 2229 552 2264 Hoc
579 2230 618 2264 et
642 2229 684 2264 fr.
706 2233 762 2264 39.
784 2233 829 2263 40
857 2240 900 2264 ex
924 2240 998 2264 uno
1024 2228 1228 2273 eodemque
1255 2227 1417 2263 carmine
1441 2227 1563 2284 petita
1588 2228 1718 2264 viden-

187 2280 257 2311 tur.
285 2276 418 2312 Athen.
440 2275 524 2312 XIV
549 2280 617 2312 645
644 2277 690 2312 F:
717 2277 853 2322 γοῦρος
878 2275 920 2321 (C
946 2276 1070 2322 γῦρος,
1091 2275 1180 2321 epit.
1201 2275 1300 2311 Hoes
1304 2274 1359 2310 ch.
1380 2274 1513 2320 γῶρος)
1540 2288 1598 2310 οτι
1622 2278 1715 2311 πλα-

187 2324 345 2365 κοῦντος
362 2322 483 2381 &2609⁷
510 2321 529 2359 6
557 2322 689 2360 Σόλων
716 2322 757 2361 ἐν
783 2328 862 2364 τοῖς
894 2321 1079 2382 ἰάμβοις
1112 2323 1219 2379 φησί·
1246 2323 1407 2358 Πίνουσι
1438 2325 1513 2358 κτλ.
1540 2343 1586 2348 -
1611 2322 1656 2357 V.
1681 2327 1715 2359 4.

186 2367 312 2415 οὐδέν,
334 2368 425 2407 οὔθ’
449 2368 506 2407 ὅσ’
536 2371 680 2430 scripsi,
700 2372 764 2407 AB
785 2368 872 2407 οὐδ’
897 2370 1068 2417 ἔνασσεν,
1088 2371 1151 2406 VL
1173 2366 1306 2406 ουδέν·
1327 2365 1416 2405 ασσ’
1436 2366 1498 2426 εἶὲν,
1518 2371 1716 2426 propterea

188 2419 365 2454 Schaefer
399 2431 432 2456 v.
461 2423 481 2454 5
519 2417 617 2476 φέρῃ
650 2431 725 2476 pro,
750 2418 871 2475 φέρει.
922 2418 1063 2455 Possis.
1097 2415 1249 2462 οὐδέν,
1284 2429 1398 2452 ασσα
1433 2413 1467 2452 τ’
1497 2446 1504 2453 .
1525 2444 1533 2452 .
1556 2446 1563 2453 .
1591 2415 1716 2452 πάντα

188 2464 240 2511 υὴ
267 2463 451 2511 ἀφθόνως
476 2464 591 2512 πάρα,
618 2470 657 2502 et
683 2463 809 2524 οὐδέν,
835 2462 932 2502 α’σσα
958 2463 992 2501 τ’
1020 2466 1136 2502 etiam
1160 2465 1317 2511 Ahrens,
1343 2464 1443 2510 quod
1461 2465 1603 2509 recepit
1621 2464 1714 2500 Har-

186 2514 290 2559 tung,
317 2514 381 2559 qui
407 2513 542 2550 deinde
567 2511 693 2550 πάντα
719 2511 767 2558 τ’,
793 2495 979 2559 ἀφθόνως
1004 2510 1107 2559 πάρα
1133 2512 1291 2559 scripsit,
1318 2514 1418 2557 quod
1436 2523 1511 2547 non
1528 2511 1713 2557 intelligo.

187 2582 230 2587 —-
258 2561 428 2597 Ceterum
454 2562 590 2607 γοῦρος
614 2561 711 2597 1111111
735 2543 838 2597 aliud
865 2564 922 2597 est
946 2573 1058 2606 quam
1082 2559 1387 2607 y1‘1909‚antiqua
1410 2558 1714 2605 pronuntiatione

186 2611 351 2653 servata,
385 2610 700 2654 quemadmodum
731 2609 849 2645 Attici
881 2609 928 2645 ad
958 2609 1184 2648 Boeotorum
1217 2609 1256 2643 et
1285 2606 1472 2643 Laconum
1504 2607 1714 2652 exemplum

187 2657 301 2692 etiam
327 2657 438 2692 breve
464 2671 486 2692 v
520 2657 694 2693 videntur
725 2657 864 2693 elocuti
896 2668 976 2692 esse
1007 2658 1046 2692 in
1077 2668 1168 2692 voce
1193 2652 1504 2701 Μαμμάκουθος,
1537 2654 1711 2701 quemad-

186 2703 338 2740 modum
364 2705 443 2741 cod
470 2705 666 2740 Ravennas
691 2704 803 2740 Arist.
829 2704 923 2740 Ran.
950 2708 1018 2740 990
1045 2704 1206 2740 exhibet

280 2763 338 2799 Fr.
366 2768 422 2800 39.
472 2764 605 2799 Pollux
625 2763 657 2797 X
678 2767 766 2799 103:
793 2763 857 2799 καὶ
881 2764 982 2809 ἴγὸιν
1007 2761 1050 2798 δὲ
1077 2759 1198 2819 αὐτὴν
1224 2758 1306 2807 (τὴν
1330 2761 1485 2805 θυείαν)
1510 2757 1714 2806 κεκλήκασι

186 2808 316 2846 Σόλων
352 2824 390 2847 τε
425 2809 466 2847 ἐν
497 2825 576 2851 τοις
603 2808 800 2864 Ἰάμβοις
830 2809 966 2856 λέγων·
1005 2807 1223 2846 Σπεύδουσι
1253 2811 1328 2844 κτλ.
1377 2808 1432 2843 ita
1459 2806 1712 2851 casaubonus,

187 2858 301 2915 vulgo
327 2855 477 2894 nsvo‘c'6’
511 2859 579 2903 (ita
605 2858 718 2894 etiam
745 2858 790 2903 C,
821 2859 1005 2894 σπευσίδα
1038 2859 1084 2902 Β,
1116 2854 1250 2893 σπευὸ’
1284 2857 1331 2900 A)
1366 2853 1404 2890 οἵ
1431 2850 1512 2901 μέν.
1563 2835 1713 2891 Lobeck’

187 2903 355 2950 φέρουσι.
