1890 3216
174 170 257 212 184
693 169 884 204 ΡΟΕΤΑΕ
911 167 1152 204 ELEGIACI.

267 279 509 335 Φροντίδες
541 275 798 334 ἀνθρώπων
817 278 990 332 ,ἔλαχον
1021 273 1157 331 πτερὰ
1190 273 1355 320 ποικίλ’
1391 279 1592 333 ἔχουσαι,

169 362 236 393 730
322 348 569 405 μυρόμεναι
602 349 745 404 ψυχῆς
777 349 923 390 εἵνεκα
954 347 1027 390 καὶ
1058 346 1227 402 βιότου.

265 505 353 546 Ζεῦ
385 501 541 558 πάτερ,
574 506 669 544 εἴθε
701 503 877 557 γένοιτο
909 506 1035 552 θεοῖς
1067 504 1177 557 φίλα
1208 509 1301 553 τοῖς
1332 500 1413 558 μὲν
1439 500 1635 560 ἀλιτροῖς

323 571 458 630 ὕβριν
490 570 639 628 ἁδεῖν,
671 576 750 616 καί
778 585 889 629 σφιν
920 574 1053 616 τοῦτο
1086 573 1260 629 γένοιτο
1293 576 1450 629 φίλον,

262 647 393 705 θυμῷ
426 644 600 701 σχέτλια
633 647 739 701 ἔργα
771 642 877 700 μετὰ
910 647 1045 701 φρεσί
1072 641 1121 687 θ’
1158 641 1279 695 ὅστις
1309 642 1498 701 ἆθειρής

323 715 595 773 τεχνάζοιτο,
628 718 752 760 θεῶν
785 714 926 772 μηδὲν
959 713 1240 772 ὀπιζόμενος,

173 802 239 833 735
267 786 407 832 αὐτὸν
441 790 587 830 ἔπειτα
620 786 756 831 πάλιν
787 790 907 831 τῖσαι
938 785 1073 840 κακά,
1106 784 1209 843 μηδ’
1239 785 1299 830 ἔτ’
1335 785 1503 832 ὀπίσσω

265 978 310 1013 V.
338 982 417 1014 729.
450 973 685 1023 ἀνθρώπων,
707 973 744 1012 δ’
767 974 983 1022 ἀνθρώπων
1010 973 1364 1022 61,οἰνθριόπωνὸ’
1392 977 1559 1014 bdefhln.
1610 978 1705 1014 Har-

171 1029 263 1073 tung
288 1022 517 1070 ἀνθρώπους
548 1024 721 1069 requirit,
752 1023 971 1060 Heimsoeth
1004 1022 1164 1069 ἔλαθον,
1194 1026 1369 1079 neutrum
1400 1024 1601 1070 satisfacit,
1634 1026 1707 1062 for·

170 1077 271 1110 tasse
308 1072 491 1119 ἔχουσιν
529 1072 766 1108 sciibendum
798 1073 822 1108 i.
850 1084 878 1107 e
911 1072 1109 1117 divitibus,
1141 1072 1205 1117 qui
1242 1074 1392 1118 praeter
1429 1075 1571 1109 ceteros
1608 1073 1706 1109 curis

172 1122 375 1168 agitantur.
401 1141 448 1146 —
481 1120 523 1156 V.
552 1124 664 1156 731-
682 1124 726 1156 42
759 1120 917 1156 fortasse
951 1119 1095 1155 Solonis
1127 1122 1228 1164 sunt,
1260 1121 1352 1156 item
1383 1134 1416 1157 v.
1447 1124 1566 1156 743—
1577 1124 1633 1157 52.
1661 1142 1705 1148 —

171 1171 214 1205 V.
244 1173 322 1205 731
350 1167 707 1213 szes‚Bambe1-ger
734 1169 831 1213 εἴγε,
858 1167 958 1213 quod
982 1166 1021 1202 in
1047 1166 1103 1202 ed.
1131 1171 1152 1202 2
1177 1168 1344 1212 probavi.
1397 1168 1471 1204 Sed
1502 1168 1598 1204 nihil
1628 1181 1707 1204 mu-

172 1218 326 1253 tandum
352 1195 460 1261 put0⁷z
494 1215 666 1250 videntur
696 1216 790 1251 haec
816 1227 860 1250 ex
886 1214 1068 1262 ampliore
1095 1215 1343 1260 explicatione
1377 1215 1416 1250 in
1449 1216 1597 1252 brevius
1622 1227 1707 1252 6011-

172 1265 313 1300 tracta:
340 1265 427 1309 post
451 1258 561 1345 &equs
587 1259 695 1298 ἁδεῖν
722 1263 832 1308 plura
858 1259 1119 1307 sequebantur,
1145 1274 1240 1307 quae
1259 1263 1502 1299 illustrabant
1519 1263 1707 1309 improbo-

173 1325 254 1347 rum
280 1311 416 1354 vitam,
453 1322 476 1346 a
523 1321 566 1346 eo
592 1310 657 1356 qui
683 1311 776 1346 haec
800 1310 840 1345 in
866 1310 1055 1367 epitomen
1078 1310 1226 1368 redegit
1251 1311 1403 1346 omissa:
1431 1313 1544 1356 poeta
1569 1313 1707 1355 autem,

174 1371 258 1395 cum
291 1359 444 1394 deberet
477 1357 611 1393 deinde
637 1369 792 1403 pergere
824 1350 987 1403 σχέτλια
999 1355 1036 1392 δ’
1065 1355 1156 1411 ἔργα
1182 1369 1283 1411 οστις
1307 1358 1420 1407 θυμῷ
1447 1361 1543 1404 nti„
1574 1359 1710 1395 maluit

173 1409 258 1453 post
283 1406 493 1451 longiorem
517 1405 839 1464 intercapedinem
864 1406 1035 1450 repetere
1061 1405 1278 1450 primarium
1305 1395 1553 1449 enuntiatum,
1578 1406 1707 1452 itaque

173 1455 327 1490 adiecit:
354 1454 422 1489 καί
444 1465 540 1510 σφιν
559 1453 670 1489 τοῦτο
696 1451 845 1498 γένοιτο
866 1453 989 1497 φίλον,
1014 1452 1112 1488 unde
1138 1452 1258 1488 altera
1285 1454 1492 1489 sententiae
1517 1465 1604 1499 pars
1630 1465 1708 1490 sus-

172 1513 290 1560 pensa
329 1503 395 1537 est.
437 1521 479 1528 -
521 1497 649 1545 ἁδεῖν,
681 1500 720 1536 Ο
751 1499 954 1536 Schneider
985 1496 1312 1547 11Ξτει,”ν,Η11,1·1;11118ι
1333 1500 1496 1559 scripsit
1529 1506 1608 1542 τοῖς
1639 1515 1709 1548 μεν

175 1547 350 1591 ἀλιτροῖς,
376 1544 505 1609 ὕβρεις
529 1545 729 1596 υβρίζειν
717 1542 745 1583 ὧ
764 1561 803 1584 τε
824 1546 972 1593 γένοιτο
994 1549 1104 1593 φίλον
1124 1549 1249 1594 θυμῷ,
1275 1546 1424 1594 σχέτλια
1450 1546 1484 1583 τ’
1515 1547 1606 1594 ἔργα
1632 1552 1708 1586 κτλ.

176 1618 219 1623 --
245 1597 288 1653 V.
317 1601 396 1632 732.
424 1597 506 1640 καί,
542 1586 732 1631 Hermann
759 1595 808 1640 εἰ,
835 1595 980 1631 Ahrens
1011 1594 1081 1631 κεί.
1107 1616 1152 1622 --
1179 1607 1288 1656 σφιν,
1320 1596 1356 1632 61
1381 1608 1432 1642 σφ
1436 1609 1460 1632 ι.
1488 1617 1530 1622 -
1556 1596 1601 1633 V.
1629 1601 1710 1633 733.

175 1643 268 1702 μετὰ
296 1643 408 1690 φρεσι
433 1640 477 1679 θ’
508 1643 556 1689 Ο,
590 1641 816 1688 διατάφρεσι
843 1639 880 1678 δ’
909 1644 957 1686 A,
990 1640 1084 1699 μετὰ
1112 1644 1222 1688 φρεσὶ
1247 1609 1575 1697 d’*.1ungenda
1597 1645 1710 1692 θυμῷ

175 1691 268 1738 μετὰ
296 1692 411 1737 φρεσί
431 1704 483 1736 τε,
509 1693 551 1726 ut
575 1694 676 1727 recte
703 1691 745 1735 O,
770 1691 899 1736 itaque
931 1687 1104 1736 στιγμήν,
1133 1691 1175 1725 ut
1201 1702 1268 1735 par
1301 1692 1393 1736 erat,
1418 1690 1458 1726 in
1489 1692 1561 1728 fine
1586 1704 1619 1728 v.
1642 1696 1710 1728 732

176 1740 296 1786 posui,
322 1739 421 1775 male
454 1719 543 1774 olim
576 1739 689 1784 vulgo
721 1740 808 1795 post
841 1737 931 1783 ἔργα
963 1738 1322 1784 interpungebatur-
1331 1741 1483 1784 propter
1515 1739 1627 1784 φρεσὶ
1658 1736 1710 1784 δ’,

174 1799 242 1824 1166
266 1787 400 1822 melius
428 1785 662 1822 Camerarius
681 1784 774 1832 μετὰ
802 1786 936 1845 φρεσὶν
962 1785 1125 1821 scribens
1149 1787 1236 1831 post
1260 1786 1374 1833 θυμῷ
1401 1787 1595 1822 inchoavit
1617 1786 1709 1822 inci-

175 1848 273 1880 sum,
307 1845 417 1892 que'm
450 1836 599 1870 secutus
629 1833 817 1869 Hermann
851 1831 892 1868 δε
926 1833 1096 1890 quamvis
1128 1833 1260 1878 quinto
1291 1833 1454 1891 positum
1485 1834 1569 1870 loco
1592 1833 1710 1870 tuitus

176 1885 241 1919 est.
283 1903 325 1908 -—-
365 1878 527 1927 ἆθειρής
565 1881 715 1926 scripsi,
764 1881 911 1926 Sauppe
934 1876 1117 1937 ἄθηρής,
1162 1880 1248 1915 libri
1287 1877 1455 1926 ἄθήνης,
1495 1883 1541 1927 (A
1575 1884 1632 1918 αθ
1667 1895 1712 1927 ης

175 1942 246 1966 ras.
283 1930 382 1966 inter
418 1931 449 1964 θ
487 1930 525 1964 et
562 1931 618 1974 η),
659 1928 889 1964 Camerarius
920 1925 1086 1974 ἀπηνής,
1125 1929 1255 1963 contra
1286 1927 1506 1964 Heimsoeth
1537 1925 1710 1987 αθρῃσας

175 1978 343 2023 requirit.
382 1976 619 2012 Adiectivum
656 1972 816 2021 ἆθειρής
854 1975 1020 2012 eiusdem
1058 1974 1185 2021 stirpis
1223 1979 1280 2011 est
1314 1977 1427 2021 atque
1464 1976 1580 2012 verba
1617 1979 1710 2013 αθε-

177 2027 263 2070 ρίζω
299 2026 339 2060 et
374 2023 614 2060 Homericum
656 2022 812 2069 ε’θείρω,
851 2024 950 2069 quod
986 2022 1153 2068 prothesi
1190 2025 1358 2067 auctum,
1397 2025 1712 2068 quemadmodum

178 2072 299 2110 ἐθέλω
327 2072 417 2116 alia,
443 2083 563 2129 neque
589 2072 689 2107 enim
715 2072 873 2107 obscura
897 2070 1007 2106 huius
1032 2070 1137 2105 verbi
1165 2070 1267 2116 origo
1293 2072 1336 2105 ut
1355 2071 1476 2106 visum
1495 2073 1553 2107 est
1573 2071 1710 2108 Curtio.

177 2120 335 2166 Hesyeh.
367 2116 544 2164 αθειρής,
577 2116 600 2165 ἤ
632 2133 691 2155 τοι
715 2115 866 2176 ατειρής
898 2114 920 2163 ἢ
955 2115 975 2153 ὁ
1009 2115 1108 2162 ἄγαν
1139 2116 1354 2175 θεριστικός
1386 2114 1421 2175 ἢ
1442 2116 1654 2176 ὑπέροπτος
1686 2115 1710 2165 ἢ

178 2165 409 2226 θαυμαστός.
457 2167 513 2203 Et.
547 2166 594 2203 M.
628 2171 692 2211 24,
723 2170 786 2202 55:
823 2163 989 2211 ἄθηρής·
1005 2162 1190 2224 ἀκριβής,
1222 2163 1454 2225 θαυμαστός,
1487 2163 1711 2225 ὑπερόπτης,

178 2212 365 2273 αὐθάδης
417 2215 455 2250 et
485 2211 689 2270 ἇθειρὲως·
721 2211 903 2272 ακριβῶς,
943 2212 1007 2248 καὶ
1039 2209 1211 2271 ἆθειρες
1232 2212 1273 2248 τὸ
1315 2210 1482 2260 ακριβές·
1515 2228 1580 2249 και
1611 2212 1711 2259 αθη-

179 2262 246 2321 ρὴς
283 2260 302 2298 ὁ
341 2260 440 2320 ἄγαν
464 2259 710 2319 θεριστικός,
741 2275 771 2317 η
808 2275 827 2297 ο
859 2257 1027 2318 λαμπρὸς
1056 2256 1080 2306 ἢ
1113 2257 1133 2295 ὁ
1167 2258 1216 2306 μὴ
1250 2262 1458 2306 φροντίζων
1489 2259 1609 2306 τινός,
1647 2262 1711 2297 καὶ

179 2308 370 2359 ὑβριστής,
402 2306 424 2355 ἢ
457 2307 476 2345 ὁ
507 2307 570 2345 διὰ
603 2306 845 2364 λαμπρότητα
877 2305 1127 2354 ἀθρούμενος.
1167 2307 1220 2343 Cf.
1249 2308 1395 2344 Bekker
1427 2310 1496 2346 An.
1529 2309 1546 2343 I
1571 2313 1652 2355 353,
1678 2313 1711 2346 9,

181 2380 223 2385 ——
262 2359 306 2394 V.
335 2361 413 2394 734.
449 2356 671 2403 τεχνάζοιτσ
704 2357 854 2402 scripsi,
892 2356 1089 2409 legebatur
1127 2352 1336 2413 ἐργάζοιτο,
1376 2357 1474 2402 quod
1512 2356 1712 2393 manifesto

179 2406 272 2442 vitio
297 2405 655 2450 laborat31ibrariis
682 2404 806 2440 media
829 2403 935 2440 verbi
959 2402 1107 2449 species
1125 2400 1377 2448 τεχναζεσθαι
1408 2403 1604 2440 offensioni
1627 2404 1711 2448 fuit,

180 2466 292 2499 quam
329 2453 539 2498 τεχνᾶσθαι
575 2453 666 2488 satis
703 2452 846 2497 tuetur,
883 2451 984 2496 apud
1021 2450 1206 2496 Aristoph.
1245 2450 1335 2487 Ach
1379 2454 1446 2487 387
1486 2449 1712 2499 τεχνάζῃ(ει)

149 2536 155 2537 1
178 2513 277 2537 1111116
302 2512 346 2537 ex
373 2501 554 2536 librorum
578 2500 803 2536 auctoritate
826 2500 1053 2555 correctum,
1086 2497 1152 2534 sed
1182 2498 1279 2533 tueri
1310 2498 1458 2534 videtur
1489 2488 1712 2535 scholiasta.

179 2546 339 2603 τεχνάζῃ
371 2544 457 2583 αντὶ
487 2549 554 2584 τοῦ
588 2545 797 2596 μεταβάλλῃ
831 2547 895 2582 καὶ
921 2543 1014 2592 μετὰ
1047 2544 1185 2602 τέχνης
1208 2545 1274 2581 καὶ
1304 2547 1492 2587 ποικιλίας
1516 2545 1712 2594 προσέρχῃ,

179 2598 234 2632 ita
265 2597 365 2632 enim
394 2595 674 2653 corrigendum,
714 2594 811 2630 male
839 2593 954 2639 vulgo
986 2593 1143 2650 legitur
1161 2589 1246 2628 ἀντὶ
1276 2593 1343 2628 τοῦ
1375 2591 1544 2640 τεχναζῃ,
1583 2595 1712 2650 μεταβ.

181 2645 219 2680 et
244 2644 291 2679 ad
317 2641 470 2688 στρέφει
496 2643 663 2679 refertur.
714 2642 808 2677 Item
841 2641 1001 2687 Hesych
1034 2638 1260 2686 τεχνήσομαι
1292 2640 1558 2686 interpretatur
1581 2639 1714 2688 τεχνά-

182 2703 306 2737 σομαι,
339 2693 378 2727 61,
407 2687 588 2736 τεχνάζω,
620 2686 864 2747 τεχνάζομαι,
896 2688 970 2724 nisi
1002 2688 1099 2724 forte
1137 2688 1283 2723 inverso
1316 2688 1444 2724 ordine
1477 2688 1712 2745 scribendum

181 2726 482 2784 τεχνάζομαι’
521 2734 696 2783 τεχναζω.
745 2737 852 2772 Adde
888 2736 1088 2772 Herodian.
1125 2747 1161 2790 p.
1188 2735 1324 2781 Phryn.
1357 2739 1444 2779 477,
1483 2735 1547 2780 qui
1582 2733 1712 2781 τεχνά-

182 2789 326 2821 σασθαι
363 2786 629 2831 iuterpretatur
666 2784 934 2845 κακουργῆσαι.
990 2783 1034 2819 111
1063 2782 1210 2819 novicio
1248 2783 1364 2840 epigr.
1402 2763 1570 2819 R’omano
1602 2783 1711 2819 CIGr.
1763 2816 1765 2819 .

182 2834 235 2868 III
267 2838 359 2869 6233
391 2833 530 2879 legitur
560 2837 681 2868 ταισιν
714 2829 823 2878 ε’μαις
853 2828 1062 2877 παλάμαισι
1092 2841 1390 2886 τεχνασσαμενος
1421 2828 1555 2866 κλυτὸν
1589 2829 1712 2876 ἔργον,

181 2881 246 2916 ubi
285 2881 486 2917 secundum
524 2880 729 2916 Herodiani
763 2882 1005 2937 praeceptum
1046 2876 1320 2935 τεχνησάμενος
1351 2877 1426 2914 dici
1458 2878 1634 2923 oportuit.
1667 2899 1712 2905 -

183 2927 313 2974 μηδὲν,
340 2928 530 2963 Hermann
549 2925 683 2973 μηδέν’
689 2956 696 2963 .
724 2948 768 2953 —-
794 2924 1027 2972 ὀπιζόμενος,
1053 2926 1073 2961 f
1095 2922 1332 2971 ὀπιζόμενον.
1361 2946 1404 2951 —
1430 2925 1473 2960 V.
1497 2928 1577 2962 735.
1602 2930 1712 2971 τῖσαι,
