1890 3216
218 165 304 206 304
406 217 408 219 ,
755 164 946 200 POETAE
972 162 1209 214 ELEGIAGI.

952 272 1018 314 15.
1619 311 1622 314 .
1679 284 1748 315 623
1818 294 1823 298 ·

285 354 442 411 Ἀστὴρ
474 354 579 411 πρὶν
612 353 692 410 μὲν
725 356 912 410 ἔλαμπες
944 353 1010 397 ἐνὶ
1045 357 1222 406 ζωοῖσιν
1248 350 1406 414 Ἑῷος,

350 429 435 470 νῦν
469 424 518 468 δὲ
548 423 707 469 θανὼν
740 423 923 481 λάμπεις
943 421 1159 482 ’Ἕσπερος
1191 425 1238 468 ἐν
1271 425 1521 481 φθιμένοις.

955 521 1019 563 16.

292 609 487 660 Εἰνοδίην
518 603 673 659 καρύην
704 622 749 660 με
780 605 1084 659 παρερχομένοις
1115 604 1335 658 ἐφύτευσαν

350 672 461 713 παισὶ
493 669 732 726 λιθοβλήτου
763 673 948 725 παίγνιον
979 668 1193 725 εὐστοχίης·

288 735 438 786 πάντας
471 735 506 777 ὃ
543 734 764 790 ἀκρεμόνας
795 754 833 778 τε
865 737 930 778 καὶ
961 735 1154 786 εὖθαλέας
1186 735 1435 791 ὄροδοὲμνους

347 802 575 855 κέκλασμαι,
607 807 793 852 πυκιναῖς
824 798 984 856 χερμάσι
1014 803 1252 856 βαλλομένη

242 878 262 908 5
290 868 492 921 δένδρεσιν
524 865 735 921 εὐκαρποις
767 865 886 910 οὐδὲν
917 868 1051 910 πλέον·
1083 869 1108 922 ἠ
1140 885 1215 922 γαρ
1246 868 1367 923 ἔγωγε

349 934 579 987 δυσδαίμων
611 934 650 983 ἐς
681 931 779 986 ἐμὴν
812 931 930 987 ὕβριν
961 931 1275 987 ἐκαρποφόρουν.

953 1040 1018 1082 17.

290 1120 471 1179 Χρυσὸν
504 1119 620 1178 ανὴρ
654 1118 800 1179 εὑρὼν
833 1123 982 1165 ἔλιπεν
1014 1120 1200 1206 βρόχον·
1233 1119 1374 1178 αὐτὰρ
1407 1119 1430 1164 ὁ
1464 1120 1632 1178 χρυσόν

350 1191 404 1236 ὂν
436 1195 563 1236 λιπεν
595 1190 676 1249 οὐχ
709 1190 855 1250 εὑρὼν
887 1185 1001 1248 ἦψεν
1034 1190 1088 1236 ὂν
1121 1193 1222 1249 εὑρε
1254 1191 1433 1250 βρόχον.

953 1301 1017 1343 18.

291 1381 472 1441 Χρυσὸν
505 1379 620 1438 ἀνὴρ
649 1380 671 1426 ὁ
699 1381 780 1438 μὲν
812 1375 964 1440 εὗρεν,
998 1379 1021 1426 ὁ
1050 1380 1090 1425 δ’
1122 1380 1302 1426 ὤλεσεν·
1335 1376 1402 1427 ὧν
1434 1380 1457 1426 ὁ
1492 1381 1573 1439 μὲν
1604 1380 1751 1439 εὑρών

350 1455 500 1511 ρἴεν,
535 1452 557 1498 ὁ
592 1452 632 1497 δ’
673 1451 752 1510 οὐχ
786 1451 933 1511 εὑρὼν
964 1451 1133 1511 λυγρὸν
1166 1456 1296 1510 ἔδησε
1327 1452 1508 1511 βρόχον.

317 1589 371 1621 15.
423 1585 475 1621 lb.
502 1584 570 1619 VII
598 1585 904 1620 (57010011.τοῦ
937 1581 1055 1620 αὐτοῦ
1089 1583 1142 1625 εἰς
1173 1584 1240 1619 τὸν
1273 1581 1408 1620 αὐτὸν.
1445 1584 1471 1620 C
1495 1581 1640 1630 Ἀστέρα
1665 1581 1751 1620 τὸν·

219 1645 310 1669 Colr.
337 1629 524 1692 μαθητήν.
564 1631 618 1667 Cf.
638 1632 784 1686 Apulei.
810 1632 919 1677 Diog
946 1632 1116 1677 Apostol.
1144 1643 1256 1677 supra
1281 1643 1337 1678 ep.
1361 1636 1405 1667 14
1431 1634 1503 1678 (ap.
1532 1632 1639 1678 Diog.
1662 1632 1750 1669 Cod.

218 1681 316 1716 Mon.
344 1693 378 1717 v.
402 1685 419 1714 1
448 1677 488 1715 ἐν
515 1682 542 1722 ζ.
571 1677 663 1720 ἒῶος
690 1681 726 1715 et
753 1680 806 1714 sic
833 1680 946 1715 etiam
973 1679 1049 1715 Pal.
1077 1691 1168 1715 σοι-,1
1195 1682 1234 1715 et
1254 1679 1340 1715 Cod.
1360 1679 1472 1717 Vind
1494 1683 1588 1725 311).
1604 1644 1749 1715 g'Vertit

218 1730 294 1763 Aus
279 1740 356 1763 son.
378 1739 433 1773 ep.
459 1731 534 1762 144
575 1727 633 1762 Ad
658 1728 728 1763 hoc
755 1728 967 1784 exemplum
987 1727 1232 1784 compositum
1254 1728 1418 1784 elogium
1439 1726 1547 1763 ClGr.
1569 1726 1620 1762 III
1639 1730 1750 1763 6249.

219 1773 301 1820 η’τις
327 1772 384 1810 ἐνὶ
411 1777 557 1818 ζωοῖσιν
585 1771 680 1816 ὅκως
705 1771 902 1810 ανέτελλεν
924 1772 1058 1821 Εῷος,
1085 1775 1154 1809 νῦν
1181 1772 1288 1810 δύνει
1314 1756 1351 1809 δ’
1380 1772 1454 1810 ὑπὸ
1482 1775 1552 1820 γῆν
1570 1772 1752 1820 ’Ἕσπερος

220 1821 262 1859 ἐν
290 1821 505 1868 φθιμένοις

317 1875 370 1906 16.
413 1870 466 1906 Ib.
494 1870 543 1904 lX
564 1875 602 1905 3:
632 1866 886 1914 Ἀντιπατρου,
915 1883 951 1905 οι
977 1869 1018 1905 δε
1040 1866 1242 1910 Πλάτωνος
1268 1870 1375 1914 (haee
1400 1869 1451 1914 A,
1477 1870 1622 1915 reliqua
1647 1869 1749 1905 addi-

220 1918 275 1953 dit
301 1918 342 1963 C)
370 1916 423 1958 εἰς
447 1915 591 1962 καρύην
617 1915 908 1963 πεφυτευμένην
937 1914 977 1952 ἐν
1004 1914 1092 1964 ὁδῷ.
1144 1916 1229 1952 Non
1255 1917 1404 1963 dubito,
1439 1917 1528 1962 quin
1553 1918 1752 1963 Ανιτίραίντ

219 1966 371 2002 maioris
396 1966 419 2000 i
447 1977 477 2002 e.
506 1964 649 2001 Sidonii
683 1965 730 2000 sit
761 1964 996 2010 poemation,
1027 1965 1127 2009 quod
1160 1964 1226 2000 alii
1255 1976 1448 2010 perperam
1481 1965 1528 2000 ad
1554 1965 1750 2000 Platonem

219 2014 452 2048 rettulerunt.
490 2013 532 2047 In
559 2013 688 2049 eodem
715 2014 935 2058 argumento
961 2013 1130 2048 versatur
1149 2012 1331 2058 Aesopius
1351 2013 1532 2058 apologus
1551 2016 1619 2048 188
1638 2011 1751 2048 Halm

221 2061 340 2106 (Bodl.
363 2062 434 2106 60),
459 2060 617 2096 fortasse
642 2061 738 2096 hanc
765 2060 905 2096 chriam
932 2060 1046 2095 etlam
1069 2060 1224 2095 Babrius
1250 2061 1495 2104 tractaverat,
1521 2061 1586 2106 qui
1612 2059 1749 2106 passim

223 2109 658 2154 epigrammatographos
684 2107 904 2144 aemulatur.
927 2128 970 2133 ——
998 2108 1041 2143 V.
1062 2112 1083 2142 3
1110 2109 1148 2143 et
1173 2107 1253 2143 init.
1274 2111 1297 2142 4
1323 2107 1431 2143 affert
1450 2107 1572 2143 Schol.
1595 2107 1749 2144 Theoer.

220 2156 289 2191 VII
317 2159 383 2191 138
410 2168 437 2191 s.
464 2159 562 2200 poet.
589 2169 623 2191 n.
661 2177 703 2181 —
737 2152 942 2199 εὖθαλέας,
975 2155 1121 2190 Hecker
1153 2152 1341 2200 εὐθηλέας
1372 2155 1544 2201 requirit,
1576 2157 1676 2191 recte
1708 2156 1751 2190 ut

220 2204 385 2248 videtur,
420 2215 505 2239 nam
533 2200 743 2244 εὐθαλλέας
775 2214 848 2239 non
881 2182 971 2238 sat’is
1008 2203 1123 2238 habet
1148 2202 1382 2238 auctoritatis
1418 2203 1505 2247 (vid.
1531 2202 1643 2238 Α111·,11.
1671 2203 1750 2238 Pal.

220 2252 271 2286 IX
299 2254 366 2286 247
394 2252 432 2287 et
457 2251 505 2286 ad
530 2250 682 2286 Pindari
708 2251 817 2295 Pyth.
844 2250 895 2285 IX
923 2252 993 2296 74),
1020 2250 1190 2296 quamvis
1216 2246 1366 2285 ἄθαλλ’
1342 2264 1386 2296 ης
1411 2250 1461 2285 sit
1486 2250 1677 2286 usitatum.
1705 2271 1749 2276 —-

222 2299 264 2335 V
294 2302 327 2334 4.
354 2296 511 2344 χερμάσι
535 2299 639 2335 Plan
666 2300 705 2334 et
730 2297 1202 2358 ο.Α1;110113,ν.χέρμασι,
1230 2318 1273 2324 -
1300 2298 1344 2334 V.
1342 2264 1397 2333 ηδ.
1423 2291 1447 2343 ἦ
1473 2294 1546 2344 γὰρ
1573 2297 1754 2343 Ρ13111.,εἰ

220 2343 292 2392 γὰρ
319 2347 360 2381 Ρ.
387 2367 430 2372 —
457 2346 501 2382 V.
529 2351 560 2382 6.
590 2344 626 2387 ἐς
656 2344 749 2392 ἐμὴν
776 2346 816 2389 Ρ,
843 2342 904 2381 ἐπ’
935 2342 1030 2391 ἐμὴν
1055 2346 1181 2391 vulgo.

319 2397 454 2430 17.18.
506 2393 613 2440 Diog.
641 2375 912 2429 Laert.1'1133
947 2405 1003 2439 ep.
1033 2397 1075 2428 17
1104 2393 1259 2428 Platoni
1282 2393 1417 2428 tribuit
1447 2392 1593 2438 (Iriarte
1618 2404 1653 2438 p.
1684 2396 1750 2428 104

221 2453 248 2477 ει.
269 2442 368 2487 poet.
389 2444 451 2486 n.‚)
469 2441 547 2477 ''at
536 2454 575 2476 m
594 2441 745 2477 Anthol.
767 2441 816 2476 IX
837 2444 883 2476 44
909 2441 1009 2476 idem
1027 2441 1097 2476 hoc
1119 2441 1349 2486 epigramma
1373 2440 1511 2493 legitur
1529 2440 1750 2497 inscriptum

222 2490 451 2524 Στατυλλίου
475 2486 646 2525 Φλάκκου
674 2490 742 2535 (ita
767 2492 802 2524 et
805 2489 878 2523 iam
899 2488 1070 2533 Planud.)
1097 2490 1136 2523 et
1153 2488 1210 2523 ib.-
1223 2491 1268 2523 45
1296 2486 1462 2532 sequitur
1483 2499 1540 2533 ep.
1563 2491 1623 2523 18:
1649 2485 1751 2523 Πλά-

221 2550 338 2577 τωνος
363 2537 430 2572 τοῦ
455 2534 631 2582 μεγάλου,
657 2536 756 2582 quod
775 2535 877 2571 Plan.
898 2536 1100 2581 Antipatro
1126 2535 1267 2571 tribuit.
1309 2535 1519 2570 Secundum
1546 2535 1749 2570 Holderum

222 2588 259 2619 et
283 2584 489 2620 Finslerum
517 2597 570 2630 pr.
591 2597 639 2620 m.
667 2586 727 2629 (A)
755 2584 952 2629 adscripsit
975 2583 1014 2619 in
1039 2595 1168 2639 marg.
1182 2582 1299 2619 sinist.
1326 2584 1542 2618 στατυλλίου
1567 2583 1634 2618 τοῦ
1661 2583 1749 2627 (hoe

223 2632 401 2676 deletum)
423 2629 607 2677 φλάκκου,
632 2634 711 2667 tum
733 2642 804 2668 sec.
824 2643 872 2666 m.
893 2630 950 2676 (C)
976 2630 1123 2666 addidit
1147 2625 1205 2666 ὅτι
1224 2626 1243 2665 ὁ
1264 2626 1330 2666 τὸν
1350 2628 1487 2675 χρυσὸν
1507 2632 1593 2674 mk„
1620 2630 1684 2666 sed
1709 2630 1748 2665 in

222 2691 339 2725 marg.
365 2691 444 2725 sup.
471 2692 518 2714 m.
547 2691 616 2715 see.
646 2680 768 2725 (coir.)
802 2678 953 2724 scripsit
977 2675 1169 2718 πλάτωνος
1198 2678 1266 2713 τοῦ
1298 2676 1479 2723 μεγάλου,
1511 2657 1593 2712 tum⁷
1618 2677 1747 2713 eadem

222 2738 353 2762 manus
391 2727 528 2772 repetit
566 2740 598 2763 v.
628 2732 644 2761 1
680 2738 736 2772 ep.
766 2730 820 2762 17.
870 2727 912 2761 In
947 2737 1063 2784 marg.
1100 2725 1164 2762 inf.
1196 2737 1243 2761 m.
1276 2736 1346 2760 sec.
1379 2726 1499 2770 (corr.)
1532 2725 1747 2761 στατυλλιόυ

224 2771 414 2819 φλακκου,
438 2776 519 2809 tum
540 2787 588 2810 m.
609 2787 663 2820 pr.
686 2774 742 2820 (C)
768 2774 879 2809 τοῦτο
905 2772 957 2814 εἰς
983 2770 1190 2819 ανθρωπον
1216 2769 1279 2807 διὰ
1306 2774 1442 2808 πενίαν
1468 2770 1647 2826 μέλλοντα
1672 2774 1747 2808 κτλ.

223 2821 317 2856 Item
345 2803 491 2857 variant
515 2822 590 2857 alia
615 2822 849 2879 apographa,
875 2833 962 2856 nam
987 2821 1065 2856 cod.
1086 2821 1168 2857 Par.
1189 2819 1450 2866 (Schneidew.)
1476 2819 1577 2865 prius
1602 2821 1749 2856 tantum

223 2870 386 2952 ἓῗοέὲέἓ,
407 2867 1393 2962 {²313ssssss{ttssssssussnstssssffiffiffis..3333
1415 2879 1476 2960 {¹1}
1500 2867 1750 2961 ssiiufflfflffusa
