1890 3216
209 189 295 230 292
741 189 931 226 POETAE
958 189 1195 227 ELEGIACI.

207 316 341 354 γονται
367 298 433 340 διὰ
459 298 529 353 τὴν
555 297 799 355 ἐρυθρότητα
824 302 894 341 τοῦ
918 298 1135 354 χρώματος·
1169 301 1242 342 εἰσὶ
1266 299 1340 356 γὰρ
1365 306 1544 345 τοιοῦτοι.
1589 306 1730 356 Neque

208 369 312 406 enirn
338 369 543 418 probabile
564 363 791 419 Ἀντίμαχος
815 380 888 417 pro
903 363 1166 415 Ἀπολλώνιος
1193 360 1385 419 scriptum
1405 381 1504 419 esse,
1531 373 1571 410 et
1595 373 1738 421 poetae

206 447 350 472 nomen
381 434 555 484 positum
588 447 659 482 pro
691 433 959 482 interpretum
990 433 1148 472 labore:
1180 447 1272 473 nam
1305 435 1541 485 Apollonius
1573 436 1659 487 ipse
1691 449 1739 476 ea

207 501 253 538 de
287 513 330 539 re
361 499 462 538 nihil
494 499 680 548 prodidit.
1046 495 1049 499 ’

327 561 505 619 (Scholia
530 565 571 602 in
590 564 847 614 Apollonium
874 564 996 603 etiam
1015 565 1104 604 aliis
1130 565 1226 604 locis
1248 579 1321 615 ope
1340 566 1406 606 Et.
1425 566 1531 607 Flor.
1553 567 1738 617 supplere

204 630 314 680 licet,
361 631 407 669 cf.
440 644 476 680 p.
513 632 607 669 107.
643 631 738 669 246.
774 631 870 669 248.
905 631 1009 681 261,
1051 631 1113 679 aL,
1145 632 1478 681 quemadmodum
1516 633 1599 672 cod.
1631 632 1738 672 Flor.

206 696 327 734 etiam
359 696 567 752 confirmat
599 696 894 735 emendationes
926 695 1181 745 Apolloniani
1213 697 1416 748 carminis,
1455 698 1569 737 velut
1598 697 1619 735 I
1651 699 1735 737 883

204 757 365 808 ἐνδυκὲς
397 774 420 799 0
452 762 667 812 Rutgersio
699 762 951 809 restitutum,
984 761 1004 799 I
1032 763 1115 800 372
1149 757 1245 800 κατὰ
1276 758 1475 814 πρώειραν
1506 764 1624 813 plane
1656 765 1735 802 tes-

203 829 330 876 tatur,
364 827 469 877 quod
502 840 577 878 ego
610 827 823 867 divinando
857 841 966 867 eram
997 824 1236 879 assecutus.)

323 994 453 1034 Schol.
486 995 600 1035 Hom.
634 995 681 1034 Il.
714 996 735 1042 ζ
760 983 862 1035 20οτ
900 990 1127 1046 Ἀντίμαχος
1159 992 1201 1034 δὲ
1234 994 1276 1034 ἐν
1308 997 1353 1049 τῇ
1385 991 1524 1050 Λύδῃ,
1557 991 1614 1035 ’ὅτι
1643 991 1736 1043 τοὺς

202 1056 412 1112 Σολύμους
444 1057 573 1100 ἀνεῖλε
594 1056 946 1114 (Βελλεροφόντης)
971 1063 1082 1108 θεοῖς
1108 1057 1224 1108 ὄντας
1248 1063 1498 1113 προσφιλεῖς,
1531 1056 1598 1100 διὰ
1621 1062 1734 1101 τοῦτο

203 1128 423 1177 μισηθῆναι
455 1122 579 1166 αὐτόν
611 1138 735 1178 φησιν
767 1122 845 1166 ὑπὸ
877 1128 956 1166 τῶν
986 1128 1104 1166 θεῶν.
1167 1127 1280 1165 Adde
1314 1126 1442 1167 Schol.
1476 1126 1547 1167 Od.
1581 1141 1598 1166 ε
1631 1127 1734 1166 283:

201 1189 243 1229 ἐκ
263 1185 479 1243 Σολύμων]
512 1194 580 1243 τῆς
600 1192 779 1239 Κιλικίας
811 1191 918 1232 εἰσίν.
963 1189 1062 1232 ’ὅθεν
1086 1191 1153 1232 καὶ
1178 1192 1219 1233 οἷ
1234 1189 1411 1244 Σόλυμοι
1438 1186 1735 1244 ὠνομάσθησαν

203 1252 281 1296 ἀπὸ
314 1254 502 1308 Σολύμου
533 1260 616 1297 τοῦ
635 1247 732 1305 Διὸς
764 1255 830 1296 καὶ
861 1259 1155 1310 Καλχηδονίας,
1188 1254 1240 1306 ὡς
1268 1254 1494 1310 Ἀντίμαχος
1525 1256 1636 1311 λέγει.
1714 1267 1734 1287 ⁰

320 1323 384 1360 Ad
417 1322 556 1373 Lyden
586 1326 798 1374 praeterea
829 1324 969 1364 retulit
1001 1324 1120 1375 Stoll,
1153 1324 1257 1374 quod
1289 1324 1352 1362 Et.
1379 1323 1479 1363 Gud.
1508 1324 1606 1373 353,
1629 1326 1651 1363 7
1686 1336 1735 1379 01,
1747 1329 1815 1362 614

201 1388 440 1427 Antimacho
472 1390 644 1439 profert:
690 1384 950 1440 Κυθώνυμον
984 1389 1199 1438 Οἰδίπουν,
1238 1388 1308 1427 3οᾶ
1338 1388 1399 1427 1113
1431 1388 1660 1428 commodus
1691 1389 1733 1427 in

201 1455 404 1493 Thebaide
437 1455 546 1494 100113
578 1454 666 1494 fuit.
706 1476 752 1480 —
794 1453 984 1504 Elegiaca
1015 1454 1246 1494 Antimachi
1283 1455 1459 1493 carmina
1491 1467 1542 1493 an
1571 1457 1733 1504 praeter

200 1521 340 1571 Lyden
371 1520 540 1573 fuerint,
572 1533 651 1559 non
682 1522 854 1571 constat,
900 1520 969 1560 sed
1001 1521 1173 1560 fortasse
1204 1520 1308 1558 liber
1339 1517 1475 1559 Δέλτοι
1504 1519 1732 1569 inscriptus,

199 1586 304 1625 unde
338 1586 483 1626 Athen.
516 1585 595 1623 VII
625 1586 760 1624 3OOD
793 1587 898 1625 hunc
929 1599 1092 1625 versum
1123 1586 1256 1626 affert:

408 1658 566 1702 Ἐλθὼν
598 1659 767 1711 Εὐλεῖος
798 1659 926 1715 πηγὰς
957 1661 1021 1702 ἔπι
1054 1658 1266 1714 δινήεντος.

200 1748 374 1798 elegiaco
406 1759 571 1786 numero
605 1747 823 1786 adstrictus
855 1747 945 1786 fuit.
990 1746 1117 1784 Maior
1149 1745 1271 1784 etiam
1302 1745 1501 1784 dubitatio
1528 1746 1576 1784 de
1603 1747 1731 1785 Κατα-

198 1809 318 1867 χήνῃ,
351 1826 428 1863 quo
461 1812 618 1852 nomine
645 1812 876 1851 Antimachi
907 1823 1067 1850 carmen
1096 1811 1332 1861 inscriptum
1362 1811 1484 1850 fuisse
1517 1811 1611 1850 olim
1643 1824 1730 1851 con-

198 1879 288 1917 ieci:
323 1878 393 1917 sed
423 1878 532 1916 illius
565 1880 673 1917 certe
705 1878 782 1917 1001
813 1878 876 1916 Et.
910 1878 962 1915 M.
995 1878 1035 1925 4,
1069 1878 1112 1915 6:
1146 1871 1373 1928 Ἀντίμαχος
1400 1872 1564 1929 Ἰαχίνῃ·
1597 1874 1655 1915 τοὶ
1687 1872 1724 1915 δ’

158 1967 169 1978 ν
196 1939 258 1994 ἄρ’
295 1943 336 1983 οἵ
362 1939 598 1994 ἆβολήτορες
624 1940 765 1996 ἄνδρες
794 1941 922 1992 ἔασιν,
953 1941 1022 1981 ubi
1054 1942 1128 1980 hoc
1159 1954 1304 1981 nomen
1335 1942 1569 1980 delitescere
1601 1941 1727 1991 suspi-

196 2011 308 2048 catus
341 2013 445 2057 311111,
480 2009 704 2048 emendatio
737 2009 835 2048 satis
866 2008 1035 2048 incerta:
1068 2007 1258 2058 Hartung
1290 2007 1353 2046 hic
1385 2020 1543 2057 quoque
1569 2020 1616 2046 00
1641 2020 1730 2058 pro-

197 2074 347 2124 posuit,
387 2086 488 2124 quae
527 2075 685 2114 omnino
716 2087 796 2113 non
827 2076 921 2113 sunt
953 2073 1126 2112 ferenda.
1190 2072 1368 2112 Schmidt
1400 2073 1567 2112 coniecit
1593 2069 1727 2126 Ἀχαίῃ
1783 2091 1794 2097 ·

196 2138 256 2178 τοὶ
288 2134 328 2177 δ’
363 2135 440 2190 ἄρα
479 2139 521 2178 οἵ
547 2138 674 2179 πιστοὶ
711 2135 774 2191 ἆβ.
808 2136 843 2178 ἅ.
876 2138 1005 2190 ἔασιν,
1044 2141 1090 2178 ut
1116 2134 1251 2191 Ἀχαίῃ
1287 2139 1534 2188 paenultima
1572 2139 1729 2189 syllaba

196 2207 380 2254 correpta
416 2206 708 2254 pronuntietur.
771 2206 835 2244 Ad
872 2206 947 2244 1100
977 2217 1137 2243 carmen
1168 2204 1263 2242 olim
1295 2203 1443 2242 conieci
1475 2203 1727 2242 referendum

196 2284 282 2310 esse
314 2283 476 2309 versum
505 2284 567 2320 ap.
593 2271 807 2310 Herodian.
834 2271 976 2309 Philet.
1002 2284 1039 2320 p.
1067 2271 1151 2308 439
1180 2270 1238 2307 ed.
1265 2269 1410 2308 Piers.:
1438 2265 1726 2320 Ἐννεοὶμυκλος

194 2333 288 2383 ὄνος
318 2332 424 2387 παρὰ
452 2332 695 2391 Ἀντιμάχῳ,
728 2336 794 2387 qui
827 2336 984 2387 integer
1015 2336 1166 2386 legitur
1198 2347 1260 2385 ap.
1290 2335 1416 2375 TzetZ.
1448 2334 1498 2373 ad
1530 2334 1726 2384 Lycophr.

198 2405 278 2442 771
315 2403 364 2441 et,
386 2402 427 2440 in
458 2402 522 2451 Et.
550 2402 602 2440 M.
630 2403 727 2453 594,
756 2404 829 2440 21:

397 2469 534 2512 Ἔστιν
565 2488 631 2524 μοι
662 2469 837 2526 Μάγνης
869 2468 1135 2524 ἐννεᾶμυκλος,
1162 2469 1266 2520 ὄνος.

195 2557 265 2596 sed
295 2557 402 2607 apud
432 2559 647 2607 utrumque
681 2556 915 2596 Callimacho
947 2555 1157 2607 tribuitur,
1196 2558 1242 2595 ut
1273 2556 1347 2595 1100
1377 2569 1520 2595 nomen
1551 2556 1592 2593 in
1623 2555 1723 2594 anti-

194 2623 281 2672 quis
311 2622 605 2661 commcntariis
641 2622 913 2673 Lycophronis
951 2622 1098 2661 lectum
1138 2633 1224 2661 esse
1256 2623 1463 2671 appareat:
1505 2623 1625 2671 atque
1664 2621 1722 2660 ita

193 2689 312 2727 schol.
346 2690 423 2727 vet.
456 2701 583 2738 nuper
609 2701 633 2726 a
658 2676 843 2727 Kinkelio
877 2688 1019 2727 editus.
1075 2686 1133 2727 Of.
1165 2687 1288 2725 etiam
1319 2685 1535 2724 Schneider
1567 2685 1721 2725 Gallim.

192 2753 231 2790 ΙΙ
264 2767 300 2802 p.
333 2755 431 2792 437.
468 2775 517 2779 ——
563 2753 664 2792 Sunt
701 2754 822 2792 etiam
857 2754 954 2802 alia,
993 2765 1093 2802 quae
1131 2765 1220 2791 cum
1256 2751 1554 2802 probabilitatis
1586 2751 1722 2801 aliqua

193 2819 322 2866 specie
349 2819 400 2856 ad
426 2819 655 2859 Antimachi
681 2819 842 2869 Elegias
868 2819 1038 2866 referas,
1070 2818 1182 2857 velut
1206 2816 1312 2866 quod
1338 2816 1507 2856 Pausa-n.
1527 2816 1583 2853 IX
1604 2817 1672 2866 35,
1693 2817 1718 2855 5

192 2883 305 2921 dicit:
345 2878 572 2935 Ἀντίμαχος
617 2882 659 2923 δὲ
702 2881 791 2926 οὔτε
831 2878 1004 2934 ἀριθμὸν
1044 2881 1226 2933 Χαρίτων
1263 2877 1351 2920 όῧτε
1388 2876 1561 2932 ὀνόματα
1597 2876 1720 2920 εἰπὼν

195 2946 342 2999 Αἴγλης
379 2943 479 2987 εἶναι
516 2947 736 3000 θυγατέρας
772 2947 838 2988 καὶ
869 2944 1008 2988 “Ηλίου
1046 2945 1170 2999 φησὶν
1207 2942 1339 2994 αὐτάς.
1383 2967 1432 2972 -
1472 2946 1576 2986 Item
1613 2946 1720 2998 apud
