1890 3216
145 229 150 235 ‚
210 183 293 224 182
368 152 371 155 Δ
742 183 935 219 Pomm
960 183 1198 221 Ermum.

209 302 275 334 705
303 289 377 347 ἤτε
409 294 588 347 βροτοῖς
618 291 795 347 παρέχει
826 289 997 347 λήθην,
1029 291 1287 347 βλάπτουσα
1314 291 1444 336 νόοιο
1481 319 1530 323 -

362 360 494 413 ἄλλος
527 360 567 404 δ’
605 359 728 405 οὔπω
761 378 827 413 τις
857 361 989 406 τοῦτό
1023 360 1065 417 γ’
1102 361 1403 420 ἐπεφράσατο,

302 431 458 476 ὅντινα
491 430 545 488 δὴ
579 431 798 476 θανάτοιο
832 422 970 489 μέλαν
1002 434 1139 489 νέφος
1170 433 1482 494 ἀμφικαλύψῃ,

362 507 472 561 ἔλθῃ
507 501 547 546 δ’
584 505 627 555 ές
659 502 838 561 σκιερὸν
870 504 1018 561 χῶρον
1051 502 1397 561 ἄποφθιμένων,

302 575 492 626 κυανέας
522 591 567 618 τε
598 573 741 626 πύλας
772 579 1114 631 παραμείψεται,
1146 577 1239 619 αἵτε
1268 575 1511 621 θανόντων

208 660 275 691 710
361 644 506 703 ψυχὰς
538 650 768 702 εἴργουσιν
798 650 954 703 καίπερ
989 644 1307 703 ἀναινομένας·

301 715 398 761 ἀλλ’
435 715 522 774 ἄρα
553 715 627 760 καὶ
657 722 812 761 κεῖθεν
844 716 980 760 πάλιν
1012 715 1155 773 ἤλυθε
1187 721 1393 775 Σίσυφος
1424 718 1542 778 ἥρως

363 790 405 840 ἐς
437 787 553 845 φάος
584 786 737 844 ἠελίου
769 790 908 846 σφῇσι
940 782 1324 846 πολυφροσύναις·
1360 817 1409 822 -—-

305 859 405 904 οὐδ’
441 861 481 904 εἰ
512 860 679 912 ψευδέα
710 858 792 916 μὲν
823 866 969 912 ποιοῖς
1001 859 1228 916 ἐτύμοισιν
1262 858 1416 918 ὁμοῖα,

361 933 569 988 γλῶσσαν
602 933 716 987 ἔχων
747 928 929 987 ἀγαθὴν
961 932 1188 989 Νέστορος
1219 930 1458 990 ἀντιθέου,
1506 957 1510 960 ·

207 1015 275 1047 ’115
303 1001 524 1059 ὠκύτερος
556 999 597 1045 δ’
634 1007 796 1058 εἴησθα
827 1001 968 1054 πόδας
998 1003 1167 1059 ταχέων
1194 1001 1419 1060 Ἁρπυιῶν

300 1181 345 1218 V.
373 1183 450 1216 705.
480 1181 635 1228 βροτοῖς,
661 1190 858 1229 perperam
883 1180 1103 1216 Heimsoeth
1128 1187 1286 1225 νεκροῖς.
1315 1204 1358 1209 -—
1383 1182 1522 1230 λήθην,
1550 1197 1569 1220 e
1595 1183 1743 1230 λήθειν.

209 1250 251 1255 —-
284 1226 389 1264 νόοιο
424 1227 505 1272 AO,
543 1223 706 1272 νόημα*.
742 1248 784 1253 -
818 1228 860 1263 V.
890 1232 968 1264 706.
998 1226 1256 1274 ε’πεφροὶσατο,
1290 1230 1319 1265 O
1349 1228 1563 1279 ἐφράσατο,
1602 1233 1638 1268 el
1664 1231 1742 1270 ε’νε·

207 1274 388 1322 φράσατο.
427 1296 471 1301 --
509 1274 552 1310 V,
589 1279 667 1311 707.
707 1273 959 1321 αμφικαλύψῃ
992 1277 1043 1319 Α,
1082 1273 1347 1323 ἀμφικαλύψει
1380 1280 1403 1314 h
1436 1291 1459 1315 a
1490 1292 1537 1315 m.
1570 1293 1642 1326 pr.,
1678 1282 1742 1318 sed

207 1335 319 1370 supra
350 1319 618 1369 ἀμφικαλύψω
648 1321 728 1358 ut*.
762 1343 806 1348 —
833 1323 877 1359 V.
906 1326 984 1359 708.
1020 1323 1112 1371 ε’λθῃ
1139 1327 1184 1369 Α,
1212 1323 1305 1371 ἔλθη
1333 1325 1380 1369 O,
1414 1325 1560 1363 ἔλθοι*.
1611 1329 1743 1364 Malim

208 1371 358 1407 sublata
388 1369 668 1415 praepositione
702 1368 794 1429 ἔλθῃ
828 1368 870 1406 δὲ
904 1369 1066 1416 σκιερὸν.
1100 1393 1143 1398 —
1171 1370 1320 1416 σκιερὸν
1347 1374 1560 1420 AOdefhln,
1593 1374 1743 1422 κριερόν

207 1420 288 1463 bm,
326 1415 486 1462 κρυερὸν
523 1417 647 1463 vulgo.
687 1438 734 1443 --
770 1417 1068 1464 αποφθιμένων,
1112 1420 1145 1454 Α
1181 1420 1459 1467 αποφθιμὲνος.
1497 1443 1540 1448 -
1585 1423 1628 1460 V.
1663 1428 1742 1461 709.

207 1465 388 1508 κυανέας,
422 1464 436 1499 l
469 1461 641 1500 κυάναιέ.
675 1485 719 1504 ,-
755 1465 798 1500 V.
833 1470 911 1502 710.
948 1467 1148 1512 εἴργουσιν,
1175 1469 1364 1512 εἴργουσιν
1397 1469 1481 1514 dfn,
1515 1483 1681 1516 ειργουσι
1699 1473 1743 1518 A,

207 1516 372 1560 εἴργουσι
398 1512 437 1548 Ο.
479 1533 523 1538 —
564 1513 605 1548 V.
634 1517 714 1548 711.
747 1513 812 1548 καὶ
844 1516 979 1549 κεῖθεν
1005 1514 1167 1559 Bekker,
1200 1513 1386 1553 κάκεῖθεν
1412 1516 1509 1553 libri.
1549 1538 1593 1543 —
1631 1522 1744 1555 παλιν

206 1612 327 1656 ηλυθε
363 1610 534 1653 Σισυφος
559 1604 658 1653 ἥρως
688 1607 721 1643 Α
754 1610 811 1653 (ut
842 1609 1002 1644 Iortinus
1035 1610 1274 1656 coniecerat),
1307 1609 1418 1648 πάλιν
1457 1592 1550 1657 ηλθε
1583 1580 1746 1661 σισύφὲἒ

207 1654 243 1702 γ’
278 1652 377 1702 ἥρως
403 1655 450 1699 Ο,
483 1656 640 1698 σι’συφος
671 1653 785 1691 πάλιν
811 1653 956 1701 ἤλυθεν
988 1653 1122 1702 {focos-³¹².
1158 1679 1199 1683 ——
1242 1659 1280 1694 V.
1309 1664 1387 1695 712.
1417 1661 1548 1707 σφῇσι,
1587 1661 1622 1697 el
1648 1662 1743 1708 σῆσι.

208 1725 252 1730 -
291 1704 333 1739 V.
374 1707 453 1739 713.
493 1702 641 1747 ψευδέα
680 1703 712 1737 Α
750 1706 835 1749 (sec.
874 1703 995 1749 Mey),
1034 1705 1134 1749 quod
1171 1707 1311 1752 recepi,
1351 1707 1546 1752 legebatur
1582 1707 1742 1753 ψεύδεα.

207 1751 330 1787 Etiam
361 1762 420 1796 ap.
447 1750 652 1786 Hesiodum
677 1750 743 1786 Th.
771 1754 814 1787 27
849 1751 1085 1787 scribendum
1119 1754 1233 1798 ἴδμεν
1260 1753 1440 1798 ψευδέα
1472 1753 1588 1792 πολλὰ
1620 1755 1743 1802 λέγειν

208 1796 399 1844 ἐτύμοισιν
445 1795 574 1843 ὁμοῖα,
612 1799 721 1844 ἴδμεν
759 1795 796 1833 δ’
842 1792 922 1834 εὖτ’
963 1796 1175 1846 ἐθέλωμεν,
1219 1798 1369 1847 ἀληθέα
1400 1800 1670 1849 μυθήσασθαι,
1706 1806 1745 1840 et

207 1847 308 1902 apud
343 1845 585 1881 Theocritum
623 1845 691 1880 XII
735 1850 780 1881 23
821 1843 893 1891 ἐγώ
932 1846 975 1882 δέ
1020 1859 1058 1882 σε
1098 1845 1164 1883 τὸν
1207 1847 1325 1884 καλὸν
1363 1848 1502 1885 αἰνέων
1547 1850 1742 1897 ψευδέα,

207 1892 313 1939 ῥἰνος
337 1889 508 1938 ύπερθεν
539 1890 676 1938 ἆραιῆς
707 1890 803 1928 σῦκ’
838 1891 1035 1939 ἀναφύσω,
1071 1897 1197 1930 vetere
1229 1896 1322 1932 vitio
1355 1897 1516 1934 sublato.
1545 1919 1589 1925 —
1620 1904 1743 1940 ποιοῖς

206 1942 251 1987 Α,
277 1940 435 1981 *ποιεῖς
462 1961 506 1966 -
535 1938 737 1986 ἐτύμοισιν,
765 1952 784 1976 c
811 1937 1022 1986 ἕτοίμοισιν.
1073 1942 1175 1978 Haec
1201 1943 1283 1979 laus
1307 1956 1383 1980 non
1409 1945 1508 1981 cadit
1543 1946 1582 1981 in
1607 1947 1742 1983 Nesto-

206 2000 297 2032 rem,
324 1988 390 2024 sed
413 1987 452 2023 in
478 1987 644 2033 Ulixem,
669 1988 798 2033 itaque
826 1988 935 2025 credo
959 1990 1236 2035 pentametrum
1272 2003 1355 2027 cum
1388 1993 1604 2029 hexametro
1630 1993 1742 2029 inter-

208 2035 360 2079 cidisse;
393 2037 506 2081 poeta
530 2036 672 2082 pariter
697 2036 816 2071 Ulixis
848 2038 961 2081 atque
987 2037 1155 2073 Nestoris
1186 2039 1458 2084 eloquentiam,
1492 2040 1668 2086 quoniam
1701 2041 1742 2077 in

209 2084 348 2130 dispari
375 2082 523 2119 dicendi
548 2094 683 2128 genere
719 2084 989 2128 excelluerunt,
1022 2089 1306 2123 memoraverat.
1356 2087 1481 2123 Etiam
1515 2089 1742 2124 Herwerdeu

208 2132 253 2167 de
280 2132 416 2167 lacuna
441 2130 636 2175 cogitavit,
663 2131 729 2166 sed
756 2131 847 2166 clari
872 2132 1028 2167 alicuius
1054 2134 1187 2177 poetae
1213 2146 1348 2170 nomen
1374 2135 1634 2171 oblitteratum
1659 2148 1737 2172 esse

208 2179 351 2214 statuit.
373 2198 417 2204 —-
438 2177 480 2213 V.
504 2182 582 2215 714.
610 2176 778 2224 ἀγαθὴν,
804 2179 888 2215 fort.
915 2179 1106 2226 λιγυρὴν
1133 2181 1380 2217 scribendum.
1406 2183 1554 2219 Hecker
1578 2181 1740 2229 ἀγανὴν,

206 2227 306 2272 quod
327 2225 463 2272 probat
482 2226 656 2270 Leutsch,
676 2226 741 2271 qui
760 2228 954 2272 praeterea
970 2224 1154 2273 Ὀρφέος
1178 2240 1245 2274 pro
1268 2228 1458 2275 Νέστορος
1478 2230 1522 2275 (O
1542 2229 1740 2277 νέστωρος)

206 2274 363 2320 scripsit.
403 2294 447 2299 ——
486 2273 529 2310 V.
558 2278 636 2310 715.
664 2272 808 2319 ταχέων
836 2274 882 2318 Ο,
919 2287 1062 2320 ταχεων
1083 2278 1132 2320 A,
1159 2277 1303 2322 ταχεῶν
1330 2278 1410 2314 rell.
1438 2279 1587 2324 praeter
1611 2279 1643 2323 f,
1676 2280 1741 2324 qui

206 2322 376 2367 ταχειῶν.
408 2322 630 2367 Praeoptavi
644 2320 798 2367 ταχέων,
820 2322 1004 2367 siquidem
1019 2323 1066 2358 ad
1081 2323 1233 2359 Homeri
1247 2325 1456 2371 exemplum
1473 2325 1740 2362 adiectivorum

206 2369 413 2405 clausulam
437 2371 481 2410 ‘iss
506 2370 716 2414 promiscue
742 2370 787 2405 de
812 2372 972 2415 utroque
997 2382 1132 2417 genere
1163 2375 1344 2417 usurpant
1375 2373 1472 2418 epici
1502 2373 1738 2419 recentiores,

206 2428 228 2452 a
248 2428 406 2462 quorum
426 2416 605 2453 societate
620 2417 776 2463 elegiaci
795 2419 930 2463 poetae
949 2429 1023 2453 non
1042 2420 1126 2454 sunt
1139 2420 1372 2464 segregandi,
1393 2431 1618 2466 quamquam
1632 2421 1738 2457 novi-
1777 2438 1780 2440 v

208 2463 349 2499 ciorum
374 2465 521 2500 tantum
547 2466 744 2510 poetarum
770 2465 985 2501 testimonia
1014 2466 1062 2501 ad
1094 2478 1244 2502 manum
1279 2470 1382 2511 sunt,
1415 2467 1599 2514 Antiphili
1625 2469 1738 2505 Anth.

206 2512 245 2547 P.
273 2511 324 2546 IX
347 2516 418 2547 413
451 2509 611 2558 μεγάλαι
635 2525 674 2547 τε
707 2512 772 2547 καὶ
797 2509 928 2556 εὐρέες
954 2514 1089 2558 (νῆσοι)
1117 2515 1155 2549 et
1179 2514 1303 2559 adesp.
1331 2515 1441 2550 Anth.
1468 2515 1572 2552 Plan.
1599 2520 1643 2551 35
1670 2529 1738 2552 πο-

206 2558 300 2594 λέων
328 2556 596 2605 εὖεργεσιάων.
628 2560 682 2595 Cf.
710 2559 838 2595 Naeke
872 2560 1031 2596 Choeril.
1058 2565 1127 2597 267
1154 2563 1192 2596 et
1225 2562 1397 2598 Meineke
1432 2563 1539 2599 Anal.
1574 2563 1631 2597 Al.
1658 2567 1738 2600 208.

206 2607 331 2641 Etiam
356 2607 455 2652 apud
486 2607 594 2643 Hom.
623 2608 663 2642 Il.
690 2611 722 2643 Λ
748 2611 815 2643 272
843 2604 966 2650 ὀξεῖς
997 2605 1133 2644 ὀδύναι
1157 2608 1306 2644 videtur
1330 2608 1623 2654 restituendum,
1652 2621 1738 2646 nam

207 2654 426 2690 adverbium
453 2651 571 2698 ὀξεῖα,
597 2655 697 2700 quod
721 2655 951 2691 Buttmanno
977 2656 1138 2702 placuit,
1165 2659 1316 2702 propter
1341 2657 1627 2703 ambiguitatem
1652 2657 1738 2694 reii-

207 2701 389 2737 ciendum.
441 2702 666 2748 Byzantinus
703 2703 890 2738 corrector
924 2704 1069 2749 ταχεῶν
1104 2703 1298 2740 substituit
1335 2705 1434 2750 quod
1473 2715 1540 2750 pro
1577 2706 1737 2751 ταχειῶν

207 2748 409 2785 admissum
449 2761 528 2785 esse
568 2750 718 2795 statuit,
751 2762 863 2796 quam
895 2751 1165 2797 correptionem
1197 2752 1303 2787 lones
1335 2752 1591 2797 frequentant,
1624 2754 1736 2798 atque

206 2797 390 2832 Homerus
412 2809 557 2843 quoque
577 2798 732 2833 subinde
759 2798 921 2843 admisit,
946 2798 1052 2835 velut
1075 2796 1198 2839 πόδας
1223 2795 1323 2834 ὠκέα
1344 2794 1440 2843 Ἰρις,
1466 2799 1531 2835 sed
1555 2799 1635 2834 iure
1655 2801 1736 2836 Ari-

207 2845 376 2880 starchus
402 2845 644 2891 reprehendit
674 2845 911 2881 Hellanicum
942 2845 1087 2891 θηλέας
1120 2847 1258 2887 ἵππους
1287 2847 1325 2882 in
1351 2847 1512 2882 Homero
1538 2847 1580 2883 11.
1607 2849 1640 2882 E
1665 2852 1735 2884 269

207 2892 441 2935 scribentem,
469 2893 771 2939 quandoquidem
797 2895 983 2938 correptio
1010 2894 1198 2930 clausulae
1221 2899 1269 2934 ἇς
1292 2893 1416 2930 aliena
1441 2893 1489 2930 sit
1514 2894 1561 2930 ab
1582 2894 1734 2931 Homeri

206 2940 489 2975 consuetudine:
515 2941 587 2976 hoc
613 2941 712 2975 enim
739 2943 884 2986 spectat
907 2940 1114 2977 Aristarchi
1140 2941 1367 2986 observatio,
1394 2954 1506 2987 quem
1532 2939 1634 2978 ὠκέα
1659 2942 1736 2979 alia.
