1890 3216
190 180 277 222 296
727 180 920 215 ΡΟΕΤΑΕ
947 178 1185 215 ELEGIACI.

371 289 490 344 ἄμφω
524 290 594 343 μὲν
625 290 745 344 πηροὶ
776 290 843 331 καὶ
873 287 1086 343 ἀλήμονες,
1118 285 1201 329 ἀλλ’
1237 285 1257 330 ὁ
1291 287 1361 342 μὲν
1392 287 1524 343 ὄψεις,

430 354 473 406 ὃς
506 355 548 396 δὲ
581 353 731 409 βάσεις·
763 353 884 401 ἄλλου
917 352 953 396 δ’
989 353 1104 404 ἄλλος
1135 351 1339 408 ὑπηρεσίη.

369 419 518 474 τυφλὸς
548 418 623 476 γὰρ
654 425 794 474 χωλοΐο
826 418 1077 474 κατωμάδιον
1109 418 1230 474 βάρος
1263 422 1387 474 αἴρων

429 484 606 539 ἀτραπὸν
638 483 814 534 ὀθνείοις
845 484 1015 538 ὄμμασιν
1046 483 1264 540 ἆκροβάτει.

369 549 394 605 ἡ
428 554 496 605 μία
529 550 565 592 δ’
601 549 836 605 ἀμφοτέροις
866 549 977 604 ἤρκει
1009 549 1144 603 φύσις·
1177 551 1220 591 ἐν
1250 549 1324 605 γὰρ
1357 549 1503 608 ἑκάστῳ

430 615 631 666 τοῦλλιπὲς
663 615 843 670 ἀλλήλοις
876 618 929 666 εἰς
962 614 1056 658 ’ὅλον
1087 610 1293 669 ἠράνισαν.

194 710 401 748 'Praetavit
432 710 567 747 autem
599 708 663 746 hic
695 708 846 746 chriam
878 720 901 746 a
931 707 1070 746 multis
1103 707 1372 757 decantatam,
1405 721 1430 747 a
1455 708 1599 758 quibus
1629 708 1796 759 plu-617

194 775 295 813 rima
325 775 533 813 mutuatus
567 775 638 813 est.

931 851 982 889 Π.

366 918 411 961 Ἀ
442 921 555 970 λίθος
587 918 661 961 ἐστ’
696 918 937 974 ἀμέθυστος,
971 918 1045 976 ε’γὼ
1079 918 1114 962 δ’
1151 918 1172 962 ὅ
1204 918 1326 969 πότοις
1358 917 1570 970 Διόνυσος·

433 982 458 1039 ἢ
491 984 636 1039 νήφειν
667 988 790 1027 πείσει
821 984 864 1039 μ’
899 983 924 1040 ἢ
958 986 1115 1040 μαθέτω
1149 983 1323 1039 μεθύειν.

921 1096 995 1134 ΙΙΙ.

368 1167 413 1210 ‘A
446 1171 613 1225 σφραγὶς
644 1169 859 1222 ὑάκινθος,
886 1168 1088 1212 Ἀπόλλων
1121 1169 1157 1212 δ’
1193 1171 1296 1212 ἐστὶν
1327 1171 1370 1212 ἐν
1402 1168 1500 1227 αὐτῇ

433 1236 499 1277 καὶ
532 1235 701 1290 Δάφνη·
734 1236 900 1290 ποτέρου
934 1240 1079 1290 μᾶλλον
1111 1234 1131 1278 ὁ
1165 1238 1384 1290 Λητοΐδας;

197 1334 387 1373 Eiusdem
419 1334 600 1373 Platonis
632 1334 799 1373 iunioris
831 1334 1003 1373 fortasse
1036 1336 1096 1373 est
1129 1347 1188 1384 ep.
1220 1329 1438 1374 ἀδέσποτον
1469 1334 1525 1372 ΙΧ
1556 1335 1652 1374 759.

376 1424 451 1476 Εἷς
483 1429 615 1478 λίθος,
648 1424 756 1480 ἅρμ’,
789 1424 946 1479 ἐλατήρ,
979 1427 1111 1478 ἵπποι,
1144 1423 1281 1481 ζυγόν,
1313 1423 1426 1480 ἡνία,
1459 1424 1612 1480 μάστιξ,

198 1526 303 1575 quod
335 1525 447 1564 Plan.
475 1527 516 1564 et
540 1526 625 1564 cod.
645 1524 711 1563 Iri.
731 1538 768 1574 p.
791 1525 844 1563 92
878 1524 1036 1562 Platoni
1067 1523 1263 1563 tribuunt.
1307 1523 1410 1562 Huic
1441 1523 1576 1563 versui
1608 1523 1731 1563 simil-

196 1591 314 1629 limus
348 1592 410 1628 est
441 1591 508 1639 qui
536 1590 719 1640 sequitur
745 1589 957 1639 adespotos
983 1584 1108 1642 (760)
1142 1584 1218 1636 Εἶς
1244 1588 1405 1640 δίφρος,
1436 1584 1548 1641 ἅρμ’,
1580 1584 1731 1640 ἐλατήρ,

199 1657 343 1705 πῶλοι,
375 1651 509 1708 ζυγός,
540 1650 654 1706 ἡνία,
687 1654 790 1705 νίκη.
851 1653 951 1692 Uter
990 1655 1126 1692 utrum
1158 1653 1415 1703 descripserit
1446 1653 1692 1704 ambiguum.

317 1722 371 1759 Et
396 1721 560 1770 antiqua
587 1722 694 1759 certe
722 1733 769 1759 ea
795 1721 1087 1770 epigrammata
1113 1721 1225 1769 sunt,
1259 1733 1359 1769 quae
1387 1719 1588 1770 Diogenes
1614 1720 1733 1758 affert

201 1789 363 1826 auctore
384 1786 593 1836 Aristippo
614 1799 710 1825 usus
735 1781 821 1838 (qui
842 1785 1003 1836 scripsit
1021 1782 1109 1835 περὶ
1128 1785 1296 1830 παλαιᾶς
1315 1786 1480 1836 τρυφῆς,
1499 1785 1732 1826 recentioris

128 1886 139 1897 ,
199 1852 438 1891 Academiae
465 1851 630 1901 assecla,
656 1853 702 1889 ut
727 1851 825 1889 mihi
850 1850 1027 1900 videtur,
1053 1862 1180 1900 neque
1211 1850 1316 1888 enim
1335 1850 1502 1889 Luzacio
1523 1851 1731 1902 assentior,

200 1918 268 1967 qui
300 1917 403 1955 hunc
428 1916 576 1955 librum
605 1916 822 1967 Cyrenaico
849 1917 955 1954 mala
986 1915 1127 1954 fraude
1155 1915 1378 1954 subiectum
1403 1927 1490 1954 esse
1516 1911 1733 1969 censet)*).

199 1983 340 2032 Neque
381 1982 485 2020 enim
517 1981 751 2032 Aristippus
789 1982 887 2020 haec
926 1981 1098 2032 elegidia
1136 1993 1207 2020 suo
1245 1980 1421 2030 periculo
1465 1981 1622 2032 panxit,
1664 1982 1734 2020 sed

199 2048 353 2087 tradita
392 2048 441 2085 ab
475 2047 564 2086 aliis
602 2047 859 2098 propagavit:
904 2046 1157 2087 Dioscorides
1197 2047 1323 2095 certe,
1361 2047 1494 2084 aetate
1525 2046 1733 2097 Aristippo

200 2115 265 2155 vel
306 2126 455 2162 suppar
492 2113 556 2152 vel
595 2113 741 2162 maior,
785 2112 950 2162 respicit
987 2111 1111 2161 epigr.
1145 2112 1189 2161 8,
1233 2111 1312 2150 vid.
1351 2124 1452 2161 quae
1489 2111 1546 2150 ibi
1585 2111 1734 2151 notavi.

201 2178 416 2228 Apuleius,
449 2176 601 2216 Gellius
635 2178 685 2215 ad
715 2178 998 2228 philosophum
1030 2176 1211 2214 referunt
1246 2178 1282 2215 1.
1310 2178 1346 2216 2.
1375 2178 1411 2216 3.
1442 2179 1477 2215 7.
1505 2178 1542 2215 8.
1573 2179 1637 2217 10.
1668 2178 1734 2217 14.

205 2246 269 2283 15.
301 2245 365 2282 17.
393 2244 460 2282 30.
488 2244 555 2281 31.
605 2243 821 2282 Praeterea
852 2244 981 2293 possis
1013 2243 1055 2280 in
1086 2243 1256 2281 eundem
1288 2255 1497 2281 numerum
1523 2243 1674 2281 referre
1697 2245 1733 2291 9,

203 2309 307 2359 quod
340 2320 430 2346 cum
460 2308 639 2358 proximo
673 2321 730 2358 ep.
756 2310 809 2348 10
841 2310 953 2347 arcta
982 2308 1276 2347 necessitudine
1308 2307 1572 2358 coniunctum,
1605 2310 1646 2347 et
1667 2309 1733 2356 18,

202 2374 314 2413 cuius
347 2386 421 2422 par
448 2375 509 2411 est
541 2373 644 2412 ratio
672 2368 739 2426 (cf.
767 2386 826 2423 ep.
851 2368 936 2426 17),
967 2386 1060 2412 nam
1087 2387 1195 2423 eum,
1227 2373 1295 2423 qui
1325 2373 1481 2423 primus
1506 2373 1733 2413 Platonicae

202 2451 332 2489 nuga-s
359 2438 636 2488 congregavit,
668 2451 746 2476 non
779 2440 1037 2488 aspernatum
1064 2451 1149 2478 esse
1181 2439 1294 2478 lusus
1319 2439 1424 2477 idem
1451 2440 1734 2488 argumentum

201 2504 403 2543 variantes
444 2503 620 2541 ostendit
653 2516 712 2553 ep.
747 2505 771 2542 3
805 2504 1034 2543 adiunctum
1072 2517 1132 2553 ep.
1166 2505 1204 2543 2.
1265 2503 1399 2553 Atque
1438 2503 1536 2542 haec
1573 2503 1734 2553 quidem

203 2569 324 2608 etiam
357 2568 560 2617 Meleager
591 2567 751 2606 videtur
783 2569 997 2619 recepisse,
1030 2569 1064 2608 si
1095 2582 1175 2608 non
1206 2569 1353 2616 omnia,
1392 2570 1435 2606 at
1466 2569 1574 2607 certe
1605 2569 1734 2618 plera-

204 2647 297 2684 que:
328 2633 525 2671 incertum
553 2645 664 2680 sane,
699 2631 895 2682 Cephalas
922 2634 1016 2683 quid
1043 2634 1264 2684 Meleagro,
1297 2633 1391 2684 quid
1416 2633 1589 2683 Diogeni
1614 2633 1733 2672 Laer-

202 2699 258 2737 tio
298 2700 504 2747 acceptum
543 2698 710 2736 referat:
746 2710 839 2736 nam
878 2711 937 2747 ep.
974 2701 995 2738 7
1031 2702 1072 2738 et
1104 2701 1128 2739 8
1162 2700 1350 2750 leguntur
1386 2698 1428 2737 in
1458 2698 1621 2737 Anthol.
1656 2699 1732 2737 VII

207 2767 259 2803 99
289 2767 329 2802 et
360 2765 460 2813 100,
493 2776 570 2813 quo
602 2764 688 2802 loco
722 2762 918 2813 Cephalas
952 2766 996 2803 ut
1027 2778 1091 2804 res
1123 2765 1211 2816 ipsa
1242 2765 1357 2803 docet
1388 2766 1428 2802 et
1460 2759 1611 2803 codicis
1635 2764 1731 2802 lem-

299 2889 330 2932 *)
365 2888 489 2923 Etiam
522 2888 740 2924 Steinhardt
774 2889 899 2924 Platos
930 2889 1057 2926 Leben
1088 2902 1123 2935 p.
1150 2894 1219 2925 266
1254 2889 1533 2925 fraudulentum
1568 2889 1733 2934 aliquem

204 2936 390 2972 hominem
420 2935 602 2982 Aristippi
628 2936 775 2972 nomine
803 2937 959 2972 abusum
985 2949 1065 2974 esse
1092 2938 1228 2974 censet.
