1890 3216
762 169 1115 208 ARCHILOCHUS.
1616 167 1700 211 431

811 280 1073 335 160.[13SJ

173 412 177 416 ,
293 370 425 411 Sohol.
463 369 653 410 Nicandri
695 369 813 408 Ther.
848 369 951 407 213:
989 363 1205 421 Ἀργίλιπες
1243 362 1283 406 δ’
1324 361 1410 418 ἤτοι
1447 363 1621 405 ἔκλευκοι
1653 359 1707 413 ὦς

166 431 408 490 Ἀρχίλοχος·
446 429 701 490 ἇρχιλιπὴς
738 431 788 474 δὲ
826 429 984 485 φάσις.
1042 434 1105 473 Ita
1136 432 1221 473 cod.
1246 431 1294 472 G.
1330 446 1385 483 p.,
1424 426 1629 485 ἆργιλιπὴς
1666 426 1703 470 δ’

172 499 263 554 ἐφᾶ
294 501 348 554 Κ,
380 502 503 553 vulgo
530 496 754 554 Ἀρχίλοχος
785 495 824 540 δ’
859 495 1067 554 ἆργιλιπής
1098 509 1233 550 φησιν.
1279 497 1549 538 Bussemakor
1580 492 1707 544 Φάσις

174 562 358 622 (Φᾶσις),
392 566 549 607 Lobeck
570 566 669 606 coni.
687 559 907 619 Ἀρχίλοχος
927 563 970 605 δὲ
990 558 1247 619 ἄργιλιπὴς
1266 559 1416 615 δημὸς
1435 562 1570 615 φησίν.
1620 562 1707 613 Ego

174 633 323 674 conieci
354 626 611 687 ἆργιλιπὴς
642 628 691 671 δὲ
723 627 885 683 φύσις,
919 632 1107 682 Hartung
1138 626 1263 682 φύσιν
1293 628 1459 668 mavult.

812 760 1076 814 161.[139]

293 859 485 911 Hosych-:
517 854 724 911 Γυμνόν·
756 851 1014 910 ἆνυπόδητον
1046 854 1160 912 (cod.
1187 850 1408 909 ἆνύδητον)
1438 850 1464 908 ἢ
1491 848 1708 895 ἀπεσκυθι-

175 921 337 977 σμένον,
369 918 424 973 ὥς
450 917 682 978 Ἀρχίλοχος.

808 1028 906 1071 162.
940 1027 1075 1080 [141.]

293 1126 497 1167 PolluxH
517 1128 591 1167 2⁷:
623 1121 852 1180 βόστρυχος,
883 1119 959 1178 ἀφ’
995 1118 1044 1166 οὗ
1069 1123 1135 1165 καὶ
1167 1102 1709 1178 διαβεβοστρυχωμένον

178 1187 287 1246 παρὰ
312 1185 536 1249 Ἀρχιλόχῳ.

808 1284 904 1328 163.
935 1283 1073 1338 [142]
1125 1305 1156 1313 -

294 1371 488 1424 Hesych.:
520 1369 608 1420 Δὶς
632 1368 761 1427 τόσῃ·
788 1373 834 1426 τῇ
852 1366 1001 1426 ἡλικίᾳ·
1023 1363 1255 1423 Ἀρχίλοχος.
1298 1370 1357 1409 ita
1376 1369 1567 1421 Elmsley,
1588 1370 1708 1421 vulgo

174 1433 347 1493 διστόσῃ.

810 1529 1076 1583 164.[144]

294 1629 358 1668 Et.
391 1629 444 1668 M.
477 1630 576 1680 324,
612 1630 682 1669 14:
722 1626 765 1668 ἐκ
789 1623 957 1680 Ῥώμης·
988 1622 1014 1678 ἡ
1047 1625 1086 1675 ἐξ
1118 1622 1326 1679 πρόθεσις,
1358 1621 1453 1666 ’ὅταν
1483 1619 1581 1680 αὐτ-’ἱ
1613 1620 1708 1678 σύμ·

177 1708 319 1746 φωνον
349 1691 600 1746 ἐπιφέρηται,
631 1692 759 1747 τρέπει
789 1689 832 1734 τὸ
865 1693 885 1742 ξ
916 1693 971 1741 εἰς
1001 1707 1035 1732 κ.
1069 1691 1136 1732 δεῖ
1161 1689 1204 1731 δὲ
1235 1694 1490 1744 προσθεῖναι,
1528 1689 1645 1744 χωρὶς
1676 1689 1712 1730 εἰ

175 1755 230 1812 μκὴ
260 1754 407 1814 εὑρεθῇ
439 1755 532 1811 μετὰ
563 1756 842 1812 παρέλκοντος·
875 1753 963 1799 οἷον
989 1753 1042 1806 ὡς
1066 1753 1172 1809 παρὰ
1196 1751 1404 1812 Ἀρχιλόχῳ
1438 1752 1535 1811 (vid.
1556 1757 1621 1797 Fr.
1643 1753 1707 1810 5)·

176 1822 561 1877 Διὲξσωλῆνος,
597 1823 664 1864 καὶ
700 1821 837 1864 πάλιν·
876 1821 986 1872 Διὲξ
1030 1819 1078 1863 τὸ
1115 1819 1292 1876 μύρτον
1332 1815 1420 1862 ἀντὶ
1455 1824 1526 1862 τοῦ
1563 1817 1630 1861 διὰ
1666 1817 1709 1861 τὸ

174 1886 335 1943 μύρτον.
386 1890 568 1944 σημαίνει
600 1887 643 1930 δὲ
673 1885 746 1943 τὴν
776 1890 983 1942 μυρσίνην.

811 2018 906 2061 165.
941 2018 1076 2084 [14β.]

297 2117 440 2156 Pollux
469 2115 511 2155 II
544 2117 620 2156 34:
652 2113 980 2168 ἐκτενισμένοι
1011 2113 1083 2169 μὲν
1115 2115 1268 2169 εἴρηκεν
1294 2108 1529 2168 Ἀρχίλοχος.

814 2243 908 2288 166.
943 2244 1078 2297 [146.]

299 2343 492 2394 Hesych.:
519 2337 769 2394 Ἔτρεψεν·
807 2339 1038 2395 ἐπέτρεψεν,
1074 2335 1295 2394 ἠπάτησεν,
1333 2338 1594 2394 παρέτρεψεν”
1622 2333 1711 2391 Ἀρ-

179 2408 342 2462 χίλοχος.

814 2511 1079 2565 167.[147]

302 2611 493 2662 Hesych.:
531 2606 706 2662 ”Ημισυ
747 2609 922 2662 τρίτον·
961 2605 1036 2650 δύο
1073 2604 1212 2660 ἥμισυ·
1247 2602 1478 2661 Ἀρχίλοχος.
1540 2609 1588 2649 H.
1620 2608 1712 2648 Keil

182 2673 364 2731 (Quaest.
391 2675 566 2715 Gramm.
593 2689 630 2726 p.
659 2671 733 2728 12)
758 2677 877 2725 putat
900 2674 1132 2715 Archilochi
1156 2686 1300 2714 nomen
1326 2686 1374 2713 ex
1399 2686 1534 2713 erroro
1558 2676 1710 2713 ortum:

181 2741 427 2793 Hesychium
465 2754 583 2781 usum
621 2741 903 2792 grammatico,
941 2740 1008 2790 qui
1044 2739 1172 2791 τρίτον
1214 2735 1337 2791 ἥμισυ
1378 2741 1420 2778 ot
1461 2738 1589 2790 τρίτον
1624 2733 1792 2790 ’lau-⁷2⁰1

180 2803 325 2848 πόδιον
356 2807 626 2858 explicaverit,
658 2806 837 2850 adhibito
869 2805 1101 2844 Archilochi
1124 2817 1262 2844 versu:
1294 2802 1338 2844 ἐν
1363 2801 1406 2843 δὲ
1425 2799 1711 2855 Βατουσιοὶδης,

181 2873 287 2912 male
318 2872 548 2911 Archilochi
578 2871 853 2911 testimonium
878 2870 1066 2910 retulisse
1092 2869 1142 2909 ad
1166 2865 1288 2921 ἥμισυ
1311 2868 1450 2922 τρίτον.
1496 2868 1607 2915 Quae
1631 2881 1712 2909 non
1794 2891 1800 2894 -

182 2939 290 2978 recte
322 2937 529 2987 disputata
560 2949 647 2976 esse
679 2937 795 2976 docui
826 2936 971 2975 Philol.
1002 2935 1097 2974 XVI
1119 2937 1203 2975 587
1226 2948 1306 2986 seq.
