1890 3216
783 147 1117 186 EMPEDOOLES.
1632 149 1714 192 261

246 255 296 312 ὃς
327 261 560 311 πλείστους
591 267 823 316 κρυεραῖσι
855 258 1215 316 μαραινομένους
1245 256 1335 303 ὑπὸ
1369 256 1552 311 νούσοις
1650 270 1718 302 586

303 332 456 388 φῶτας
488 329 762 389 ἀπέστρεψεν
798 329 1091 388 Περσεφόνας
1123 329 1357 388 θαλάμων.

171 475 272 512 niam
299 474 490 511 hominem
515 473 674 510 divitem
700 474 852 520 publico
879 476 1004 511 sumtu
1036 475 1179 511 elatum
1213 486 1294 511 esse
1326 486 1401 511 non
1433 475 1484 511 sit
1518 474 1716 519 eredibile;

171 524 212 561 at
236 521 310 560 fuit
334 521 397 559 hic
421 521 580 576 insignis
612 522 748 566 houm,
783 534 856 568 quo
888 522 1075 560 medicum
1108 522 1389 559 meritissimum
1417 534 1440 558 a
1465 522 1609 559 civibus
1643 523 1718 558 suis

171 572 346 609 ornatum
371 571 483 607 fuisse
508 569 601 606 satis
628 572 685 606 est
709 570 924 616 verisimile,
950 571 995 607 cf.
1024 571 1288 607 Westermann
1313 570 1359 607 de
1379 571 1482 617 publ.
1499 571 1590 608 hon.
1611 583 1646 617 p.
1670 575 1714 607 56

171 630 250 666 seq.
300 618 365 655 Sin
392 617 536 665 ἔθρεψε
563 618 781 664 probamus,
818 618 890 655 hoc
916 619 1151 665 epigramma.
1176 619 1428 665 subscriptum
1454 618 1528 655 fuit
1553 620 1712 663 statuae,

169 678 283 722 quam
308 667 455 704 mortuo
481 666 632 703 demum
658 665 869 702 Pausaniae
897 666 998 704 cives
1024 667 1310 703 dedicaverunt:
1342 666 1470 713 itaque
1503 667 1582 703 sive
1616 667 1715 703 hanc

169 714 247 752 sive
271 714 378 752 illam
403 714 605 751 lectionem
631 714 831 759 sequimur,
857 715 1091 769 epigramma
1115 715 1164 752 ab
1185 714 1411 762 Empedocle
1437 715 1614 751 alienum.
1660 715 1714 751 Ae

169 763 264 800 mihi
288 762 439 809 quidem
465 761 615 799 videtur
641 760 786 808 ἔθρεψε
813 762 996 800 eorrectio
1021 774 1102 799 esse
1128 762 1188 799 vel
1213 763 1332 809 ipsius
1352 762 1531 809 Diogenis
1551 762 1611 799 vel
1631 763 1712 800 bio-

169 811 316 859 graphi,
342 823 455 857 quem
481 809 690 857 exscripsit,
715 809 780 856 qui
807 822 890 846 cum
917 810 1244 856 animadverteret,
1272 811 1495 847 Pausaniam
1522 812 1712 847 mortuum

169 870 245 896 non
268 859 436 906 potuisse
462 859 510 895 ab
536 858 604 894 Em
607 857 763 905 pedocle
796 858 960 895 carmine
993 858 1135 905 ornari,
1167 870 1235 905 pro
1267 858 1424 895 arbitrio
1457 858 1714 904 importunum

104 932 108 942 .
171 906 299 953 ἔθαψε
326 906 500 951 removit,
524 906 841 952 quemadmodum
867 906 982 943 etiam
1009 907 1119 952 φῶτα
1145 906 1366 943 correctoris
1391 918 1544 943 manum
1571 907 1710 953 planis-

169 955 262 992 sime
299 954 436 1002 prodit.
489 954 596 999 Quod
626 955 665 991 in
698 954 932 1001 Anthologia
963 954 1148 991 Simonidi
1180 954 1422 1000 adscribitur,
1454 954 1614 991 fortasse
1647 955 1712 991 Cei

168 1004 304 1050 poetae
329 1013 465 1040 nomen
492 1013 537 1038 ex
562 1014 620 1049 ep.
649 1007 667 1039 1
693 1002 734 1038 in
759 1004 956 1047 Acronem,
983 1002 1046 1039 ubi
1067 1003 1162 1039 haec
1182 1002 1381 1039 diversitas
1402 1002 1606 1039 memoriae
1629 1014 1713 1049 pro-

170 1051 251 1087 dita
276 1053 351 1096 est,
385 1052 527 1087 temere
552 1051 626 1087 huc
657 1050 893 1087 translatum.
946 1050 1120 1087 Ceterum
1153 1050 1352 1096 antiquum
1384 1048 1534 1087 videtur
1565 1061 1714 1087 carmen

169 1110 260 1144 esse,
287 1099 387 1146 quod
411 1100 728 1154 ‘mystagogorum
760 1098 914 1135 credula
945 1099 1049 1135 natio
1081 1101 1120 1135 et
1151 1099 1200 1135 ad
1234 1099 1446 1135 levissimas
1480 1098 1714 1135 coniecturas

169 1158 356 1194 propensa
389 1146 469 1184 sive
508 1146 739 1205 Empedocli
771 1147 851 1184 sive
890 1146 1075 1184 Simonidi
1117 1147 1267 1183 videtur
1301 1147 1489 1183 tribuisse.
1532 1167 1576 1173 —-
1610 1147 1653 1183 V.
1681 1152 1714 1183 3.

169 1196 365 1237 πλείστους
388 1199 584 1242 κρυεραῖσι
608 1208 694 1242 μαρ.
720 1191 797 1231 ὑπὸ
825 1192 976 1236 νούσοις
1007 1193 1138 1238 Anth„
1171 1191 1331 1236 πολλοὺς
1362 1200 1556 1241 μογεροῖσι
1581 1208 1616 1241 μ.
1643 1208 1705 1231 κα-

169 1241 342 1301 μα’τοισιν
369 1243 477 1290 Diog.
499 1264 541 1269 —
569 1243 614 1279 V.
641 1247 674 1281 4.
700 1240 959 1301 Περσεφόνας
970 1243 1087 1288 Plan„
1116 1239 1360 1289 Φερσεφόνης
1385 1243 1465 1279 eod.
1493 1243 1585 1289 Pal„
1613 1245 1708 1287 Περ

169 1288 336 1338 σεφόνης
360 1290 470 1338 Diog.
498 1312 544 1318 -
570 1288 758 1339 θαλάμων
784 1292 909 1337 Anth„
936 1289 1088 1327 ἀδύτων
1113 1291 1221 1338 Diog.
