1890 3216
843 196 1028 233 ZEUXIS.
1622 196 1708 238 319

158 316 243 343 scae
269 307 308 342 et
333 306 450 342 Demo
479 305 568 351 hilo,
595 305 667 342 nisi
692 306 862 353 praestat
886 306 961 351 ipsi
985 304 1021 341 h.
1049 315 1080 341 e.
1101 304 1346 359 Apollodoro)
1374 304 1536 340 ablatam
1555 303 1703 340 Zeuxin

156 354 253 399 ferre
275 356 418 390 secum“
421 317 614 400 ‚fortasse
640 354 731 391 item
759 365 803 391 ex
828 354 1104 400 epigrammate
1129 351 1301 398 petitum,
1328 351 1367 388 in
1393 363 1467 398 quo
1494 351 1610 387 etiam
1637 352 1703 388 illa

158 402 323 449 imagine
347 401 472 448 potnit
496 401 573 446 uti,
600 413 714 447 quam
739 401 882 438 Plinius
908 401 1079 438 adhibet:
1114 400 1195 445 „Ab
1221 401 1293 437 hoc
1320 400 1590 446 (Apollodoro)
1611 400 1703 435 artis

160 449 252 487 foris
277 450 428 504 apertas
454 449 586 486 Zeuxis
613 450 854 486 Heracleotes
880 449 1075 494 intravit&
1101 448 1420 503 quemadmodum
1453 447 1597 484 Plinius
1622 459 1702 484 sae-

158 496 244 582 gius
270 496 557 544 epigrammatis
581 498 764 534 eiusmodi
790 509 878 534 usus
906 499 972 533 est.
1025 497 1210 534 Graecum
1236 496 1471 543 epigramma
1496 496 1638 532 Romae
1664 495 1702 531 in

188 545 302 582 eteris
328 546 420 582 aede
447 545 545 581 idem
573 546 715 582 Plinius
741 547 925 582 memorat
950 544 1088 580 XXXV
1117 548 1286 590 12,154:
1323 544 1498 589 „Plantae
1524 544 1705 580 laudatis-

158 593 246 630 simi
270 593 372 630 fuere
399 593 648 640 Damophilus
675 596 713 630 et
739 594 941 640 Gorgasus,
967 593 1081 629 iidem
1107 592 1282 639 pictores,
1308 591 1373 640 qui
1399 592 1544 629 Cereris
1571 592 1704 628 aedem

159 641 302 679 Romae
337 641 387 678 ad
426 640 574 678 Circum
609 643 814 678 maximum
842 644 1000 687 utroque
1033 652 1170 687 genere
1206 640 1299 676 artis
1330 651 1418 677 suae
1451 640 1702 684 excoluerant,

159 688 329 726 versibus
354 689 545 736 inscriptis
571 689 732 733 Graece
764 690 899 736 quibus
932 688 1215 736 significarent,
1248 688 1296 724 ab
1329 688 1462 725 dextra
1487 687 1706 735 Damophili

158 748 253 783 esse,
278 737 325 774 ad
352 737 463 774 laeva
489 736 683 785 Gorgasi&
711 737 955 784 Epigramma
980 737 1058 774 tale
1084 736 1234 773 videtur
1260 736 1391 772 fuisse:

448 806 684 866 Δαμόφιλος
696 805 853 846 εἰσιόντι
877 806 960 866 τὴν
972 807 1042 867 μὲν
1069 806 1202 852 δεξιὰν

447 856 604 904 ἔγραψε,
634 855 827 903 Γόργασος
853 855 895 894 δὲ
923 855 992 903 τὴν
1017 852 1233 903 ἀριστεράν.

159 931 208 967 ab
233 929 325 977 ipsis
350 929 555 966 artificibus
581 929 683 965 baud
707 928 821 965 dubie
847 928 1068 983 profectum
1123 928 1298 974 szayov
1300 939 1343 965 ae
1362 938 1513 964 carmen
1540 927 1704 964 dilucide

159 979 389 1015 memoratur
414 977 463 1014 ib.
483 976 623 1013 XXXV
649 981 683 1022 9,
703 980 767 1013 58:
794 976 917 1021 „Quin
942 977 1059 1012 immo
1086 978 1277 1012 certamen
1303 976 1420 1012 etiam
1445 975 1616 1022 picturae
1642 976 1706 1011 flo-

161 1027 268 1063 rente
295 1036 339 1062 eo
358 1025 564 1071 (Panaeno)
591 1025 808 1061 institutum
829 1026 886 1061 est
905 1023 1077 1060 Corinthi
1095 1035 1139 1060 ac
1159 1023 1329 1070 Delphis,
1350 1024 1568 1070 primusque
1588 1023 1705 1060 omni-

159 1086 222 1111 um
250 1073 411 1110 certavit
435 1084 521 1109 cum
551 1073 751 1119 Tionaqora
773 1071 1030 1116 Chalcidense,
1058 1073 1257 1118 superatus
1282 1073 1330 1108 ab
1356 1083 1401 1108 eo
1421 1071 1578 1118 Pythiis,
1604 1072 1706 1117 quod

160 1121 278 1168 ipsius
320 1121 491 1168 Τιιηαροι
493 1133 536 1158 ae
574 1121 740 1157 carmine
779 1121 928 1157 vetusto
960 1121 1034 1166 adp
1036 1122 1134 1164 aret,
1170 1120 1431 1156 chronicorum
1472 1131 1594 1156 errore
1633 1131 1706 1155 non

160 1169 314 1206 dubio‘fl
364 1169 456 1205 Item
485 1169 533 1205 ad
552 1169 698 1216 Bupali
723 1170 763 1205 et
780 1167 978 1205 Athenidis
1004 1167 1239 1214 epigramma
1258 1168 1355 1204 refer
1358 1167 1496 1204 endum
1517 1170 1586 1212 est,
1606 1168 1706 1214 quod

159 1217 238 1265 legi
227 1217 300 1254 tur
332 1216 489 1253 XXXVI
515 1220 642 1263 5,11:
679 1217 898 1263 „complura
929 1216 1029 1252 enim
1063 1216 1102 1252 in
1137 1216 1307 1252 finitimis
1341 1215 1472 1252 insulis
1507 1196 1708 1252 simhlacra
1759 1257 1767 1262 ⁶

163 1267 296 1312 postea
327 1266 466 1309 fecere,
500 1264 598 1301 sicut
621 1265 662 1301 in
686 1264 796 1310 Delo,
832 1264 968 1310 quibus
1001 1264 1240 1301 subiecerunt
1272 1275 1446 1331 carmen&
1470 1275 1546 1300 non
1569 1265 1707 1300 vitibus

160 1317 304 1350 tantum
330 1314 468 1350 censeri
503 1312 639 1358 Chion,
670 1314 733 1350 sed
763 1317 795 1349 et
827 1313 996 1359 opevibus
1028 1312 1219 1349 Archenni
1248 1313 1433 1358 filiovfflum‘
1438 1314 1706 1359 ‘quamquam

160 1361 303 1408 largior
330 1362 398 1398 hos
423 1361 584 1398 artifices
617 1360 731 1397 etiam
766 1361 890 1397 aliena
920 1372 1035 1406 opera
1067 1360 1124 1396 uti
1156 1361 1334 1406 potuisse.
1385 1361 1479 1397 Item
1507 1361 1553 1396 de
1582 1360 1707 1396 onata

162 1409 352 1456 sculptore
379 1409 567 1454 Aegineta
591 1410 757 1454 haesito,
784 1409 849 1454 qui
874 1408 1020 1445 duobus
1047 1420 1094 1455 op
1098 1409 1239 1453 eribus,
1267 1409 1439 1445 Hieronis
1464 1409 1706 1444 monumento

162 1458 360 1504 Olympiae
386 1460 425 1493 et
451 1457 671 1494 Thasiorum
699 1457 855 1494 donario
881 1456 1021 1493 ibidem
1048 1456 1270 1503 subscripsit
1294 1457 1363 1493 hos
1390 1456 1608 1492 versiculos:

451 1526 539 1570 Τιὸς
564 1527 634 1575 μέν
659 1542 704 1575 με
731 1530 912 1570 Μίκωνος
935 1525 1091 1570 Ὀνάτας
1117 1525 1352 1572 ἐξετέλεσσεν

496 1574 601 1626 νάσῳ
628 1573 670 1613 ἐν
696 1576 830 1626 Αἰγίνᾳ
857 1573 1018 1623 δωματα
1043 1573 1244 1613 ναιετάων.

149 1648 235 1686 .vid.
262 1647 369 1686 Paus.
397 1648 555 1685 V111¹42
582 1650 620 1685 et
646 1649 678 1684 V
704 1653 768 1694 25,
795 1648 859 1684 sed
891 1648 929 1684 in
962 1649 1196 1685 Achaeorum
1230 1649 1474 1685 monumento
1507 1648 1708 1696 Olympiae

162 1697 386 1744 legebantur
410 1697 451 1733 hi
475 1708 621 1733 versus.

377 1766 504 1805 Πολλὰ
531 1767 601 1826 μὲν
627 1765 722 1804 ἄλλοι
748 1768 872 1815 σοφοῦ
898 1764 1092 1815 ποιήματα
1118 1768 1184 1804 καὶ
1209 1765 1292 1804 τόδ’
1318 1765 1456 1805 Ὀνάτα

426 1816 547 1863 ἐ’,ργον
575 1813 620 1853 ὅν
646 1815 779 1867 Αἰγίνᾳ
806 1817 958 1862 γείνατο
984 1818 1107 1853 παῖδα
1133 1817 1280 1852 Μίκων.

162 1890 270 1926 Paus.
299 1889 329 1926 V
356 1894 413 1925 25.
