1890 3216
190 196 213 238 7
219 195 244 238 8
731 197 824 233 ΡΟΕ
831 197 925 232 ΤΑΕ
953 196 1189 233 ELE-GIACI.

188 310 451 349 commodum-
469 312 531 349 est
567 310 832 361 prooemium,
860 322 952 360 ‘quo
986 311 1156 361 scriptor
1187 324 1383 350 summam
1413 313 1717 362 praeceptorum

187 389 223 415 v.
246 377 359 415 3—7
392 375 528 426 paucis
549 376 740 425 absolvit,
772 377 822 415 idv
839 377 944 427 quod
969 377 1055 428 ipse
1081 377 1262 427 Bernays
1294 378 1486 417 ostendit:
1516 377 1598 416 iam
1621 389 1716 416 vero

190 442 224 481 si
263 442 434 491 scriptor
471 442 548 480 iste
584 441 813 492 Phocylidis
851 455 1065 492 personam
1108 442 1255 491 induit,
1294 444 1605 494 consentaneum
1643 443 1718 491 est,

189 520 280 545 eum
316 507 357 545 in
395 507 591 557 principio
630 508 778 547 veteris
816 510 959 557 poetae
996 508 1144 547 Milesii
1180 521 1326 547 nomen
1362 508 1567 559 ascivisse,
1605 508 1717 547 cuius

187 573 429 611 auctoritate
462 586 504 612 se
530 585 680 623 suaque
705 574 903 624 tueretur,
937 586 1031 612 nam
1060 573 1184 612 istum
1201 585 1329 623 neque
1355 586 1426 613 suo
1451 573 1622 622 nomine,
1652 586 1719 612 ne-

189 651 265 687 que
292 638 510 687 adtespoton
531 638 703 678 edidisse
722 650 882 677 carmen
902 651 1037 678 omnes
1057 639 1297 689 largiuntur.
1330 638 1566 690 Congruunt
1583 641 1719 679 autem

189 703 266 742 duo
287 704 481 754 primores
502 717 644 744 versus
663 716 828 754 prorsus
849 716 938 742 cum
956 703 1173 743 novissimo
1194 704 1384 756 disticho,
1414 705 1473 744 ita
1491 707 1538 744 ut
1556 705 1718 754 planum

190 769 243 808 sit
283 769 477 819 prooemii
514 770 587 809 hoc
624 770 843 808 exordium>
862 769 1040 808 eiusdem
1070 770 1242 807 hominis
1275 782 1379 819 esse,
1417 770 1484 820 qui
1516 770 1719 820 epilogum

190 835 363 885 addidit,
397 835 508 874 cuius
539 836 658 874 fidem
689 848 805 874 nemo
832 834 1094 874 addubitavit.
1132 834 1227 885 Ipsa
1251 836 1386 873 autem
1413 834 1552 883 oratio,
1585 847 1720 885 quam-

189 901 250 940 vis
284 901 397 940 exilis
430 901 500 950 sit,
533 903 574 940 et
605 897 719 952 ὅλβια
752 900 861 952 δῶρα
898 901 996 939 satis
1035 900 1088 939 sit
1119 900 1372 950 languidum,
1409 913 1489 939 non
1520 902 1583 939 est
1611 902 1720 951 post·

189 967 372 1006 habenda
398 966 555 1018 epilogo
583 969 654 1005 aut
678 968 864 1017 plurimis
890 967 1008 1005 huius
1033 966 1232 1016 poematis
1257 966 1453 1006 versibus.
1490 966 1596 1005 Nam
1616 966 1720 1016 quod

186 1045 310 1070 unum
342 1032 551 1071 offensioni
582 1035 669 1072 erat
701 1033 814 1085 δίκης
846 1027 976 1085 ὁσίῃσι
1007 1033 1090 1071 sive
1123 1031 1235 1084 δίκῃς
1266 1026 1395 1085 ὃσίῃσι
1425 1031 1507 1069 iam
1538 1031 1720 1081 expedivi

185 1110 378 1147 germana
409 1099 607 1148 scriptura
639 1098 751 1150 δίκης
783 1093 923 1138 ὁσίοισι
942 1097 1142 1136 restituta.
1174 1096 1354 1152 ,Minime
1379 1109 1474 1135 vero
1499 1097 1720 1145 culpandus

175 1163 374 1212 scriptor,
408 1164 476 1213 qui
509 1163 742 1215 Φωκυλίδης
773 1159 935 1215 ἀνδρῶν
960 1157 981 1202 ὁ
1008 1158 1232 1213 σοφώτατος
1258 1161 1428 1211 scripsit,
1459 1174 1587 1211 neque
1614 1162 1721 1200 enim

185 1241 326 1268 verum
353 1231 429 1277 est,
464 1229 569 1279 quod
593 1229 774 1280 Bernays
801 1228 914 1278 dicit,
946 1229 1021 1267 hoc
1045 1228 1162 1267 modo
1189 1228 1426 1278 scriptorem
1450 1227 1582 1278 ipsum
1613 1227 1721 1265 frau-

186 1295 276 1333 dem
317 1308 437 1345 quam
473 1295 637 1334 molitus
677 1295 730 1334 sit
767 1296 905 1344 aperte
943 1295 1140 1344 quamvis.
1161 1294 1332 1333 invitum
1363 1294 1590 1344 professum
1623 1305 1719 1332 esse.

188 1360 317 1399 Homo
357 1360 548 1410 Iudaeus,
594 1373 683 1399 cum
722 1359 884 1399 Graecis
923 1360 1151 1398 hominibus
1188 1361 1263 1398 hoc
1305 1372 1447 1409 poema
1487 1359 1720 1408 destinaret,

189 1425 332 1465 Graeci
370 1428 514 1476 poetae
552 1426 660 1464 haud
697 1425 885 1475 ignobilis
923 1437 1135 1474 personam
1172 1427 1382 1464 mutuatus
1421 1426 1498 1474 est,
1536 1423 1721 1473 quemad-

187 1492 349 1529 modum
369 1492 402 1529 si
421 1492 462 1529 in
482 1473 694 1541 gentiliu'm
715 1503 878 1529 suorum
897 1502 1018 1528 usum
1043 1490 1286 1540 scripsisset,
1314 1489 1538 1528 Salomonis
1563 1489 1722 1527 nomine

187 1558 347 1606 poterat
378 1557 455 1595 uti:
487 1569 616 1607 neque
647 1568 742 1596 vero
774 1556 882 1594 mala
912 1555 1055 1594 fraude
1086 1567 1183 1594 usus
1213 1555 1413 1595 novicium
1438 1566 1598 1593 carmen
1622 1553 1722 1591 anti-

188 1635 266 1672 quo
297 1624 442 1671 poetae
477 1622 657 1671 subiecit,
692 1621 762 1659 sed
792 1621 909 1671 fingit
940 1622 1111 1670 tantum,
1144 1635 1186 1661 se
1218 1610 1300 1660 suis
1331 1620 1464 1661 verbis
1490 1620 1723 1670 Phocylidis

186 1689 404 1737 praecepta
424 1688 636 1737 explicare,
656 1687 792 1736 itaque
811 1687 919 1725 haud
938 1687 1184 1726 incommode
1197 1689 1376 1727 veterem
1395 1689 1556 1737 poetam
1571 1686 1724 1736 sapien-

187 1753 268 1791 tiae
300 1753 419 1792 laude
452 1755 631 1793 exornat.
679 1752 860 1803 Denique
893 1754 1133 1792 monendum
1164 1755 1226 1792 est
1258 1766 1360 1802 eum,
1391 1752 1460 1802 qui
1490 1752 1608 1790 huius
1639 1764 1724 1790 car-

188 1818 306 1856 minis
347 1820 505 1868 partem
545 1817 745 1857 vaticiniis
790 1817 966 1868 Sibyllae
1009 1819 1194 1867 inseruit,
1235 1831 1316 1856 non
1351 1817 1482 1856 solum
1518 1831 1554 1856 v.
1594 1818 1618 1856 3
1635 1837 1681 1843 —
1698 1817 1721 1854 7

188 1884 384 1935 prooemii
416 1883 694 1933 usurpavisse,
732 1883 801 1922 sed
840 1883 963 1921 etiam
993 1884 1126 1934 ipsum
1157 1883 1363 1922 exordium
1391 1882 1545 1921 imitari
1575 1881 1616 1919 II
1650 1883 1723 1920 52:

190 1949 230 1988 οἵ
259 1945 296 1988 δ’
331 1945 514 2000 ἅγαπῶσι
543 1944 672 2002 γάμον
702 1961 740 1986 τε
777 1950 1055 2000 γαμοκλοπιῶν
1091 1944 1124 1987 τ’
1159 1943 1380 2000 ἀπέχονται,
1418 1942 1548 1986 Δῶσει
1578 1942 1723 1986 πλού-

190 2027 267 2055 σια
299 2015 444 2066 δῶρα,
477 2027 577 2064 quae
609 2016 656 2052 ut
687 2015 789 2053 solet
821 2027 868 2069 ex
898 2027 1019 2054 versu
1052 2016 1075 2052 2
1109 2014 1331 2064 descripsit.

311 2080 482 2119 Carmen
512 2081 587 2119 hoc
621 2081 741 2130 vulgo
773 2080 1005 2119 inscribitur
1038 2079 1274 2119 Φωκυλίδου
1299 2078 1450 2130 ποίημα
1474 2073 1722 2128 νουθετικόν,
1736 2086 1806 2118 454

191 2147 260 2186 sed
300 2147 395 2185 libri
438 2145 653 2184 admodum
696 2145 867 2185 variant.
920 2145 1155 2185 Φωκυλίδου
1186 2148 1338 2198 γνῶμαι
1368 2145 1448 2195 V3‚
1487 2144 1722 2183 Φωκυλίδου

189 2213 342 2264 γνῶμαι
379 2210 536 2261 ποίησις
573 2202 649 2249 ὧδε
686 2212 756 2249 τοῦ
795 2210 1031 2250 Φωκυλίδου
1069 2206 1402 2263 ὄρθοποδηγοῢσα
1438 2205 1537 2262 πρὸς
1566 2205 1608 2248 τὸ
1640 2207 1723 2261 βέλ-

189 2292 273 2316 τιον
303 2277 346 2326 P,
384 2275 619 2315 Φωκυλίδου
651 2271 803 2328 ἆργυρᾶ
835 2275 909 2327 ἔπη
940 2271 1091 2327 ἡρωϊκᾶ
1117 2276 1196 2325 V2,
1229 2275 1465 2314 Φωκυλίδου
1497 2269 1721 2324 φιλοσόφου

190 2342 347 2393 ποίησις
379 2337 574 2392 ὠφέλιμος
593 2341 653 2392 M,
686 2341 945 2381 Φωκυλλίδου
970 2340 1125 2391 ποίησις
1145 2336 1340 2391 ὠφέλιμος
1360 2340 1415 2389 H,
1449 2339 1518 2378 sed
1540 2339 1604 2377 Ma
1631 2340 1720 2377 Φω-

191 2407 376 2446 κυλλίδου
407 2407 575 2458 ποίημα,
605 2406 674 2445 Mb
703 2406 961 2454 Φωκυλίδους
991 2406 1148 2457 ποίησις
1171 2402 1279 2445 πάνυ
1306 2401 1516 2456 ὦφέλιμος;
1547 2399 1592 2442 τὰ
1618 2399 1721 2456 λεγό·
1788 2453 1791 2456 ι

193 2487 290 2524 μενα
321 2468 486 2525 ἆργυροὶ,
518 2472 580 2511 Va
613 2472 871 2511 Φωκυλλίδου
901 2473 1100 2524 γνωμικοῦ
1136 2467 1277 2523 ὡραῖα,
1309 2471 1478 2520 denique
1509 2470 1611 2508 alius
1637 2470 1720 2508 cod.

192 2538 310 2577 Vind.
331 2537 459 2577 CLIII
485 2538 552 2577 fol.
575 2539 598 2576 2
629 2537 887 2577 Φωκυλλίδου
912 2537 1073 2589 ποίημα.
1122 2537 1184 2575 Al
1212 2536 1437 2587 praemittit
1460 2547 1601 2575 versus
1626 2535 1722 2573 iam-

193 2604 301 2642 bicos
332 2604 425 2653 hos,
457 2615 556 2652 quos
588 2603 711 2642 etiam
742 2603 806 2640 A2
842 2603 911 2642 sed
943 2603 1027 2641 sine
1059 2603 1187 2642 indice
1219 2603 1381 2642 exhibet
1417 2601 1570 2650 pariter
1601 2601 1722 2649 atque

195 2669 253 2708 ed.
286 2668 527 2708 Basileensis
558 2669 796 2718 scriptorum
828 2667 1111 2707 Gnomicorum
1143 2662 1315 2721 (1521):

195 2815 255 2851 Gr.
282 2814 316 2849 II
341 2818 362 2849 2
389 2826 423 2859 p.
451 2812 592 2858 XXXI,
619 2812 685 2848 sed
709 2812 887 2858 ambigua
910 2813 1029 2849 utitur
1054 2812 1238 2858 oratione,
1265 2812 1376 2856 atque
1402 2809 1436 2846 II
1463 2815 1494 2857 1,
1522 2813 1589 2858 322
1615 2807 1671 2848 ed.
1699 2812 1720 2845 3

196 2862 287 2897 satis
326 2862 480 2897 obscure
515 2860 690 2906 loquitur.
748 2860 886 2896 Goram
923 2861 1046 2897 totum
1084 2859 1316 2907 prooemium
1353 2860 1603 2895 abiiciend'hm
1640 2870 1720 2895 esse

196 2911 323 2944 censet
339 2921 374 2954 p.
392 2913 472 2948 103,
490 2908 588 2943 idem
609 2910 736 2944 tamen
750 2908 845 2944 mira
856 2908 1108 2945 inconstantia
1127 2919 1275 2944 carmen
1290 2917 1507 2953 germanum
1525 2920 1559 2942 v.
1580 2911 1601 2942 3
1614 2928 1642 2932 -
1655 2909 1720 2941 178

196 2959 368 2992 constare
395 2956 487 2991 dicit
511 2968 546 3001 p.
573 2959 629 2990 98.
