1890 3216
796 192 1060 230 HIPPONAX.
1609 192 1698 236 473

825 328 894 372 31.
928 328 1034 383 [16]

246 405 352 455 Ἀπό
384 407 428 454 σ’
464 407 660 455 ὀλέσειεν
681 408 906 469 Ἄρτεμις,
938 410 987 455 σὲ
1020 410 1070 456 δὲ
1101 409 1359 457 κώπόλλων.

824 557 891 600 32.
928 557 1034 611 [η]
1630 567 1698 601 761

250 636 370 696 Hap’
407 631 442 699 ᾦ
475 636 533 682 σὺ
564 636 870 683 λευκόπεπλον
902 637 1074 698 ἡμέρην
1105 643 1260 697 μείνας

247 708 361 769 πρὸς
391 709 473 768 μὲν
504 708 718 768 κυνήσειν
748 709 830 755 τὸν
867 714 1109 769 Φλυησίων
1135 709 1317 771 Ἑρμῆν.

894 857 962 900 33.

239 938 399 993 ’Ἑψισε
430 935 706 984 κᾶπέλουσεν
738 939 1042 997 ἀσκαρίζοντα.

159 1117 229 1142 nus
255 1107 294 1142 et
317 1106 467 1152 praeter
493 1106 637 1142 ceteros
662 1106 852 1151 Libanius‚
878 1105 954 1143 vicl.
980 1107 1154 1143 Foerster
1179 1107 1305 1144 Herm.
1325 1107 1395 1144 XII
1414 1111 1482 1145 215
1510 1107 1701 1154 (Libanius

159 1153 429 1248 salire-vegam
466 1164 620 1190 numero
666 1149 709 1196 ὃς
753 1150 869 1198 ὀξέως
916 1152 1003 1196 τοὺς
1039 1156 1204 1197 Καλλίας
1232 1152 1354 1202 ’Ίρονς
1390 1161 1514 1199 ποιεῖς
1553 1156 1702 1193 videtur

159 1213 231 1239 scn
259 1212 350 1239 sisse
369 1229 376 1237 .

233 1214 314 1287 pFr.
341 1254 396 1286 31.
447 1249 568 1286 Tzetz.
595 1250 634 1285 in
667 1249 788 1286 Cram.
815 1250 884 1286 An.
912 1250 976 1287 Ox.
1004 1251 1056 1287 ΙΙΙ
1082 1255 1170 1296 310,
1200 1255 1259 1287 17:
1292 1253 1425 1298 Στίχοι
1451 1249 1701 1288 Ἱππώνακ-

159 1295 531 1392 ξὲἒᾱτῗέέἒῗῆῗοέἓ
547 1296 697 1382 ἔὲἓντες
709 1295 1568 1394 53³3.”53325z32'23.135?“3121}¹0“:32⁶323?
1582 1300 1701 1384 &03⁶

260 1375 267 1382 ι
396 1374 403 1382 ο
458 1374 465 1382 ι
535 1374 544 1392 ’
614 1375 621 1383 ο
1209 1376 1217 1392 ‚
1687 1368 1701 1375 ·

158 1397 245 1439 λων,
271 1394 317 1430 cf.
344 1405 438 1439 quae
468 1393 514 1430 de
540 1393 672 1440 psilosi
702 1394 742 1430 in
773 1395 870 1430 crasi
902 1394 1006 1440 apud
1037 1394 1238 1431 Dorienses
1268 1396 1417 1432 monuit
1441 1396 1564 1442 Apoll.
1591 1397 1701 1442 Dysc.

161 1443 266 1488 Synt.
293 1446 374 1478 335.
424 1441 598 1478 Meineke
625 1441 721 1479 coni.
749 1440 790 1478 σὲ
818 1438 856 1478 δ’
884 1439 1062 1478 ὦπόλλων
1096 1442 1158 1479 vel
1188 1456 1227 1479 τε
1262 1440 1482 1490 κώπόλλων,
1515 1444 1702 1490 posterius

159 1489 276 1527 etiam
302 1489 551 1526 Friedemann
578 1490 873 1535 commendavit,
906 1492 948 1526 ut
973 1492 1200 1537 anapaestus
1226 1491 1405 1536 evitetur,
1438 1503 1481 1528 ac
1516 1503 1604 1528 sane
1630 1492 1702 1528 He-

159 1538 333 1585 phaestio
360 1550 394 1584 p.
423 1542 478 1574 30.
506 1542 550 1573 31
578 1538 626 1574 ab
659 1536 867 1585 imparibus
899 1538 992 1574 locis
1025 1538 1126 1575 clodi
1158 1538 1320 1575 trimetri
1344 1539 1562 1585 trisyllabos
1588 1539 1703 1586 pedes

161 1586 312 1623 omnino
351 1587 472 1631 arcet,
513 1586 579 1622 sed
623 1597 699 1622 non
735 1596 885 1622 necesse
924 1585 1049 1623 omnia
1086 1587 1134 1623 ad
1177 1587 1288 1623 huius
1327 1587 1422 1634 legis
1464 1587 1703 1624 severitatem

161 1635 391 1679 examinare,
424 1645 469 1670 ac
494 1634 629 1680 parata
654 1635 713 1670 est
743 1633 854 1671 venia
879 1645 903 1670 a
934 1645 1089 1671 caesura
1121 1634 1342 1672 secundaria
1374 1646 1468 1682 quae
1500 1635 1703 1682 praecedit,

161 1685 205 1719 ut
228 1682 268 1719 in
292 1683 512 1718 tetrametro
538 1682 808 1728 Aristophanio
834 1682 976 1718 Eccles.
1006 1686 1108 1719 1156.

256 1730 316 1766 Fr.
343 1734 399 1767 32.
450 1730 572 1766 Tzetz.
599 1730 638 1765 in
662 1730 769 1766 Iliad.
797 1734 854 1774 83,
881 1734 944 1767 28:
978 1729 1053 1766 Καὶ
1079 1727 1244 1778 ἀλλαχοῦ
1272 1728 1504 1777 (Ἱππῶναξ)·
1530 1728 1644 1777 Παρ’
1673 1725 1702 1779 ᾧ

162 1782 238 1815 κτλ.
266 1799 311 1806 —
336 1777 380 1814 V.
408 1782 441 1813 2.
469 1774 667 1824 κυνήσειν,
700 1778 879 1814 Welcker
905 1778 997 1815 coni.
1026 1775 1219 1824 κυνήσεις,
1256 1779 1428 1816 Meineke
1453 1776 1630 1825 κύνησον.
1658 1799 1705 1805 ——

164 1827 374 1872 Φλυησίων,
401 1826 502 1871 quod
527 1825 605 1861 dixi
630 1825 790 1862 fortasse
811 1826 1050 1862 scribendum
1076 1837 1155 1863 esse
1183 1828 1417 1873 Φλυησίωνα,
1442 1828 1486 1863 ut
1503 1827 1535 1862 is
1555 1827 1615 1871 sit,
1641 1826 1705 1872 qui

163 1875 258 1912 alias
287 1871 471 1919 Φλυήσιος
495 1873 629 1918 dictus,
657 1873 699 1910 cf.
725 1874 885 1920 Hesych.
914 1871 1113 1919 Φλυήσιος·
1142 1873 1162 1911 ὁ
1183 1872 1322 1921 Ἑρμῆς
1346 1874 1410 1911 καὶ
1437 1872 1510 1921 μήν
1535 1888 1602 1920 τις,
1627 1874 1704 1910 iam

162 1923 343 1959 retracto:
373 1919 475 1967 Φλνὴ
502 1920 652 1957 videtur
677 1921 751 1958 vici
774 1933 911 1958 nomen
935 1922 975 1958 in
1000 1921 1107 1958 Ionia
1131 1922 1260 1967 fuisse,
1286 1923 1390 1959 cuius
1416 1923 1563 1959 incolae
1583 1920 1704 1968 Φλυή-

163 1983 239 2007 σιοι
265 1970 374 2013 dicti,
407 1969 725 2015 quemadmodum
750 1970 974 2015 Mercurius,
1007 1969 1046 2005 in
1072 1970 1176 2006 cuius
1201 1971 1324 2006 tutela
1348 1972 1472 2015 erant,
1507 1967 1702 2016 Φλυήσιος.

257 2018 317 2054 Fr.
346 2021 401 2053 33.
452 2017 512 2052 Et.
527 2017 577 2053 M.
599 2020 678 2062 154,
699 2022 763 2054 27:
787 2014 1029 2063 Ἀσκαρίζειν-
1050 2019 1225 2064 σημαίνει
1243 2015 1287 2054 τὸ
1307 2021 1511 2054 κινεῖσθαι.
1538 2019 1704 2064 Σκαίρω,

163 2066 325 2112 σκαρίζω
357 2064 423 2100 καὶ
454 2061 655 2110 ἄσκαρίζω.
708 2065 780 2102 Sed
814 2066 847 2100 V
879 2065 1001 2101 addit:
1034 2062 1222 2109 Ἱππῶναξ
1259 2064 1400 2112 ἔψησε
1433 2069 1508 2103 κτλ.
1567 2065 1705 2112 Scripsi

76 2120 92 2146 t
109 2104 318 2160 Remus,
349 2113 449 2158 quod
473 2113 600 2148 firmat
625 2113 734 2149 Phot.
762 2117 818 2157 49,
847 2117 908 2158 10;
935 2110 1140 2158 Ἑψιοῦσα·
1173 2110 1318 2159 τροφὰς
1350 2114 1510 2149 διδοῦσα
1541 2109 1704 2160 χόνδρου

163 2162 230 2199 καὶ
259 2158 306 2197 τὰ
340 2157 464 2206 ἓψητά
497 2160 606 2206 (haec
640 2160 714 2196 tria
743 2161 859 2197 verba
889 2161 1078 2206 tollenda,
1115 2161 1306 2207 pertinent
1343 2161 1392 2197 ad
1428 2162 1540 2198 finem
1571 2161 1706 2208 prioris

162 2210 312 2256 glossae
339 2205 486 2254 ἑψητοί,
513 2207 559 2244 cf.
586 2207 757 2254 Suidas)·
783 2206 962 2254 Αἰσχύλος
989 2211 1169 2254 Τροφοῖς·
1199 2206 1328 2258 βιοτὴν
1347 2206 1508 2256 αὕξιμον
1530 2206 1704 2252 ἕψιοῦσα.

163 2256 345 2304 (corrigas
372 2254 574 2302 ἐμψίουσα,
599 2255 644 2291 ut
667 2256 819 2292 Lobeck
845 2267 993 2302 quoque
1019 2256 1306 2303 animadvertit,
1332 2257 1377 2293 cf.
1399 2257 1515 2294 etiam
1540 2257 1702 2303 Hesych.

162 2317 198 2342 v.
231 2303 440 2352 ἐμψιοῦσα,
471 2303 606 2339 Nauck
638 2303 800 2349 pessime
835 2303 982 2347 ἕψουσα
1014 2304 1178 2350 scripsit)
1207 2303 1408 2348 Ἱππῶναξ.
1466 2304 1532 2341 ubi
1562 2305 1705 2351 Hippo-

163 2353 286 2390 nactis
310 2352 374 2388 hic
399 2351 480 2398 ipse
505 2362 634 2387 versus
661 2351 810 2396 excidit,
837 2363 947 2398 quem
973 2351 1087 2388 ctiam
1112 2351 1320 2399 respiciunt
1338 2352 1547 2399 Hesychius
1567 2354 1606 2388 et
1626 2352 1706 2388 Sui-

163 2401 248 2438 das:
277 2398 430 2446 ἕψισεν,
465 2395 657 2445 ἐψώμισεν
691 2399 761 2445 (ita
786 2398 886 2435 enim
916 2399 1017 2436 recte
1048 2399 1078 2435 Ε
1105 2399 1268 2446 Suidae).
1319 2399 1388 2436 Est
1417 2401 1545 2436 autem
1572 2398 1704 2445 ἔψισεν

90 2453 94 2458 “
163 2448 260 2485 nihil
285 2447 389 2484 aliud
415 2458 528 2493 quam
553 2448 722 2492 nutrivit,
750 2446 827 2483 sive
853 2447 965 2493 lacte,
990 2448 1034 2483 ut
1058 2449 1116 2483 est
1141 2448 1241 2494 apud
1259 2448 1423 2494 Euphor.
1444 2447 1488 2483 fr.
1510 2451 1554 2484 51
1581 2448 1702 2496 λευκῷ

165 2493 200 2533 σ’
231 2494 346 2541 ἕψισα
371 2492 545 2542 γάλακτι,
573 2494 652 2531 sive
678 2495 802 2539 melle,
834 2495 890 2530 uti
921 2494 1022 2541 apud
1046 2493 1287 2542 Antipatrum
1314 2496 1428 2532 Anth.
1453 2495 1531 2531 Pal.
1557 2495 1610 2530 IX
1636 2499 1704 2531 302

164 2541 323 2581 πολλάκι
362 2540 402 2578 δ’
445 2539 484 2586 ἐξ
522 2540 651 2589 ὑμέων
685 2540 907 2589 ἔψισμένον,
945 2543 1024 2579 sive
1059 2543 1257 2587 buccellis,
1292 2546 1334 2579 ut
1363 2543 1440 2580 fere
1466 2542 1705 2589 grammatici

166 2592 472 2638 interpretantur.
524 2590 629 2627 Dixit
652 2590 812 2627 fortasse
838 2591 932 2626 haec
989 2591 1076 2626 oeta
1101 2590 1147 2626 de
1173 2602 1212 2627 se
1239 2602 1380 2636 suaque
1405 2593 1525 2626 matre
1551 2590 1703 2627 Protide

166 2639 281 2686 (Suid.
310 2637 516 2684 Ἱππῶναξ,
553 2634 695 2683 πατρὸς
732 2635 878 2674 Πύθεω
916 2650 964 2674 κα
1016 2635 1154 2684 μητρὸς
1185 2639 1395 2683 Πρωτίδοςε
1430 2650 1518 2674 nam
1552 2639 1704 2684 poetam

163 2689 342 2734 parentes
367 2698 454 2723 suos
478 2686 518 2722 in
544 2685 768 2722 carminibus
794 2696 1103 2722 commemorasse
1137 2686 1248 2722 docet
1278 2686 1463 2723 Leonidas
1489 2686 1638 2722 Tarent.
1664 2685 1704 2722 in

163 2735 316 2772 Anthol.
343 2735 414 2771 VII
440 2737 526 2770 408:

372 2803 470 2852 ’Ἄρτι
494 2804 566 2853 γὰρ
587 2784 841 2845 Ἱππώνακτος
866 2801 886 2840 ὁ
914 2803 978 2840 καὶ
1003 2802 1147 2841 τοκέων
1173 2802 1417 2854 καταβαύξας

448 2851 534 2900 ἄρτι
559 2854 782 2900 κεκοίμηται
805 2849 931 2898 θυμὸς
956 2850 998 2890 ἐν
1023 2849 1171 2900 ἡσυχίῃ.

166 2924 232 2961 ubi
256 2924 404 2961 Hecker
429 2925 522 2963 satis
547 2924 748 2961 infeliciter
773 2922 916 2960 τοκέων
936 2921 984 2969 ᾇα
1005 2921 1148 2971 βαῦξας
1174 2923 1334 2971 scripsit.
1371 2923 1573 2971 Hipponax
1597 2923 1702 2971 igno-

169 2972 239 3008 bili
263 2973 348 3009 loco
372 2973 474 3009 haud
500 2973 613 3009 dubie
639 2974 748 3008 natus
774 2971 863 3017 fuit,
896 2972 1076 3017 erantque
1102 2972 1261 3008 fortasse
1286 2973 1461 3018 parentes
1485 2983 1532 3008 ne
1558 2983 1704 3009 morum
