1890 3216
203 191 291 233 272
738 189 933 225 POETAE
960 187 1197 224 ELEGIACI.

198 300 298 356 οἱπερ
332 300 622 356 Ἐρατοσθένης
661 300 703 341 ἐν
739 303 792 357 τῷ
828 299 925 352 περὶ
965 303 1291 354 χρονογραφιῶν’,
1329 296 1576 354 ἀμφοτέρους
1613 299 1737 355 λέγων

199 369 379 421 Παρίους
412 364 533 418 εἶναι,
565 367 827 420 γνωρίζεσθαι
858 364 902 405 δέ
927 378 1026 417 φησι
1057 362 1125 406 τὸν
1157 363 1344 419 νεώτερον
1376 364 1516 419 μόνον·
1550 364 1735 418 μέμνηται

208 432 250 473 δὲ
281 433 451 486 θατέρου
484 429 616 472 αὐτῶν
646 430 711 471 καὶ
744 428 928 470 Πλάτων.
960 424 964 427 ‚
990 431 1279 488 Eratosthenes
1317 433 1577 485 γνωρίζεσθαι
1612 432 1739 470 iunio-

201 513 285 538 rem
319 499 431 547 dicit,
464 498 651 549 quoniam
675 500 772 537 tunc
797 498 915 535 unius
942 497 1062 535 huius
1090 501 1327 546 supererant
1352 499 1540 548 carmina,
1572 497 1738 537 alterius

201 565 394 603 memoria
424 577 548 614 prope
581 564 780 603 oblivione
814 562 977 613 obruta,
1011 576 1100 602 cum
1131 564 1264 603 nullae
1292 565 1549 615 superessent
1574 563 1738 615 elegiae.

204 629 431 679 Hyperides
462 631 598 668 utrum
629 629 931 677 memoraverit,
972 629 1179 667 incertum.
1230 630 1524 680 Harpocration
1560 629 1740 668 Platonis

202 695 479 734 testimonium
512 697 650 733 utrum
682 695 732 732 ad
762 694 955 733 maiorem
987 706 1038 732 an
1071 694 1120 732 ad
1152 695 1344 734 minorem
1384 695 1585 744 retulerit,
1617 695 1741 734 nesci—

202 774 309 799 mus:
349 760 540 810 ambigua
579 760 685 798 enim
723 759 853 801 utitur
892 759 1087 807 oratione,
1127 762 1307 800 consulto
1352 762 1510 811 opinor,
1554 760 1741 811 quoniam

203 827 289 877 ipse
329 826 562 866 fluctuabat.
619 825 727 863 Illud
768 827 919 864 certum
961 826 1024 864 est
1064 825 1168 863 hunc
1211 826 1394 864 Euenum
1438 825 1613 865 Socratis
1656 825 1740 863 fere

203 892 413 942 aequalem
443 891 581 930 fuisse.
630 891 715 929 Iam
749 890 854 940 quod
893 890 1101 940 Syncellus
1133 890 1153 927 Ι
1186 893 1271 930 484
1305 891 1408 931 circa
1440 890 1501 931 Ol.
1534 893 1590 930 80
1621 891 1741 930 adno-

205 958 308 998 tavit
328 954 492 1008 Εὔηνος
519 955 686 1009 ἐλεγείας
710 951 876 1006 ποιητής
901 954 1146 1007 ἐγνωρίζετο,
1173 957 1207 994 si
1232 957 1505 1007 componimus
1532 970 1622 996 cum
1641 957 1741 995 Har·
1756 961 1823 994 597

205 1023 448 1074 pocrationis
488 1023 593 1072 loco,
632 1022 740 1061 haud
786 1021 904 1059 dubie
946 1023 1101 1070 spectat
1138 1021 1334 1061 iuniorem
1371 1023 1571 1061 Euenum:
1613 1035 1742 1073 neque

205 1093 341 1128 tamen
372 1087 562 1126 credibile
594 1101 702 1137 eum,
736 1099 853 1136 quem
886 1086 1002 1125 Plato
1035 1087 1148 1138 dicit,
1189 1088 1268 1126 iam
1301 1088 1405 1127 circa
1437 1088 1498 1128 Ol.
1531 1090 1586 1128 80
1617 1089 1742 1127 nomi-

205 1156 266 1194 nis
300 1155 574 1194 celebritatem
607 1153 782 1203 aliquam
814 1154 1071 1191 consecutum
1104 1166 1207 1192 esse:
1247 1155 1309 1193 hic
1342 1167 1516 1205 quoque,
1549 1157 1594 1192 ut
1625 1147 1750 1205 saepe

206 1222 248 1260 in
278 1221 340 1260 his
374 1220 582 1269 excerptis,
616 1232 727 1258 error
760 1218 916 1256 subest:
955 1217 1115 1257 videtur
1147 1220 1276 1258 minor
1314 1221 1477 1259 Euenus
1509 1220 1614 1259 circa
1643 1219 1744 1258 illud

208 1289 367 1337 tempus
398 1288 517 1325 natus
550 1298 656 1334 esse,
694 1286 741 1322 ut
778 1283 883 1322 circa
915 1281 976 1322 01.
1011 1285 1066 1323 90
1104 1285 1304 1332 flonaerit3
1343 1298 1511 1336 qnocum
1549 1285 1745 1335 convenit,

209 1353 314 1403 quod
346 1352 453 1391 Suid.
485 1366 522 1391 v.
557 1351 736 1397 Φίλιστος
774 1350 878 1388 1111116
916 1349 1151 1390 historicum
1191 1352 1319 1391 Eueni
1357 1351 1631 1402 elegiographi
1668 1351 1745 1390 dis-

209 1419 385 1468 cipulum
422 1419 550 1457 vocat.
607 1417 709 1456 Sane
747 1417 905 1455 constat
942 1414 1114 1456 Graecos
1153 1418 1194 1455 et
1231 1419 1371 1467 poetas
1409 1418 1451 1455 et
1487 1415 1745 1466 philosophos

209 1486 428 1535 longaevos
460 1484 597 1534 fuisse,
632 1483 702 1522 sed
733 1483 918 1520 Euenum
950 1482 1017 1532 qui
1043 1495 1120 1532 quo
1146 1485 1328 1533 tempore
1355 1482 1537 1521 Socrates
1562 1482 1746 1520 mortuus

211 1554 284 1601 est,
311 1550 370 1591 Ol.
393 1553 459 1599 95,
483 1552 505 1588 2
527 1549 689 1589 vivebat
714 1550 834 1597 atque
860 1548 1032 1597 valebat,
1059 1561 1131 1597 per
1152 1548 1361 1599 sexaginta
1386 1560 1510 1596 annos
1535 1547 1601 1586 vel
1626 1545 1747 1585 etiam

210 1618 319 1656 ultra
357 1618 488 1655 artem
527 1628 642 1654 suam
679 1614 907 1663 professum
945 1626 1032 1652 esse
1071 1627 1214 1664 parum
1253 1615 1314 1653 est
1345 1613 1579 1653 verisimile:
1618 1624 1747 1661 neque

211 1683 317 1721 enim
348 1682 464 1720 Plato
498 1693 598 1731 quae
630 1680 672 1718 in
702 1680 914 1718 Phaedone
945 1693 983 1729 p.
1012 1681 1067 1719 60
1093 1680 1142 1718 de
1172 1679 1311 1718 Eueno
1343 1681 1498 1728 narrat,
1531 1690 1650 1727 quem
1676 1677 1745 1716 So-

212 1750 342 1787 crates
371 1761 412 1786 se
440 1746 634 1786 aemulari
658 1748 782 1796 negat
794 1741 850 1798 *),
876 1746 1037 1784 finxisse
1063 1745 1283 1784 censendus
1310 1747 1388 1795 est3
1420 1745 1540 1794 atque
1565 1743 1747 1781 Euenum

211 1826 291 1852 non
321 1814 380 1852 ita
417 1813 544 1851 multo
583 1813 674 1861 post
713 1811 918 1849 Socratem
955 1812 1126 1849 mortem
1164 1810 1310 1849 obiisse
1348 1810 1536 1850 videntur
1573 1809 1746 1849 Socratis

211 1879 336 1918 verba
366 1879 472 1928 apud
503 1877 713 1916 Platonem
745 1890 781 1926 p.
811 1877 862 1915 61
893 1876 926 1914 Β
951 1876 1143 1915 indicare:
1181 1878 1301 1915 ταῦτα
1332 1867 1405 1915 οὖν
1430 1871 1581 1930 Εὐηνῷ
1613 1871 1748 1927 φράζε,

211 1943 276 1984 καὶ
309 1943 506 1996 ἐρρῶσθαι
537 1941 602 1981 καὶ
633 1937 684 1981 ἂν
716 1943 921 1995 σωφρονῇ,
956 1939 1020 1993 ἐμὲ
1053 1938 1210 1981 διώκειν
1243 1937 1294 1988 ὡς
1324 1936 1495 1992 τάχιστα·
1528 1936 1662 1991 ἄπειμι
1693 1937 1748 1988 δέ,

214 2007 266 2059 ὡς
297 2010 417 2059 ἐόικε,
457 2005 635 2061 τήμερον.
687 2008 744 2046 Ι)6
782 2007 856 2045 1106
887 2007 1006 2046 Pario
1040 2007 1220 2057 sophista
1257 2019 1358 2056 quae
1396 2005 1502 2056 apud
1539 2005 1749 2043 Platonem

213 2078 416 2127 leguntur,
444 2075 625 2124 suadent,
651 2074 699 2111 ut
722 2073 862 2112 florem
881 2073 1010 2111 Eueni
1035 2073 1085 2111 ad
1109 2072 1209 2110 illud
1235 2072 1366 2122 ipsum
1391 2072 1551 2120 tempus
1569 2065 1651 2123 (Ol.
1673 2066 1748 2123 90)

214 2143 453 2192 referamus,
493 2153 663 2190 eumque
701 2136 961 2190 ἕπιὸευτὲροις
1000 2138 1270 2188 sophistarum
1314 2149 1609 2187 accenseamus,
1647 2136 1748 2175 conf.

214 2210 375 2258 praeter
411 2207 529 2257 Apol.
567 2220 604 2255 p.
639 2207 693 2244 20
738 2204 965 2243 Phaedrum
1002 2218 1041 2254 p.
1073 2206 1155 2242 261
1180 2204 1233 2242 A:
1278 2203 1326 2241 Τί
1361 2198 1456 2254 μήν;
1497 2196 1749 2254 καὶ“ἐ’λεγχ’όν

214 2288 256 2326 γε
288 2272 354 2312 καὶ
386 2270 633 2324 ἐπεξέλεγχον
666 2265 719 2317 ὦς
750 2267 935 2320 ποιητέον
967 2267 1010 2308 ἐν
1040 2269 1251 2323 κατηγορίᾳ
1280 2282 1319 2307 τε
1350 2266 1415 2307 καὶ
1440 2263 1649 2321 ἀπολογίᾳ*
1679 2262 1748 2306 τὸν

217 2337 259 2377 δὲ
290 2335 494 2389 κάλλιστον
525 2332 683 2388 Πάριον
703 2332 871 2387 Εὔηνον
903 2335 957 2382 εἰς
989 2333 1108 2386 μέσον
1135 2330 1208 2374 οὐκ
1233 2330 1396 2386 ἅγομεν;
1427 2328 1471 2380 ὃς
1495 2328 1748 2383 ὖποὸήλωσίν

214 2419 252 2444 τε
277 2406 430 2456 πρῶτος
455 2395 543 2454 εὗρε
568 2400 634 2440 καὶ
659 2402 947 2454 παρεπαίνους;
980 2400 1021 2439 οῖ
1044 2396 1080 2438 δ’
1110 2395 1231 2439 αὐτὸν
1254 2397 1318 2438 καὶ
1345 2389 1605 2451 παραψόγους
1625 2395 1747 2448 φασὶν

216 2469 259 2509 ἐν
291 2467 412 2525 μέτρῳ
445 2466 569 2521 λέγειν
601 2463 756 2519 μνήμης
787 2463 911 2519 χάριν.

338 2534 576 2573 Aristoteles
615 2544 770 2582 quoque
809 2532 967 2582 saepius
1007 2531 1132 2570 Eueni
1168 2530 1409 2569 mentionem
1447 2529 1543 2567 fecit
1580 2541 1626 2567 ac
1659 2540 1747 2578 pas-

218 2603 292 2640 sim
324 2612 464 2640 versus
499 2611 546 2636 ex
578 2598 716 2648 elegiis
742 2598 807 2637 vel
832 2598 1001 2637 heroicis
1026 2596 1268 2636 carminibus
1293 2595 1490 2634 adhibuit:
1523 2595 1628 2634 hunc
1652 2607 1746 2634 vero

218 2668 268 2706 ab
306 2666 375 2704 illo
408 2664 590 2714 sophista
621 2664 779 2702 omnino
819 2664 1113 2714 segregandum
1150 2673 1307 2701 censeo:
1343 2673 1471 2710 neque
1509 2660 1614 2698 enim
1645 2660 1747 2699 veri-

220 2731 348 2770 simile
375 2733 448 2780 est,
472 2730 755 2780 philosophum
782 2741 897 2768 usum
918 2741 1004 2768 esse
1024 2728 1236 2767 admodum
1260 2725 1432 2765 recentis
1451 2727 1593 2775 poetae
1613 2727 1746 2763 aucto-

314 2857 347 2902 ῆς)
375 2857 544 2892 Socrates
571 2856 616 2891 de
649 2856 724 2890 suis
759 2854 984 2891 carminibus
1015 2855 1196 2899 loquitur.
1230 2863 1324 2897 quae
1356 2852 1395 2886 in
1427 2861 1573 2886 carcere
1604 2850 1746 2896 panxit,

221 2906 267 2940 de
293 2905 428 2950 quibus
453 2904 603 2939 Euenus
624 2902 798 2939 Cebetem
824 2902 1035 2938 sciscitatus
1060 2904 1156 2946 erat,
1183 2896 1241 2935 ὅτι
1266 2895 1335 2934 οὐκ
1362 2897 1494 2946 ἐκείνῳ
1521 2895 1747 2945 βουλόμενος

223 2949 311 2987 οὐδὲ
338 2956 416 2992 τοῖς
440 2949 646 2997 ποιήμασιν
673 2947 790 2985 αὐτοῦ
817 2946 1033 2995 ἀντίτεχνος
1058 2947 1157 2984 εἶναι
1184 2945 1341 2992 ἐποίησα
1366 2947 1495 2982 ταῦτα.
