1890 3216
851 173 1103 211 AESOHRJO.
1668 172 1754 217 517

720 360 1215 406 ΤΕΤΡΑΜΕΤΡΑ.
1685 376 1754 408 802

964 463 1004 506 6.

296 545 388 590 Καὶ
419 547 543 590 θεῶν
576 544 801 605 ἄγρωστιν
835 538 984 604 εὗρες,
1018 541 1078 602 ἣν
1110 543 1292 603 Κρόνος
1322 545 1622 602 κατέσπειρεν.

961 668 999 710 7.

326 756 586 807 Harpocrat.:
621 753 846 808 Κέρκωψ·
880 754 1071 807 Αἰσχίνης
1103 752 1147 794 ἐν
1171 755 1224 810 τῷ
1249 752 1337 806 περὶ
1363 755 1432 806 τῆς
1456 754 1681 807 πρεσβείας·
1715 752 1758 794 ἐν

203 827 286 871 τοῖς
318 822 373 871 εἰς
391 818 572 874 ’Ὅμηρον
605 816 919 875 ἀναφερομένοις
951 820 1139 872 δηλοῦται
1172 815 1225 868 ὦς
1263 818 1548 873 ἔξαπατητῆρές
1585 835 1624 859 τε
1655 812 1759 872 ἦσαν

202 888 269 929 καὶ
299 891 468 940 ψεῦσται
500 887 542 929 οἵ
569 886 798 940 Κέρκωπες·
830 883 1056 941 Ξεναγόρας
1089 884 1132 926 δὲ
1159 886 1213 934 εἰς
1238 882 1442 938 πιθήκους
1467 882 1612 934 αὐτοὺς
1640 901 1757 926 κατα-

202 956 340 1008 βαλεῖν
377 954 496 1007 φησί,
534 952 601 994 καὶ
639 949 708 1001 τὰς
747 949 1037 1005 Πιθηκούσσας
1076 949 1225 1005 νήσους
1264 945 1334 992 ἄπ’
1371 948 1504 992 αὐτῶν
1535 954 1757 1005 κληθῆναι·

203 1021 397 1075 Αἰσχίνης
429 1016 556 1072 (recte
582 1022 628 1059 ut
654 1020 817 1059 videtur
835 1019 1071 1058 Maussacus
1099 1013 1371 1072 Αἰσχρίων)
1404 1016 1447 1058 δὲ
1480 1014 1500 1058 ὁ
1533 1014 1759 1069 Σαρδιανὸς

204 1081 381 1144 (Σάμιος
400 1086 648 1136 Maussacus,
681 1080 887 1137 Σαμιανὸς
906 1080 1111 1139 Meineke)
1144 1083 1187 1124 ἐν
1209 1088 1290 1133 τοῖς
1312 1081 1488 1137 Ἰάμβοις
1514 1083 1580 1124 καὶ
1599 1080 1645 1124 τὰ
1671 1080 1758 1124 ὀνό-

202 1168 304 1206 ματα
347 1147 480 1192 αὐτῶν
523 1147 767 1204 ἀναγράφει,
808 1144 1028 1191 Ἀνδοῦλον
1074 1146 1296 1205 (αὐδοῦλον
1334 1146 1391 1204 Α)
1436 1149 1502 1190 καὶ
1533 1147 1758 1190 ’Ἀτλαντον,

204 1220 357 1259 Eadem
392 1218 613 1268 Cercopum
645 1218 808 1257 nomina
841 1217 1004 1256 exhibet
1036 1218 1153 1256 Phot.
1185 1218 1286 1268 158,
1320 1220 1362 1267 2,
1395 1217 1578 1267 Apostol.
1604 1217 1662 1255 IX
1690 1218 1758 1268 64,

202 1288 245 1325 at
277 1285 388 1325 Suid.
419 1299 455 1325 v.
490 1281 703 1336 Κέρκωπες
734 1283 859 1322 habet
891 1279 1129 1331 Κάνδουλος
1160 1281 1226 1323 καὶ
1247 1280 1399 1332 ’Ἀτλαςκ
1450 1284 1498 1322 cf.
1533 1285 1602 1322 ten
1632 1283 1757 1321 Brink

201 1351 243 1390 in
274 1351 420 1390 Philol.
453 1351 511 1389 VI
542 1365 581 1401 p.
610 1351 694 1390 356
727 1363 849 1400 seqq„
881 1350 950 1401 qui
981 1350 1249 1400 probabiliter
1282 1350 1510 1400 suspicatur
1534 1350 1758 1399 Harpocra-

202 1417 354 1456 tionem
385 1429 566 1467 errasse,
605 1429 695 1455 cum
727 1416 826 1455 haec
858 1429 906 1455 ex
938 1416 1198 1456 Aeschrionis
1231 1416 1382 1455 lambis
1415 1417 1614 1467 proferat,
1656 1429 1758 1467 quae

202 1484 245 1522 in
276 1482 614 1534 Ephemeridibus
645 1482 907 1533 legebantur,
939 1482 1017 1521 vid.
1051 1482 1101 1520 fr.
1137 1483 1203 1520 10.

659 1614 1255 1660 ‘EHIFPAMMATA

956 1717 995 1759 8.

289 1799 401 1858 Ἐγὼ
439 1800 646 1852 Φιλαινὶς
677 1797 703 1856 ἡ
735 1796 946 1856 ’πίβωτος
977 1788 1265 1857 ἄνθρώποιςῐ

299 1957 359 1992 Fr.
387 1960 419 1992 6.
465 1955 600 1991 Athen.
629 1954 699 1990 VII
726 1955 851 1990 296E:
886 1953 1068 2000 Αἰσχρίων
1096 1950 1133 1990 δ’
1163 1951 1183 1989 ὁ
1216 1951 1363 2000 Σάμιος
1396 1952 1437 1989 ἕν
1470 1967 1545 1989 τινι
1570 1954 1645 1990 τῶν
1672 1951 1756 2000 ἰάμ-

147 2008 161 2025 '
208 2007 286 2062 βων
310 2000 452 2049 ἰΎδνης
485 2002 577 2048 φησὶ
608 2003 674 2048 τῆς
706 2000 877 2038 Σκύλλου
911 2003 978 2038 τοῦ
1016 2003 1235 2038 Σκιωναίου
1266 2002 1602 2058 κατακολυμβητοῦ
1633 2004 1756 2060 θυγα-

205 2066 292 2098 τρος
317 2049 383 2087 τὸν
409 2049 622 2086 θαλάσσιον
645 2051 822 2085 Γλαῦκον
845 2047 1076 2095 ἐρασθῆναι·
1105 2049 1210 2090 ἰδίως
1235 2048 1278 2085 δὲ
1306 2049 1371 2085 καὶ
1396 2049 1483 2095 περὶ
1509 2063 1576 2095 της
1595 2051 1758 2097 βοτάνης

204 2099 322 2146 λέγει,
349 2095 397 2144 ἣν
425 2095 560 2144 φαγών
586 2094 786 2139 ἀθάνατος
812 2094 983 2143 ἐγένετο·
1010 2097 1087 2133 καὶ
1112 2098 1235 2133 θεῶν
1261 2100 1336 2133 κτλ.
1376 2097 1519 2134 Eadem
1544 2098 1647 2135 Eust.
1675 2102 1756 2144 271,

204 2153 261 2185 27.
301 2147 444 2191 Naeke,
470 2145 534 2191 qui
560 2145 706 2181 iambos
732 2145 847 2181 fuisse
873 2147 1019 2190 censet,
1046 2145 1227 2181 coniecit:
1260 2145 1325 2181 καὶ
1350 2145 1456 2181 θεῶν
1483 2150 1611 2182 σῖτον
1649 2147 1756 2192 (Mei—

204 2197 300 2233 neke
335 2195 503 2243 βρῶμα)
531 2190 729 2239 ’Ἀγρωστιν
762 2195 836 2229 κτλ.
881 2204 957 2229 non
982 2195 1101 2229 recte:
1133 2193 1367 2230 tetrametris
1393 2193 1596 2230 trochaicis
1623 2194 1757 2230 Glauci

203 2244 370 2280 fabulam
397 2240 571 2288 exposuit
594 2241 786 2287 Aeschrio,
812 2241 1131 2286 quemadmodum
1157 2241 1275 2277 etiam
1295 2241 1484 2277 Ciceronis
1510 2242 1755 2288 poematium,

204 2292 307 2338 quod
332 2292 371 2326 in
398 2290 530 2326 eodem
555 2290 778 2335 argumento
809 2289 1041 2333 versabatur,
1075 2289 1243 2325 eiusdem
1274 2289 1384 2325 metri
1415 2289 1505 2334 fuit,
1537 2290 1624 2326 vide
1655 2289 1754 2326 Plut.

206 2340 272 2376 vit.
295 2338 411 2375 Cicer.
433 2349 463 2374 c.
485 2341 518 2373 2.
542 2358 585 2364 —
611 2337 734 2382 θεῶν,
763 2337 854 2372 Geel
879 2335 986 2372 θέων
1013 2337 1184 2374 coniecit.
1213 2357 1255 2364 -
1283 2336 1458 2374 Ceterum
1484 2338 1533 2374 ad
1558 2338 1755 2374 Aeschrio-

203 2388 261 2424 nis
301 2386 484 2422 Glaucum
520 2384 643 2421 voluit
668 2384 796 2420 Brink
833 2384 970 2420 referre
1005 2385 1129 2421 locum
1167 2385 1226 2420 Et.
1260 2385 1354 2421 Gud.
1389 2389 1452 2430 57,
1484 2390 1528 2421 33
1566 2387 1756 2431 corrigens

204 2434 418 2481 (Αἰσχρίων)
441 2430 480 2469 ἐν
503 2430 684 2481 Γλαύκῳ·
705 2434 826 2468 Πλεῖα
851 2429 924 2478 γὰρ
951 2430 1087 2479 τρυγὸς
1105 2434 1292 2479 γλυκείης,
1317 2429 1367 2479 ἣν
1389 2431 1533 2469 ἔτικτεν
1551 2430 1754 2479 Ἀνθηδών.

206 2483 279 2520 Sed
304 2483 390 2519 vide
417 2481 547 2517 dehis
574 2481 632 2517 Fr.
659 2481 797 2526 Adesp.

301 2531 360 2566 Fr.
388 2534 420 2566 8.
470 2529 607 2565 Athen.
633 2528 719 2564 VIII
744 2528 868 2564 335B:
894 2525 961 2564 τὸν
986 2526 1274 2574 πολυθρύλητον
1302 2525 1365 2565 ἐπὶ
1395 2529 1440 2576 τῇ
1467 2525 1652 2577 ὀψολογίᾳ
1683 2524 1754 2574 Ἀρ-

205 2577 410 2626 χέστρατον
440 2573 507 2613 άεί
534 2589 623 2612 ποτε
657 2573 751 2621 μετὰ
787 2577 1006 2617 Φιλαίνιδος
1037 2574 1333 2620 κατατάττοντα,
1365 2575 1419 2617 εἰς
1443 2572 1491 2621 ἣν
1518 2573 1758 2621 ἀναφέρεται

208 2625 250 2663 τὸ
277 2627 363 2671 περὶ
389 2623 624 2670 ἀφροδισίων
651 2621 861 2659 ἀκόλαστον
889 2621 1124 2670 σύγγραμμα,
1150 2620 1244 2669 ὅπερ
1271 2624 1365 2670 φησὶ
1389 2624 1546 2669 ποιῆσαι
1571 2623 1754 2669 Αἰσχρίων

207 2672 227 2711 ὁ
254 2672 400 2721 Σάμιος
427 2669 653 2720 ἰαμβοποιὸς
678 2669 904 2717 Πολυκράτη
931 2669 997 2706 τὸν
1023 2669 1206 2716 σοφιστὴν
1234 2669 1297 2708 ἐπὶ
1323 2672 1479 2718 διαβολῇ
1512 2671 1578 2717 τῆς
1602 2668 1753 2716 άνθρώ-

208 2736 294 2768 που,
328 2717 641 2767 σωφρονεστάτης
671 2718 895 2765 γενομένης·
930 2717 1007 2764 ἔχει
1041 2718 1083 2755 δὲ
1117 2715 1237 2760 οὕτως
1267 2716 1314 2755 τὰ
1347 2718 1519 2767 ἰαμβεῖα·
1560 2716 1644 2765 ἐγώ
1678 2722 1753 2756 κτλ.

211 2770 329 2807 Iidem
362 2781 488 2805 versus
520 2769 696 2814 leguntur
729 2767 840 2803 Anth.
874 2766 952 2803 Pal.
987 2767 1054 2802 VII
1081 2771 1149 2803 345
1182 2779 1204 2803 a
1229 2779 1277 2804 m.
1305 2778 1350 2802 s.:
1385 2764 1616 2803 ἀδέσποτον·
1649 2765 1688 2803 οἷ
1710 2766 1752 2803 δὲ

209 2819 492 2876 Σιμωνίδου·
525 2828 548 2851 a
579 2828 626 2851 m.
661 2827 733 2861 pr.:
766 2814 820 2855 εἰς
852 2814 1054 2851 Φιλαινίδα
1086 2811 1155 2860 τὴν
1194 2812 1442 2860 ἐλεφαντίνης
1482 2812 1653 2860 ἑταίραν,
1684 2811 1754 2860 τὴν

211 2874 416 2912 γραψασαν
444 2862 486 2900 ἐν
511 2865 644 2900 πίνακι
675 2860 742 2904 τὰς
773 2863 994 2908 γυναικείας
1025 2863 1145 2909 μίξεις
1172 2860 1333 2906 ἐκείνας,
1366 2861 1419 2898 δι’
1453 2858 1500 2903 ἃς
1532 2862 1596 2898 καὶ
1622 2876 1753 2908 κωμω-

212 2915 337 2950 δεῖται
360 2910 466 2959 παρὰ
492 2912 566 2948 τῶν
595 2909 635 2947 ἐν
658 2907 833 2956 Ἀθήναις
858 2910 998 2955 σοφῶν.
1043 2909 1219 2946 ultimum
1245 2911 1315 2947 hoc
1347 2921 1426 2946 voc.
1452 2910 1582 2956 σοφῶν
1608 2898 1756 2946 addidit

212 2973 260 2998 m.
288 2973 316 2997 s.
343 2961 381 2996 in
407 2972 548 2997 rasura.
586 2980 628 2986 -ι
665 2958 717 2995 Cf.
752 2958 797 2994 de
829 2958 900 2994 hoc
932 2958 1205 3005 epigrammate
1238 2958 1277 2994 Β.
1312 2959 1375 2994 ten
1401 2957 1516 2994 Brink
1546 2957 1587 2994 in
1618 2957 1752 2995 Philol.
