1890 3216
157 167 245 210 456
747 164 1110 213 IAMBOGRAPHI„
1151 134 1166 147 ⁸

820 273 1030 329 21.[25]

254 356 356 403 Σὺν
389 360 685 417 πορδακοῖσιν
718 357 976 409 ε’κπέσοντες
1007 357 1195 414 εἵμασιν.

770 465 1081 520 22.23.[26]

255 542 356 608 (Ἦ)
389 546 533 606 φολλὰ
568 547 650 606 μὲν
684 546 739 606 δὴ
772 549 1048 607 προεκπονῇ,
1086 548 1376 607 Τηλέμβροτε.

790 636 814 662 *
874 636 898 662 *
958 635 982 662 *
1042 635 1066 662 *

254 690 481 738 Ἐνταῦθα
513 692 665 749 μέντοι
696 690 831 750 τυρὸς
863 691 907 745 ἐξ
933 689 1110 748 ’Λχαΐης

261 767 499 823 Τρομίλιος
530 762 815 822 θαυμαστός,
846 760 900 809 ὃν
931 762 1198 821 κατήγαγον.

823 873 892 917 24.
925 873 1031 927 [27]
1296 942 1299 945 ἱ
1629 886 1698 921 748

252 951 329 1002 τΥν
362 954 422 1010 ὡς
454 955 630 1014 ἄφευσα
661 954 748 1015 χώς
780 957 986 1014 ἐμίστυλα
1021 954 1128 1014 κρέα

260 1032 435 1088 ίρωστί·
466 1028 541 1074 καὶ
572 1027 659 1087 γὰρ
692 1026 747 1074 οὐ
777 1029 923 1081 κακῶς
954 1028 1200 1086 ἐπίσταμαι.

826 1138 1035 1192 25.[28]

236 1217 447 1267 ”Ἐδωκεν
481 1219 630 1274 οὐδεὶς
662 1218 762 1266 οὐδ’
798 1218 1027 1280 ἀρυστῆρα
1058 1219 1232 1278 τρυγός.

163 1367 265 1402 tatur
298 1358 402 1402 οὗτοι
436 1362 666 1411 φυλάττουσι
690 1361 732 1400 τὸ
760 1360 983 1410 ποιμενικὸν
1015 1362 1125 1409 γένος
1151 1364 1216 1400 καὶ
1248 1364 1330 1402 οἷον
1363 1367 1521 1409 ζωοῦσιν
1553 1364 1702 1409 αὐτούς.

163 1414 256 1450 Mihi
288 1411 414 1459 τέρμ’
443 1413 570 1459 ἔχουσι
601 1412 625 1447 i.
653 1424 684 1448 e.
710 1411 814 1453 τέλος
847 1411 898 1458 5'.75
932 1410 1168 1447 scribendum
1200 1413 1366 1457 videtur,
1401 1415 1446 1450 cf.
1473 1414 1611 1452 Simon.
1638 1415 1704 1452 Oei

165 1474 222 1508 cp.
252 1466 330 1519 112,
357 1466 389 1498 4.
430 1461 529 1497 Olim
565 1461 765 1506 τημελοῦσι
800 1459 950 1506 scripsi,
987 1459 1159 1496 Meineke
1195 1459 1313 1508 μνῆμ’
1338 1461 1493 1520 ἐ’,χουσι
1530 1463 1703 1523 Hartung

164 1491 402 1556 wv5135h'5'725
428 1509 575 1545 Ahrens
601 1507 692 1556 ῥ’ὗμ’
722 1507 865 1553 ἔχουσι,
893 1508 932 1543 eb
955 1509 1151 1553 praeberea
1174 1520 1209 1544 v.
1238 1513 1255 1544 1
1284 1508 1453 1558 Νύμφης
1478 1507 1547 1556 ἠδὲ
1575 1514 1701 1548 Μαια-

165 1559 230 1598 δος
254 1571 297 1602 τ.,
330 1557 501 1594 Schmidt
533 1553 631 1593 όπου
663 1554 755 1602 παρ’
784 1554 937 1602 ἀνδρῶν
963 1554 1070 1602 ἴσμα,
1103 1566 1221 1602 comp.
1248 1556 1408 1604 Hesych.
1434 1557 1524 1605 ἴσμα
1550 1560 1701 1606 ιδρυμα

164 1607 245 1641 κτίσ
275 1619 310 1640 α.

247 1619 317 1689 pist.
339 1657 396 1690 21.
437 1653 571 1689 Strabo
592 1652 679 1687 XIII
699 1657 785 1688 619.
811 1652 876 1688 καὶ
902 1649 943 1688 τὸ
965 1653 1201 1698 Σιμωνίδου·
1228 1650 1297 1688 σὺν
1317 1654 1564 1698 πορδακοῖσιν
1592 1652 1702 1691 ἐκπε-

165 1699 295 1742 σόντες
320 1702 449 1748 ἵμασιν
475 1698 562 1736 άντὶ
581 1701 648 1737 τοῦ
669 1698 896 1758 διαβρόχοις,
921 1699 985 1736 ubi
1007 1701 1133 1746 εἵμασι
1154 1700 1304 1758 scripsit
1323 1702 1523 1747 Tyrrwhit.
1565 1702 1703 1740 Contra

166 1749 289 1785 Schol.
317 1749 431 1786 Arist.
451 1749 536 1786 Pac.
561 1751 669 1784 1148:
697 1748 762 1784 καὶ
787 1746 890 1794 παρὰ
917 1749 1113 1795 Σιμωνίδῃ
1139 1749 1189 1807 τῷ
1213 1745 1405 1797 Ἄμοργίῳ·
1432 1752 1702 1799 συμπαρδακῇ-

166 1809 223 1833 σιν
257 1795 386 1843 ἷμάσιν
418 1795 681 1843 σεσαγμένοις,
718 1796 783 1832 ubi
813 1797 972 1842 apparet
1003 1786 1227 1842 σεσαγμένοι
1261 1786 1516 1834 scribendum.
1553 1788 1704 1835 videtur

167 1846 293 1881 autem
317 1845 410 1880 haec
436 1845 594 1890 antiqua
619 1844 878 1890 dittographia
904 1855 1001 1888 esse,
1036 1844 1110 1879 nisi
1134 1844 1231 1880 forte
1258 1845 1331 1880 duo
1357 1844 1505 1882 diversa
1532 1847 1704 1893 exempla

167 1893 332 1929 eiusdem
359 1892 534 1929 vocabuli
560 1904 605 1928 ex
629 1892 762 1928 eodem
789 1893 953 1928 carmine
981 1891 1172 1937 adscripta
1190 1896 1286 1928 sunt.
1323 1892 1500 1928 Welckcr
1523 1894 1563 1930 in
1587 1906 1703 1930 unum

167 1939 377 1977 coniunxit:
416 1937 499 1976 Σὺν
531 1941 780 1984 πορδακοῖσιν
813 1937 1037 1980 ἐκπεσόντες
1069 1940 1218 1998 εἵμασιν
1243 1939 1498 1987 Σεσαγμὲνοι,
1530 1942 1704 1989 Han-‚ung

166 1986 235 2025 σὺν
261 2002 337 2035 παρ
341 1990 512 2024 δακοῖσιν
540 1985 796 2029 ἐκσπάσαντες
822 1989 971 2033 εἵμασιν
996 1986 1274 2045 Σεσαγμένους

261 2003 337 2074 Fine
342 2041 397 2072 22.
418 2041 475 2072 23.
520 2036 656 2072 Athen.
676 2035 762 2071 XIV
783 2035 910 2072 6583·
943 2034 1018 2071 Καὶ
1045 2032 1065 2071 ὁ
1095 2033 1317 2094 Τρομιλικὸς
1343 2034 1384 2072 δὲ
1412 2034 1524 2082 τυρὸς
1550 2035 1705 2081 ἔνδοξάς

168 2082 262 2121 ε’στι·
265 2083 375 2129 περὶ
402 2085 446 2119 οὑ
468 2083 560 2129 φησὶ
582 2081 795 2141 Δημήτριος
815 2080 834 2118 ὁ
855 2080 1029 2129 Σκήψιος
1051 2080 1092 2118 ἐν
1097 2081 1277 2140 δευτέρῳ
1302 2085 1472 2140 Τρωϊκοῦ
1493 2083 1702 2147 διακόσμου

168 2143 302 2174 ουτως·
328 2133 409 2190 Τῆς
429 2128 574 2189 Ἀχαΐας
599 2130 706 2172 πόλις
728 2132 949 2188 Τρομίλεια,
977 2133 1062 2174 περὶ
1082 2126 1129 2176 ἣν
1148 2132 1292 2177 ’γίνεται
1317 2129 1428 2189 τυρὸς
1454 2134 1597 2178 αἰγειος
1621 2135 1704 2191 ηδι-

168 2193 268 2238 στος,
295 2177 364 2216 οὐκ
392 2179 487 2225 ἔχων
514 2177 707 2225 σύγκρισιν
732 2177 825 2224 πρὸς
852 2178 999 2225 ἕτερον,
1027 2178 1046 2215 ὁ
1067 2177 1442 2239 προσαγορευόμενος
1464 2179 1702 2238 Τρομιλικός·

169 2222 213 2264 οὗ
239 2227 302 2263 καὶ
331 2229 594 2274 Σιμωνίδης
624 2225 854 2273 μνημονεύει
888 2224 983 2263 ἐνί
968 2224 1135 2286 ἰάμβῳ,
1168 2222 1213 2263 οὗ
1239 2226 1262 2273 ἡ
1290 2224 1403 2273 ἀρχή·
1439 2226 1590 2264 Πολλὰ
1623 2228 1705 2287 μὲν

169 2273 221 2321 δὴ
249 2276 513 2321 προεκπονῇ
544 2274 853 2333 Τηλέμβροτε,
879 2272 1055 2320 γράφων·
1080 2273 1312 2311 Ἐνταῦθα
1338 2278 1412 2311 κτλ.
1440 2297 1483 2301 -
1510 2277 1569 2312 Fr.
1595 2281 1641 2312 22
1662 2271 1709 2313 ⁷H

169 2323 300 2360 adieci.
332 2344 371 2349 —-
403 2323 650 2380 Τηλέμβροτε,
677 2324 709 2358 Α
735 2321 982 2371 τηλὲμβρωτε,
1008 2323 1037 2358 Β
1064 2320 1327 2384 προεκπονητὴ
1354 2323 1598 2372 τηλέμβρωτε.
1636 2324 1707 2361 Co-

168 2383 250 2407 reas
271 2371 366 2407 coni.
386 2369 523 2407 πολλόν
545 2384 588 2417 με
610 2372 675 2406 δεῖ
688 2375 942 2415 προεκπονεῖν
962 2371 1111 2416 (Nauck
1130 2372 1196 2407 δεῖ
1204 2384 1283 2429 ,γαρ
1306 2369 1402 2416 ἐκπ.)
1422 2371 1706 2419 κτλ.Η11,1-ί;11113

168 2415 275 2455 πόλλ’
298 2415 378 2465 α’μα
405 2432 466 2465 με
476 2421 541 2455 δεῖ
561 2422 824 2464 προεκπονεῐν.
847 2439 889 2443 -
917 2419 976 2454 Fr.
998 2423 1054 2454 23.
1082 2419 1125 2454 V.
1150 2424 1179 2456 1.
1204 2416 1356 2464 Ἀχαίης,
1382 2416 1582 2478 ΒἎχαίης,
1609 2420 1703 2456 PVL

168 2464 320 2513 Ἀχαΐας.
351 2488 391 2492 —-
429 2467 473 2504 V.
500 2472 532 2503 2.
568 2467 764 2511 Τρομιλιος
789 2466 904 2509 PVL,
915 2468 1141 2525 στρομίλιος
1165 2467 1245 2510 ΑΒ,
1275 2466 1498 2523 Τρομιλικὸς
1522 2467 1705 2505 Meineke.

266 2515 324 2550 Fr.
346 2519 402 2550 24.
445 2516 581 2551 Athen.
601 2514 689 2549 XIV
709 2514 842 2549 659D:
871 2493 996 2549 Οὐδὲν
1024 2527 1093 2549 ουν
1118 2527 1166 2559 ην
1192 2494 1422 2560 πάράδοξον,
1449 2514 1486 2550 εἰ
1508 2515 1574 2551 καὶ
1598 2518 1705 2551 θυτι-

172 2564 238 2609 κῆς
263 2557 360 2608 ἦσαν
388 2561 560 2609 ἔμπειροι
586 2560 625 2597 οἵ
647 2563 869 2605 παλαίτεροι
893 2558 1083 2606 μάγειροι·
1111 2562 1337 2607 προίσταντο
1362 2563 1458 2608 γοῦν
1483 2562 1548 2598 καὶ
1572 2561 1705 2609 γάμων

172 2611 237 2647 καὶ
262 2611 427 2646 θυσιῶν·
455 2639 463 2646 .
492 2640 499 2647 .
528 2639 535 2645 .
563 2609 628 2645 καὶ
652 2622 756 2655 παρα
785 2608 826 2645 δὲ
853 2611 1101 2668 Σιμωνίδῃ
1117 2609 1232 2655 φησὶν
1260 2609 1403 2655 ε’τερος
1435 2607 1532 2651 Χῶς
1556 2613 1631 2647 κτλ.
1659 2631 1703 2638 -

170 2659 214 2694 V.
238 2662 269 2694 1.
295 2654 368 2703 χώς
387 2654 539 2703 άφεῦσα
559 2654 633 2703 χώς
651 2657 865 2702 ΒουτάθΙοί),
891 2671 912 2702 χ
950 2669 1128 2702 ωσαφενς
1152 2656 1359 2703 (χωσαρεύς
1378 2659 1418 2702 Β,
1439 2655 1641 2715 χωσαφεύς
1659 2659 1704 2716 Ρ)

172 2706 293 2752 σαχῶς
295 2672 393 2741 x.VL
444 2706 494 2741 Ess
530 2718 679 2742 versum
718 2707 755 2741 et
789 2685 1017 2762 sententiam
1055 2705 1309 2751 redintegravi
1353 2705 1515 2741 scribens
1552 2699 1608 2740 ὗν
1646 2702 1706 2747 ὦς

172 2753 324 2799 άφεῦσα
351 2756 426 2789 κτλ.
454 2754 532 2790 sive
558 2750 643 2799 χώς
668 2746 750 2798 (ὗν)
777 2749 932 2810 άφεῦσα
956 2753 1076 2790 malis.
1105 2773 1148 2779 —-
1174 2753 1218 2788 V.
1240 2757 1273 2789 2.
1300 2752 1334 2799 ἰρ
1338 2754 1442 2788 ωστί·
1467 2752 1531 2788 καὶ
1556 2753 1705 2790 Hecker

173 2801 260 2847 (nisi
286 2800 439 2846 εἰρωστί
458 2801 593 2848 malis),
619 2801 817 2846 legebatur
842 2799 967 2842 εἰδως·
999 2802 1038 2836 τί
1058 2800 1138 2846 καὶ,
1166 2800 1266 2846 quod
1291 2812 1375 2836 cum
1400 2800 1569 2846 ineptum
1597 2803 1703 2847 esset,

172 2850 411 2886 Casaubonus
437 2850 559 2890 καλῶς
584 2860 653 2896 pro
679 2849 804 2889 κακῶς
829 2849 997 2885 coniecit

267 2898 326 2932 Fr.
354 2901 409 2933 25.
454 2897 591 2933 Athen.
616 2896 650 2931 X
676 2896 805 2933 4240:
833 2897 1047 2933 Καλοῦνται
1073 2895 1115 2933 δὲ
1142 2895 1207 2932 καὶ
1232 2892 1439 2942 ἀρυστῆρες
1463 2896 1528 2932 καὶ
1553 2893 1704 2943 ἀρύστι-

173 2958 243 2990 χοι.
283 2946 560 2991 Σιμωνίδης·
585 2941 784 2981 Ἔδωκεν
810 2947 886 2981 κτλ.
