1890 3216
852 172 1024 211 PLATO.
1625 170 1666 211 3(
1674 168 1712 211 19

908 282 978 326 27.
1644 289 1712 322 627

239 365 287 413 ‘A
318 368 475 426 Κύπρις
506 368 578 413 τὰν
610 367 770 425 Κύπριν
801 369 859 412 ἐνὶ
891 369 1029 424 Κνίδῳ
1062 363 1170 409 εἶπεν
1201 367 1360 409 ἰδοῦσα·

307 440 384 490 φεῦ
416 435 511 490 φεῦ,
543 440 622 479 ποῦ
653 433 812 492 γυμνὴν
843 431 922 477 εἶδέ
953 450 999 489 με
1027 432 1284 487 Πραξιτέλης;

247 501 338 547 οὔτε
370 515 411 545 σε
443 502 683 557 Πραξιτέλης
714 499 943 557 τεχνάσατο,
975 496 1070 542 οὔθ’
1106 495 1127 541 ὁ
1160 499 1337 553 σίδαρος·

307 565 391 611 ἄλλ’
427 566 552 619 οὕτως
583 568 714 623 ἔστης,
746 565 800 619 ὥς
830 582 923 610 ποτε
953 564 1178 621 κρινομένη.

911 685 980 728 28.

251 772 331 817 Τὸν
363 771 547 827 Σάτυρον
579 769 784 826 Διόδωρος
815 771 1030 824 ἕκοίμισεν,
1062 766 1137 811 οὐκ
1168 765 1386 823 ἐτόρευσεν·

307 836 360 894 ἢν
391 836 532 895 νύξ’ῃς,
565 837 725 894 ἐγερεῖς·
757 834 930 892 ἄργυρος
961 833 1091 878 ὕπνον
1123 835 1210 889 ἔχει.

1332 928 1353 940 θ

177 993 287 1030 alteri
313 991 541 1028 aemulatum
568 1001 660 1027 esse.
699 990 874 1026 Fortasse
894 988 997 1036 prius
1019 988 1250 1034 epigramma
1271 986 1439 1022 Platonis
1465 986 1620 1022 iunioris
1648 987 1717 1030 est,

178 1042 282 1079 cuius
307 1039 451 1077 nomini
475 1038 610 1075 deinde
636 1039 752 1075 etiam
777 1038 939 1075 alterum
964 1035 1148 1072 adhaesit.

273 1092 331 1126 27.
375 1087 527 1124 Anthol.
554 1086 659 1122 Plan.
690 1090 774 1122 161:
805 1085 874 1122 τοῦ
901 1081 1030 1122 αὐτοῦ.
1065 1081 1297 1129 (Πλάτωνος)
1331 1078 1446 1118 Οὔτε
1475 1094 1520 1118 σε
1549 1083 1719 1127 Πραξι-

178 1135 308 1183 τέλης
342 1138 415 1172 κτλ.
455 1136 495 1171 et
528 1137 594 1171 162
620 1131 789 1179 Ἄδηλον·
823 1131 857 1170 ‘A
889 1130 1067 1179 Κύπρις
1098 1134 1172 1168 κτλ.
1225 1129 1403 1174 Ordinem
1437 1129 1574 1166 inverti
1611 1132 1648 1166 et
1683 1130 1721 1165 in

178 1197 294 1222 unum
327 1182 520 1228 coniunxi,
558 1193 652 1229 quae
685 1182 895 1218 arctissime
929 1181 1148 1218 cohaerent:
1187 1181 1246 1215 est
1277 1178 1377 1214 euim
1410 1178 1643 1224 epigramma
1674 1178 1722 1214 ad

179 1232 442 1280 corrigendum
462 1242 518 1277 ep.
541 1235 585 1266 26
607 1230 867 1276 compositum.
906 1230 954 1265 Et
976 1229 1101 1264 firmat
1121 1227 1201 1264 cod.
1223 1227 1280 1263 Iri.
1304 1239 1338 1272 p.
1364 1230 1443 1271 105,
1469 1227 1533 1262 ubi
1558 1225 1722 1272 primum

178 1282 258 1319 sine
294 1280 407 1316 titulo
439 1275 474 1315 ‘A
506 1276 681 1324 Κύπρις
707 1307 715 1315 .
745 1307 751 1314 .
780 1308 787 1316 .
831 1278 966 1314 deinde
1003 1277 1071 1312 τοῦ
1105 1271 1225 1312 αὐτοῦ
1257 1271 1491 1320 (Πλάτωνος)
1525 1271 1640 1310 Οὔτε
1676 1285 1720 1309 σε

180 1332 220 1367 H
226 1329 318 1376 ραξ.
349 1349 389 1354 -
424 1326 468 1363 V.
496 1330 527 1362 2.
555 1324 721 1373 γυμνὴν,
752 1327 837 1362 fort.
864 1322 1031 1372 γυμνάν,
1064 1322 1311 1368 similiterque
1337 1335 1370 1358 v.
1397 1326 1420 1357 4
1447 1320 1555 1363 ἔστας
1581 1324 1619 1358 et
1644 1335 1721 1367 κρι-

179 1374 333 1424 νομένα.
363 1397 405 1402 -
432 1375 477 1411 V.
498 1379 519 1411 3
547 1375 584 1411 ct
610 1378 632 1409 4
659 1374 772 1410 eliam
799 1375 838 1410 in
862 1373 994 1420 primis
1019 1371 1169 1419 paginis
1196 1371 1276 1407 cod.
1304 1369 1382 1406 Pal.
1411 1369 1494 1416 (τοῦ
1521 1366 1640 1406 αὐτοῦ
1667 1369 1722 1404 in-

180 1425 392 1472 scriptum),
425 1422 545 1459 ctam.
572 1422 642 1458 An.
670 1422 719 1457 IV
739 1426 808 1459 367
836 1422 915 1468 (ubi
941 1435 973 1457 v.
1001 1425 1023 1456 4
1050 1419 1174 1466 ἔστης,
1201 1416 1251 1460 ὡς
1275 1415 1407 1464 πάλαι)
1436 1420 1474 1454 et
1500 1418 1582 1453 cod.
1609 1417 1721 1454 Vind.

179 1478 249 1510 311
283 1472 361 1518 (ubi
395 1467 595 1517 τεχνάσατ’
625 1467 710 1506 οὔτε
745 1467 923 1516 σιδηρός).
973 1469 1075 1505 Haec
1110 1467 1244 1514 scripsi
1274 1466 1314 1502 in
1346 1466 1511 1502 editione
1538 1466 1588 1501 II:
1629 1465 1722 1501 nihil

179 1522 297 1568 igitur
328 1519 422 1555 dicit
446 1517 652 1563 Benndorf,
685 1529 768 1553 cum
802 1518 967 1564 scripsit,
1000 1527 1059 1553 me
1091 1515 1233 1562 fugisse
1266 1515 1337 1550 hoc
1369 1514 1603 1560 epigramma
1628 1513 1723 1549 nihil

181 1569 256 1606 nisi
280 1568 414 1615 prioris
440 1577 520 1602 esse
546 1565 812 1611 imitationem3
839 1564 1054 1602 idemvdicit
1073 1575 1131 1600 me
1152 1562 1277 1600 omnia
1296 1562 1464 1606 miscere,
1492 1562 1630 1608 quippe
1658 1562 1723 1606 qui

180 1618 275 1654 haec
301 1615 375 1653 duo
402 1613 564 1650 disticha
588 1613 627 1649 in
653 1626 767 1650 unum
794 1611 1068 1658 coniunxerim,
1095 1612 1223 1657 itaque
1248 1622 1375 1646 rursus
1400 1609 1611 1646 dirimenda
1637 1620 1722 1646 cen-

182 1666 249 1702 set.
295 1663 426 1699 Potest
451 1673 539 1698 sane
565 1657 667 1708 prius
686 1661 873 1698 distichon
894 1658 927 1697 ‘A
948 1658 1094 1706 Κύπρις
1116 1662 1191 1695 κτλ.
1218 1659 1406 1704 integrum
1426 1669 1564 1704 poema
1584 1657 1723 1701 videri;

181 1724 256 1750 non
281 1711 392 1759 plane
420 1708 602 1746 dissimile
629 1711 686 1746 est
710 1709 829 1745 Eueni
853 1709 1083 1756 poematium
1110 1706 1225 1742 Ant-h.
1253 1705 1357 1742 Plan.
1387 1709 1467 1751 165,
1494 1716 1723 1751 quamquam

173 1761 221 1797 id
250 1760 373 1807 ipsum
410 1758 505 1794 adeo
544 1757 738 1804 displicuit
770 1757 1010 1802 Benndorfio,
1050 1758 1093 1792 ut
1127 1767 1213 1792 cum
1246 1754 1417 1800 proximo
1451 1753 1723 1800 epigrammate

184 1810 283 1855 (166)
310 1804 642 1853 conglutinandum
671 1817 751 1841 esse
778 1805 980 1849 censuerit3
1007 1805 1048 1840 at
1071 1803 1135 1838 hic
1160 1804 1274 1849 poeta
1297 1802 1327 1837 si
1347 1801 1442 1837 nihil
1468 1801 1583 1846 aliud,
1610 1812 1723 1846 quam

183 1857 276 1893 duos
307 1855 377 1891 hos
403 1865 531 1890 versus
564 1853 837 1899 proposuisset,
869 1851 1191 1899 impudentissime
1222 1848 1359 1897 prioris
1391 1861 1480 1896 opes
1507 1849 1579 1884 sibi
1607 1848 1724 1885 vindi-

183 1915 288 1941 casse
313 1901 518 1938 censendus
544 1900 658 1937 foret:
685 1901 848 1938 debebat
872 1900 1018 1947 aliquid
1043 1901 1089 1936 de
1115 1910 1180 1935 suo
1207 1898 1363 1934 addere:
1390 1897 1519 1943 itaque
1539 1898 1581 1932 ut
1600 1908 1723 1933 emen-

183 1953 291 1988 daret
321 1949 476 1987 altcrius
514 1960 665 1996 poema,
703 1948 864 1986 subiecit
894 1961 928 1985 v.
956 1952 977 1984 3
1004 1950 1043 1984 et
1068 1952 1099 1983 4.
1152 1946 1201 1982 Hi
1233 1946 1374 1982 autem'
1392 1956 1518 1981 versus
1550 1944 1606 1981 ita
1638 1946 1726 1980 sunt

183 1998 410 2046 comparati,
445 1998 489 2033 ut
525 1996 629 2033 nullo
669 1999 780 2043 pacto
814 2008 880 2043 pro
905 1996 1059 2043 ‘integro
1092 1994 1366 2041 epigrammate
1398 1993 1530 2029 haberi
1560 1992 1723 2039 possint:

122 2077 126 2080 .
183 2059 271 2084 nam
302 2058 349 2083 ne
380 2045 421 2081 id
453 2045 604 2091 quidem
636 2045 806 2091 planum,
847 2045 893 2080 de
922 2045 1066 2080 Venere
1099 2053 1179 2078 esse
1211 2053 1437 2084 sermonem,
1476 2041 1652 2087 poterant
1685 2040 1725 2075 hi

186 2107 313 2132 versus
339 2093 454 2130 etiam
481 2093 526 2129 de
551 2092 692 2129 Iunone
718 2093 779 2129 vel
804 2093 974 2129 Minerva
1000 2091 1093 2136 dici,
1123 2089 1312 2137 periitque
1344 2089 1464 2125 omnis
1497 2089 1621 2134 lepor,
1653 2088 1725 2124 nisi

183 2157 218 2179 v.
247 2147 265 2178 1
293 2142 333 2179 et
357 2145 378 2177 2
412 2139 705 2187 praecesserint,
742 2142 785 2176 ut
821 2141 934 2187 plane
973 2140 1154 2186 appareat
1188 2138 1287 2174 hunc
1322 2138 1473 2184 poetam
1508 2136 1612 2183 prius
1648 2136 1724 2181 epi-

184 2201 355 2238 gramma
378 2189 567 2225 imitatum
593 2199 692 2232 esse,
717 2189 761 2224 ut
787 2188 1000 2246 corrigeret.

281 2241 340 2275 28.
391 2236 542 2272 Anthol.
569 2236 673 2272 Plan.
700 2240 786 2272 248:
814 2238 1028 2276 Πλατωνος.
1075 2232 1396 2278 Quemadmodum
1423 2232 1609 2269 Diodorus
1636 2232 1724 2268 arti-

184 2287 245 2324 fex
270 2287 420 2322 tantum
443 2283 648 2320 Stratonici
675 2284 873 2320 caelatoris
900 2294 993 2329 opus
1019 2282 1229 2319 aemulatus
1255 2292 1336 2318 esse
1361 2281 1522 2326 videtur,
1548 2281 1603 2315 ita
1629 2278 1725 2316 veri-

186 2334 308 2371 simile
339 2333 417 2377 est,
449 2332 560 2369 huius
593 2331 875 2378 epigrammatis
907 2331 1099 2367 auctorem
1130 2328 1319 2366 imitatum
1352 2340 1431 2365 esse
1458 2339 1607 2364 carmen
1632 2328 1725 2363 anti·

185 2382 312 2429 quius,
345 2391 419 2426 quo
446 2379 651 2416 Stratonici
677 2379 832 2426 Satyrus
865 2379 1051 2415 dormiens
1083 2377 1220 2414 eximia
1244 2377 1356 2413 laude
1389 2377 1607 2421 ornabatur,
1641 2375 1727 2411 vide

186 2430 284 2466 Plin.
304 2428 462 2464 XXXIII
483 2431 569 2464 156:
597 2426 711 2473 „Post
734 2427 802 2463 hos
828 2426 1038 2469 celebratus
1064 2426 1122 2462 est
1145 2424 1325 2469 Calamis,
1350 2423 1562 2470 Antipater,
1588 2424 1726 2468 quique

188 2479 362 2524 Satyrum
388 2476 428 2512 in
452 2475 584 2522 phiala
609 2476 808 2521 gravatum
835 2486 963 2512 somno
991 2471 1245 2510 conlocavisse
1271 2472 1395 2508 verius
1423 2483 1536 2517 quam
1563 2472 1726 2507 caelasse

186 2526 310 2562 dictus
349 2526 423 2566 est,
462 2524 710 2568 Stratonicus,
747 2534 835 2559 mox
866 2523 1067 2569 Cyzicenus
1100 2520 1333 2557 Tauriscus⁴‘.
1385 2518 1441 2555 ita
1476 2519 1574 2555 enim
1607 2519 1726 2554 multo

187 2573 314 2610 verius
340 2571 518 2608 exhibent
542 2572 687 2608 veteres
713 2570 912 2615 editiones,
940 2581 1054 2616 quam
1080 2580 1197 2615 nuper
1223 2567 1444 2604 adornatae:
1474 2578 1610 2602 nomen
1636 2577 1725 2612 gen—

189 2621 351 2658 tilicium
381 2620 592 2667 praecedit,
630 2619 671 2654 ut
698 2617 852 2654 XXXIV
879 2622 935 2654 50.
988 2617 1220 2653 Stratonicus
1246 2616 1372 2651 autem
1399 2613 1573 2661 Pergami
1598 2613 1727 2650 Attalo

193 2670 254 2705 vel
273 2669 438 2705 Eumene
457 2668 474 2703 Ι
498 2679 536 2703 re
566 2667 740 2703 nantibus
760 2666 864 2702 vixit.
904 2666 971 2702 Est
993 2665 1109 2712 igitur
1126 2663 1316 2700 novicium
1336 2663 1580 2709 epigramma,
1606 2673 1726 2706 neque

193 2716 324 2753 dubito
349 2715 487 2752 iuniori
512 2680 663 2751 Platoni
687 2714 864 2750 tribuere.
908 2712 1102 2749 Benndorf
1123 2712 1324 2757 Antipatro
1352 2710 1534 2753 vindicat3
1562 2710 1728 2754 quando-

193 2764 344 2810 quidem
375 2763 519 2800 Plinius
551 2763 589 2799 in
621 2773 814 2798 numerum
846 2760 1028 2797 nobilium
1061 2759 1289 2796 caelatorum
1328 2757 1443 2793 refert
1473 2757 1728 2810 Antipatrum,

193 2812 258 2858 qui
285 2811 377 2848 alibi
401 2823 473 2847 non
500 2812 746 2855 memoratur,
779 2809 849 2845 iste
881 2808 1031 2844 criticus
1063 2807 1275 2854 suspicatur
1300 2806 1339 2841 in
1364 2806 1487 2841 indice
1515 2806 1623 2840 huius
1651 2805 1727 2850 epi-

193 2858 412 2942 grammatis
439 2857 493 2900 εἰς
517 2855 693 2903 Σάτυρον
717 2854 955 2902 Ἀντιπάτρου
987 2855 1168 2902 reperisse
1195 2866 1238 2890 ac
1263 2856 1405 2890 temere
1432 2855 1566 2899 poetae
1594 2864 1727 2888 nomen

218 2919 239 2944 e
266 2906 408 2943 artifice
433 2907 718 2953 interpretatum
748 2917 844 2949 esse;
876 2905 915 2941 in
941 2905 1040 2940 hunc
1066 2913 1228 2939 errorem
1252 2901 1378 2948 potuit
1402 2901 1433 2937 is
1460 2901 1609 2937 demum
1635 2900 1726 2936 inci-

197 2955 302 3002 dere,
328 2955 392 3001 qui
411 2954 573 2991 indicem
592 2954 729 2999 solum,
756 2964 830 2989 non
856 2952 1089 2999 epigramma
1113 2949 1225 2997 legit,
1251 2949 1350 2997 quod
1374 2951 1503 2996 aperte
1522 2947 1727 2986 Diodorum
