1890 3216
677 183 1199 223 PSEUDOPHOCYLIDEA.
1652 188 1709 230 93

235 292 365 352 [μηδὲ
397 295 527 351 δίκην
560 293 766 353 δικάσῃς,
798 294 907 353 πρὶν
940 293 1075 352 ἄμφω
1108 298 1262 350 μῦθον
1295 293 1521 353 ἀκούσῃς]

233 364 315 424 τὴν
347 369 516 424 σοφίην
550 364 692 423 σοφὸς
725 366 899 423 ἰθύνει,
931 367 1092 425 τέχνην
1126 366 1168 411 δ’
1205 365 1459 426 ὁμότεχνος.

234 435 289 483 οὐ
321 447 458 496 χωρεῖ
487 437 687 495 μεγάλην
720 437 913 496 διδαχὴν
946 436 1188 491 ἀδίδακτος
1219 437 1382 497 ἀκουή·
1641 454 1708 487 465

160 523 207 556 90
233 508 289 555 οὐ
321 508 407 567 γὰρ
441 509 497 567 δὴ
531 508 710 555 νοέουσ’
747 512 794 554 oc
823 509 1035 568 μηδέποτ’
1073 510 1213 555 ἐσθλὰ
1247 510 1482 568 μαθόντες.

295 581 428 640 Μηδὲ
459 582 814 641 τραπεζοκόρους
844 582 1037 635 κόλακας
1068 589 1298 628 ποιεῖσθαι
1332 584 1553 642 ἑταίρους·
1664 597 1710 629 85

257 762 301 799 V.
328 767 373 800 87
407 762 559 799 additus
585 775 630 800 ex
655 775 729 799 uno
756 762 934 799 Brunckii
960 763 1087 799 codice
1115 764 1153 799 et
1179 764 1253 808 V43
1289 763 1377 810 πρὶν
1409 760 1526 810 ἀμφω
1553 766 1710 811 uterque

161 812 260 857 eod„
286 812 465 857 noluique
491 812 580 858 πρὶν
606 808 656 847 ἂν
678 808 826 858 ἀμφοῖν
853 811 1050 858 corrigere.
1088 811 1248 847 Versum
1275 811 1451 848 cancellis
1480 812 1596 858 sepsi,
1623 813 1709 848 Ber-

160 872 256 907 nays
275 860 477 896 delendum
498 862 643 905 censet,
669 862 796 896 tuetur
816 860 972 904 Goram,
998 859 1063 905 qni
1083 860 1228 896 mavult
1246 860 1436 896 traiicere:
1463 859 1574 906 Μηδὲ
1598 862 1708 907 δίκην

162 937 170 945 .
192 935 200 943 .
222 937 229 944 .
254 937 260 944 .
281 906 412 954 Μηδέ
438 921 546 944 ποτε
569 910 714 953 κρίνειν
736 936 743 943 .
766 936 774 944 .
797 936 805 944 .
828 936 835 943 .
862 908 949 953 Ipsa
975 908 1164 943 sententia
1189 907 1279 943 satis
1300 908 1452 954 quidem
1473 909 1710 954 conveniens,

160 956 226 993 sed
250 957 333 992 loco
359 955 482 991 minus
503 956 700 992 commodo
726 955 959 1002 interposita,
986 967 1054 991 neo
1074 956 1261 1002 traiectio,
1288 967 1401 1001 quam
1422 957 1559 993 Goram
1581 956 1709 1003 suasit,

161 1003 407 1040 admittenda.
458 1004 566 1039 Hunc
598 1015 746 1040 versum
772 1005 814 1040 ut
841 1003 1085 1040 subditicium
1111 1004 1323 1040 existimem
1349 1004 1445 1040 illud
1471 1004 1709 1050 potissimum

162 1063 223 1088 me
243 1052 502 1098 movet‚‘quod
523 1052 632 1088 buius
651 1052 840 1098 poematis
861 1053 992 1088 auctor
1010 1063 1085 1088 non
1105 1053 1202 1088 solet
1222 1052 1353 1097 alienis
1367 1052 1537 1088 versibus
1558 1064 1710 1098 operam

161 1112 265 1136 suam
297 1111 494 1146 exornare,
537 1101 625 1147 (nisi
657 1101 757 1146 quod
789 1113 821 1137 v.
849 1104 893 1135 92
929 1100 1071 1146 legitur
1102 1101 1203 1146 apud
1234 1100 1402 1146 Theogn.
1438 1105 1523 1147 113,
1562 1104 1601 1136 et
1626 1101 1711 1136 aliis

161 1148 254 1185 locis
289 1148 546 1194 antiquiorum
578 1149 776 1194 poetarum
806 1148 970 1184 imitatio
1004 1148 1313 1195 deprehenditur,
1350 1149 1456 1184 velut
1487 1162 1520 1185 v.
1551 1153 1619 1184 125
1634 1160 1710 1194 seq.

164 1200 364 1242 164—174,
385 1201 454 1232 201
470 1199 579 1242 seq.):
607 1208 693 1232 nam
721 1197 752 1232 si
778 1208 874 1242 quae
900 1198 1098 1243 praeterea
1124 1196 1276 1233 aliunde
1302 1197 1488 1232 translata
1513 1199 1610 1242 sunt,
1637 1209 1710 1233 non

160 1244 283 1281 minus
308 1247 395 1281 sunt
419 1244 624 1291 suspicioni
649 1245 821 1283 obnoxia.
866 1246 935 1303 Ejst
959 1247 1087 1281 autem
1112 1245 1173 1280 hic
1201 1256 1328 1281 versus
1351 1245 1443 1282 satis
1470 1245 1647 1291 antiquus
1674 1247 1712 1282 et

161 1293 294 1340 populi
319 1305 387 1329 usu
412 1293 540 1329 tritus=

377 1363 490 1411 Μηδὲ
518 1366 629 1411 δίκην
656 1362 831 1413 δικάσῃς,
858 1364 947 1411 πρὶν
973 1361 1119 1411 ἀμφοῖν
1146 1365 1276 1411 μῦθον
1301 1357 1478 1412 ἀκούσῃς.

163 1449 274 1484 quem
306 1449 455 1474 versum
481 1438 573 1473 olim
605 1438 718 1474 retuli
750 1438 799 1473 ad.
826 1449 1004 1484 germana
1030 1437 1246 1483 Phoeylidis
1281 1437 1447 1473 carmina
1477 1438 1632 1483 propter
1656 1437 1708 1473 10-

162 1498 247 1522 cum
279 1485 437 1523 Luciani
468 1486 514 1521 de
548 1486 738 1522 calumnia
768 1497 846 1522 non
882 1487 970 1521 tem.
1005 1486 1103 1521 cred.
1138 1497 1168 1521 c.
1202 1489 1244 1521 8:
1282 1482 1480 1532 ποιητὴν
1513 1498 1577 1532 μοι
1609 1485 1709 1521 δοκῶ

161 1531 241 1570 τὸν
274 1531 463 1581 ἄριστον
497 1531 656 1580 ἐπάγειν
688 1534 739 1582 τῷ
771 1531 870 1582 λόγῳ
904 1527 952 1574 εὖ,
984 1531 1083 1579 μάλα
1109 1533 1196 1579 περὶ
1222 1531 1366 1569 τούτων
1393 1530 1710 1592 ἀποφηνάμενον,

162 1583 303 1629 μᾶλλον
337 1580 379 1618 δὲ
412 1580 743 1628 νομοθετήσαντα·
778 1582 871 1628 φησὶ
904 1580 946 1617 δὲ
973 1580 1084 1627 Μηδὲ
1119 1582 1230 1627 δίκην
1263 1579 1423 1629 δικάσῃς
1448 1581 1536 1627 πρὶν
1563 1586 1710 1628 αμφοῖν

165 1627 295 1677 (ἄμφω
323 1629 518 1674 ADFGPQ
547 1630 689 1674 Schol.‚
722 1626 868 1676 ἀμφοῖν
894 1630 977 1676 rel.)
1012 1643 1048 1675 μ.
1076 1625 1137 1666 ἀκ.
1163 1629 1229 1665 ubi
1256 1630 1380 1666 Schol.
1409 1631 1626 1674 Φωκυλίδης
1651 1630 1708 1665 vel

163 1679 405 1724 Φωκυλίδου,
444 1677 541 1713 alius
573 1675 641 1714 τὸν
675 1679 898 1725 Φωκυλίδην
928 1674 1091 1724 ποιητήν
1124 1691 1186 1724 μοι
1219 1679 1361 1713 δοκεῖ.
1412 1679 1452 1713 at
1484 1678 1710 1713 scholiastae

161 1725 238 1772 illi,
263 1725 337 1762 nisi
355 1737 507 1773 prorsus
527 1727 668 1762 temere
690 1726 947 1772 coniecerunt,
973 1725 1388 1772 Pseudophocylideum
1416 1737 1567 1761 carmen
1587 1736 1711 1771 respe-

161 1775 257 1811 xisse
277 1774 464 1819 videntur,
490 1773 652 1820 indeque
671 1775 788 1811 etiam
807 1773 924 1811 lectio
944 1771 1061 1821 ἄμφω
1081 1774 1299 1820 repetenda,
1325 1785 1412 1809 nam
1431 1774 1496 1819 qui
1515 1776 1711 1820 praeterea

162 1822 263 1858 hune
287 1833 438 1859 versum
463 1822 544 1858 sine
564 1823 726 1859 auctoris
752 1822 811 1858 illi
829 1822 982 1868 quidem
1000 1822 1151 1859 nomine
1178 1822 1350 1866 laudant,
1376 1822 1486 1858 Plato
1506 1821 1710 1858 Demodoc.

162 1883 199 1917 p.
225 1874 296 1906 383
310 1871 362 1916 A,
396 1869 496 1907 Plut.
524 1870 571 1906 de
597 1870 710 1907 Stoic.
738 1882 893 1917 repugn.
921 1883 950 1907 e.
979 1875 1018 1916 8,
1052 1870 1136 1907 Sch.
1162 1869 1296 1906 Aesch.
1323 1870 1478 1906 Eumen.
1505 1874 1592 1915 322,
1627 1869 1711 1905 Sch.

162 1918 290 1965 Eurip.
311 1919 425 1956 Andr.
447 1922 528 1963 957,
556 1918 640 1955 Seh.
662 1919 778 1955 Thuc.
800 1920 815 1954 I
837 1923 883 1954 44
909 1918 998 1965 πρὶν
1021 1915 1181 1965 ἀμφοῖν,
1208 1920 1321 1963 atque
1347 1919 1402 1954 ita
1428 1918 1558 1953 addita
1583 1920 1710 1953 tamen

162 1966 351 2013 particula
376 1963 426 2002 ἄν
450 1966 639 2025 Aristoph.
657 1962 779 2014 ‘Vesp.
808 1972 876 2003 725
903 1968 943 2002 et
969 1967 1094 2003 Schol.
1121 1967 1190 2004 ib.:
1223 1960 1246 2013 ἦ
1273 1980 1347 2002 που
1375 1963 1494 2011 σοφὸς
1518 1960 1584 2012 ἦν,
1611 1961 1712 2006 ὅστις

165 2013 348 2061 ἔφασκεν,
373 2014 463 2062 πρὶν
489 2010 538 2051 ἀν
565 2019 712 2062 αμφοῖν
738 2015 867 2061 μῦθον
887 2012 1066 2063 ἀκούσῃς,
1092 2011 1163 2050 οὐκ
1184 2010 1232 2050 ἀν
1254 2011 1439 2059 δικάσαις,
1467 2015 1532 2050 ubi
1558 2013 1711 2059 quidem

165 2063 266 2110 quod
292 2063 407 2099 schol.
434 2062 540 2099 addit
570 2061 688 2110 ὑγιῶς
714 2063 756 2100 δὲ
783 2064 855 2099 νῦν
881 2061 923 2099 τὸ
950 2059 1096 2110 ἀμφοῖν
1122 2067 1262 2108 κεῖται,
1299 2063 1337 2098 id
1364 2062 1448 2098 fort.
1474 2062 1710 2098 referendum

165 2111 215 2147 ad
240 2110 339 2147 hanc
365 2111 486 2157 ipsam
513 2110 874 2158 Pseudophocylidis
900 2111 1103 2148 lectionem
1130 2108 1258 2157 ἄμφω.
1296 2110 1376 2146 Iam
1402 2121 1486 2145 cum
1508 2109 1636 2146 Cicero
1663 2109 1711 2145 ad

164 2159 243 2195 Att.
269 2158 340 2194 VII
367 2162 411 2194 18
438 2159 593 2196 dixerit:
631 2160 737 2206 „Ego
764 2160 864 2196 enim
891 2160 961 2196 etsi
986 2160 1082 2196 illud
1110 2156 1502 2204 Ψευδησιόδειον,
1532 2158 1586 2193 ita
1611 2158 1711 2193 enim

164 2207 338 2253 putatur,
365 2208 541 2253 observo,
567 2206 663 2254 μηδὲ
691 2209 839 2254 δίκην.“
877 2207 1085 2255 probabilis
1111 2209 1168 2243 est
1193 2207 1409 2243 coniectura
1436 2205 1711 2242 Schneidewini

165 2255 234 2300 (De
259 2254 424 2291 Pittheo.
451 2255 553 2292 Gott.
584 2257 690 2300 1842)
722 2256 771 2292 ad
797 2257 988 2302 Χείρωνος
1014 2253 1236 2302 ὑποθήκας,
1273 2267 1366 2301 quas
1399 2255 1512 2300 vulgo
1545 2253 1710 2289 Hesiodo

163 2303 398 2348 tribuebant,
436 2303 674 2340 referendum
706 2315 787 2340 esse
826 2305 924 2340 hunc
955 2316 1116 2340 versum.
1166 2304 1291 2349 Ipsam
1326 2305 1454 2339 tamen
1486 2301 1709 2338 sententiam

166 2350 233 2386 alii
259 2351 305 2387 ad
333 2351 486 2387 Pitthea
509 2352 741 2397 referebant,
768 2352 840 2389 vid.
870 2352 993 2388 Schol.
1022 2352 1148 2398 Eurip.
1172 2351 1286 2397 Hipp.
1307 2355 1393 2386 264:
1421 2347 1441 2385 ὁ
1469 2349 1510 2385 δὲ
1534 2346 1708 2394 Θεόφρα-

166 2411 266 2445 στος,
300 2395 349 2440 ὦς
374 2397 420 2435 τά
447 2399 624 2446 Σισύφου
649 2397 836 2447 λεγόμενα
862 2400 928 2436 καὶ
953 2399 1148 2445 Πιτθέως,
1182 2397 1264 2435 οἷον
1290 2397 1427 2444 Μηδὲν
1453 2396 1570 2443 ἄγαν,
1596 2396 1708 2443 Μηδὲ

113 2490 117 2495 ἡ
167 2447 279 2493 δίκην
305 2445 473 2495 δικάσῃς.
519 2448 689 2495 Denique
715 2449 855 2495 legitur
879 2459 1007 2485 versus
1032 2447 1071 2484 in
1096 2447 1273 2485 Proverb.
1301 2447 1341 2483 T.
1370 2447 1402 2481 II
1431 2450 1497 2482 759
1525 2446 1580 2481 ed.
1609 2445 1709 2481 Gott.

167 2496 408 2541 Δημοκρίτου
439 2493 621 2543 ὑποθήκη
656 2496 839 2543 (Apostol.
866 2497 936 2532 XII
963 2501 1007 2533 89
1041 2497 1174 2542 vulgo,
1212 2496 1250 2530 in
1283 2495 1341 2530 ed.
1367 2494 1559 2530 Leutschii
1591 2493 1710 2538 deest)

166 2543 324 2579 fortasse
351 2544 451 2588 quod
476 2544 713 2581 Democritus
739 2545 880 2581 alieubi
906 2545 978 2581 hoc
1003 2555 1113 2581 versu
1137 2556 1225 2579 usus
1251 2544 1315 2579 est.
1337 2564 1381 2569 —
1408 2542 1452 2579 V.
1474 2546 1529 2578 88.
1557 2542 1709 2594 σοφίην,

165 2590 225 2626 Va
250 2593 402 2636 σοφίαν.
435 2613 480 2619 -
520 2590 668 2638 ὐθύνει,
699 2592 828 2629 MVaB
863 2592 986 2628 Schol.
1020 2592 1173 2628 Lucian.
1201 2591 1244 2627 T..
1270 2591 1320 2627 IV
1347 2595 1415 2626 226
1455 2590 1512 2625 ed.
1546 2589 1709 2624 Iacobitz

167 2634 339 2676 εὐθύνει.
372 2661 419 2666 -
455 2639 609 2687 τέχνην,
642 2639 776 2687 τέχνας
808 2641 989 2677 MVaV12
1022 2636 1145 2677 Schol.
1172 2640 1261 2675 Luc.
1295 2660 1338 2664 —
1378 2639 1421 2674 V.
1449 2642 1509 2691 89..
1544 2634 1709 2690 μεγάλην

167 2686 360 2733 displicet,
386 2690 502 2734 poeta
525 2689 676 2725 videtur
702 2685 930 2734 στεγανὴν
957 2686 1118 2734 διδαχὴν
1143 2688 1168 2723 i.
1189 2700 1219 2723 e.
1247 2688 1413 2732 κρυφίαν
1440 2695 1641 2730 scripsisse.
1665 2704 1708 2709 —

167 2730 290 2781 ἀκουὴ
317 2736 429 2782 Μ(Ρ),
455 2733 553 2783 ἀκοὴ
573 2736 642 2783 Vl,
670 2733 835 2773 ἀκοῦσαι
859 2736 900 2782 Β,
927 2733 1062 2772 ἀκούει
1087 2735 1132 2781 Η,
1160 2735 1225 2771 sed
1252 2734 1309 2770 Va
1333 2735 1376 2769 ut
1399 2733 1513 2777 vulgo
1539 2728 1708 2790 ἀκοτξειν.

169 2803 213 2808 ·—
246 2783 290 2819 V.
317 2787 363 2819 90
394 2783 546 2821 initium
571 2784 624 2821 sio
650 2785 803 2821 exhibet
827 2784 856 2819 P
889 2781 935 2820 οὔ
962 2797 1052 2820 ποτε
1079 2781 1152 2830 γάρ
1186 2779 1340 2818 κλύουσ’
1370 2779 1421 2826 οἵ,
1453 2781 1491 2815 in
1518 2792 1565 2815 m.
1590 2792 1639 2814 ου
1666 2778 1707 2814 δὲ

167 2828 240 2877 γὰρ
266 2828 420 2867 νοέουσ’
450 2831 503 2875 οἱ,
531 2832 688 2869 fortasse
714 2833 788 2869 fuit
814 2828 953 2869 οὐδὲν
978 2830 1050 2878 γὰρ
1076 2827 1240 2868 νοέουσ’.
1262 2850 1307 2856 -
1332 2824 1497 2872 νοέουσ’,
1523 2826 1561 2861 Μ
1580 2825 1709 2862 νοέου-

169 2890 239 2916 σιν.
273 2900 318 2906 —-
357 2877 554 2926 μηδέποτ’,
592 2881 649 2918 Vl
677 2877 830 2927 μήποτ’,
869 2879 997 2916 malim
1030 2878 1184 2926 μηδέπω
1212 2878 1272 2913 vel
1298 2875 1459 2923 μηδέπη.
1498 2896 1540 2902 ——
1580 2875 1624 2910 V.
1652 2879 1709 2910 91.

168 2924 469 2974 τραπεζοκόρους
493 2929 608 2975 vulgo
635 2929 751 2975 (MP),
789 2925 1115 2985 τραπεζοκούςους
1139 2927 1213 2971 Al,
1251 2920 1559 2982 τραπεζοφόρους
1584 2922 1709 2982 }}V14,

169 2972 467 3020 τραπεζοκότους
491 2976 536 3013 Η.
564 2979 610 3004 -“
636 2974 814 3023 κόλακας,
841 2976 969 3013 TV2H
994 2988 1172 3022 κορακας.
1200 2995 1242 2999 -
1275 2970 1457 3019 ἑταίρους,
1484 2971 1512 3007 Ρ
1540 2984 1707 3019 εταρους.
