1890 3216
193 151 279 194 294
734 151 926 188 ΡΟΕΤΑΕ
954 151 1190 200 ELEGLACL

192 264 307 304 Phot.
346 264 449 304 Bibl.
485 267 580 303 171.
618 267 637 302 1
681 263 1158 318 refert-Ayatharchiden
1196 264 1239 302 in
1279 264 1479 314 epitomen
1519 265 1723 316 redegisse

194 329 422 368 Antimachi
453 329 609 379 Lyden,
644 328 744 366 nihil
776 340 848 366 nos
880 328 993 368 iuvat
1023 329 1065 367 in
1096 329 1383 379 amplificandis
1416 330 1601 369 carminis
1633 330 1723 370 reli-

193 394 317 443 quiis,
366 395 578 444 nescioque
622 407 673 432 an
715 393 974 443 paraphrasis
1018 394 1152 444 potius
1202 407 1321 444 quam
1372 395 1544 445 epitome
1589 396 1723 435 fuerit.

194 459 350 497 Hecker
382 472 475 499 vero
509 454 696 510 ἐπιτομὴν
732 460 800 509 τῆς
827 454 1076 510 Ἀντιμάχου.
1099 455 1212 510 ὕλης
1249 460 1464 511 legendum
1496 460 1635 510 edixit,
1677 464 1723 500 ut

193 524 454 563 Antimachus
487 525 702 564 historicus
734 524 1020 574 intelligendus
1051 525 1122 575 sit,
1154 526 1219 564 vel
1243 526 1311 576 τῆς
1337 522 1590 578 Καλλιμάχου
1615 522 1723 578 ὕλης.

197 611 242 616 --
288 590 570 628 Antimachi
607 603 750 629 nomen
788 590 948 628 videtur
986 589 1264 629 oblitteratum
1303 591 1407 640 apud
1447 590 1723 629 Philodamum

192 653 278 705 περὶ
311 651 437 706 εὖσεβ.
471 669 507 704 p.
539 657 589 694 13
624 656 683 694 ed.
711 655 923 705 Gomperz:

811 721 889 756 Olc
916 721 1083 755 ΝΑΥΤΙΝ

811 774 898 809 ΝΕΞ
924 775 1087 809 ΑΛΛΟΟΝ

762 828 910 863 ΦΙΛΕΙΝ
942 829 1060 863 ΜΑΚΑ

812 882 969 917 ΜΑΧΟΟ

192 957 237 983 ac
269 945 310 982 ni
341 945 460 984 fallor
493 945 659 995 elegiaci
690 948 834 996 poetae
865 958 1006 986 versus
1038 947 1257 997 praecedit:

407 1052 416 1061 .
443 1051 451 1059 .
479 1016 566 1075 (ὢν
598 1020 637 1069 ἐξ
669 1018 798 1061 ἄλλων
831 1019 965 1077 (φασὶ)
999 1025 1128 1074 φιλεῖν
1160 1018 1387 1077 μάκα(ρας.)

193 1099 364 1137 fortasse
395 1099 523 1149 ipsius
551 1099 795 1149 Antimachi,
829 1113 947 1150 quem
977 1101 1232 1140 Philodemus
1264 1102 1396 1151 potuit
1427 1115 1522 1142 suae
1555 1102 1727 1142 orationi
1757 1127 1762 1132 -

193 1165 370 1203 inserere
402 1165 459 1203 ita
491 1167 537 1204 ut
570 1163 667 1216 φησὶ
698 1178 769 1216 pro
803 1164 901 1216 φασὶ
933 1167 1209 1207 substitueret.

758 1274 1155 1308 EHIPPAMMA

930 1348 995 1390 17.

413 1431 527 1470 Τίπτε
559 1427 700 1482 μόθων
731 1428 909 1483 ἅτλατος,
941 1431 1139 1474 ἕνυαλίοιο
1171 1432 1369 1489 λέλογχας,

482 1493 635 1548 Κύπρις
667 1497 722 1545 τίς
754 1493 775 1538 ὁ
807 1494 981 1549 ψεύστας
1013 1495 1158 1553 στυγνὰ
1190 1498 1356 1552 καθᾶψε
1388 1498 1514 1553 μάταν

409 1560 536 1617 έ’ντεα;
569 1560 631 1601 σοὶ
662 1558 736 1614 γὰρ
768 1561 903 1615 ἔρωτες
935 1562 1132 1617 ἐφίμεροι,
1164 1562 1190 1606 ὃὲ
1221 1558 1374 1606 vexa?
1410 1563 1532 1606 εὐνάν

479 1625 632 1679 τέρψις,
666 1626 733 1666 καὶ
763 1625 963 1680 κροτάλων
994 1633 1238 1682 θηλυμανεῖς
1269 1628 1412 1684 ὅτοβοι.

363 1700 382 1732 5
411 1688 583 1744 δούρατα
616 1688 653 1731 δ’
689 1690 921 1744 αἱματόεντα
952 1691 1074 1747 πάρες
1108 1697 1316 1748 Τριτωνίδι
1348 1697 1414 1750 δίᾳ

479 1760 617 1797 ταῦτα·
649 1755 697 1798 σὺ
731 1755 767 1798 δ’
803 1755 984 1812 εὖχαίταν
1015 1761 1070 1809 εἰς
1095 1757 1301 1813 (Υμέναιον
1332 1762 1402 1802 ἴθι.

289 1873 541 1918 Epigramma.
592 1872 744 1908 Anthol.
772 1873 850 1908 Pal.
877 1872 928 1907 IX
955 1877 1042 1908 321:
1071 1874 1102 1909 A
1125 1871 1341 1921 Ἀντιμάχου
1367 1887 1458 1912 corr.
1486 1876 1540 1918 εἰς
1562 1873 1727 1923 Ἀφροδί-

195 1933 261 1966 την
283 1917 585 1973 ὁπλοφορουσαν.
610 1919 824 1975 ‘Ruhnkem
852 1921 911 1956 cui
931 1931 1101 1957 assensus
1122 1924 1179 1958 est
1198 1922 1312 1968 Stoll,
1339 1923 1561 1961 Callimacho
1585 1926 1728 1969 tribuit,

195 1967 932 2057 31}ssss{Qaffitnsssssfhsseciffivissffississssss
965 1969 1591 2064 gffissssvafssffi‘tufiossnpssfflt'fflaa
1608 1984 1729 2056 1355}ss

196 2062 322 2098 machi
346 2062 497 2108 ingenio
523 2073 672 2108 prorsus
698 2063 915 2108 abhorrere,
940 2075 1010 2099 nec
1034 2066 1162 2100 tamen
1181 2066 1446 2102 Antimachum
1472 2067 1730 2104 huiuscemodi

195 2110 428 2156 epigramma
455 2110 658 2146 confecisse
683 2111 902 2146 verisimile:
930 2114 987 2146 est
1011 2112 1112 2147 haud
1137 2113 1249 2149 dubie
1275 2113 1431 2149 iunioris
1458 2115 1616 2151 alicuius
1640 2126 1728 2161 poe-

194 2160 272 2202 tae,
299 2158 502 2204 Antipatro
527 2157 775 2202 probabiliter
794 2158 929 2194 tribuit
946 2159 1146 2196 Benndorf.
1163 2181 1208 2186 —
1233 2161 1277 2196 V.
1295 2166 1324 2196 1.
1346 2159 1502 2203 ἅτλατος
1522 2163 1561 2198 Ο.
1578 2162 1728 2199 Schnei-

195 2206 278 2251 der,
303 2206 500 2251 legebatur
524 2203 691 2250 ἄτλητος.
714 2227 756 2231 -
785 2203 974 2242 ἐνυαλίοιο
1001 2207 1080 2243 cod.
1101 2207 1178 2244 Pal.
1207 2209 1334 2255 (vulgo
1351 2206 1590 2256 Ἐνυαλίοιο),
1616 2211 1728 2256 atque

194 2253 249 2288 ita
281 2253 468 2296 Meineke,
506 2252 673 2298 gladium
705 2253 990 2299 interpretatus,
1030 2255 1094 2290 sed
1127 2257 1184 2291 est
1215 2257 1339 2302 potius
1370 2259 1494 2301 hasta,
1532 2257 1618 2293 hinc
1644 2270 1679 2294 v.
1706 2262 1726 2294 5

195 2298 362 2346 δούρατα
389 2298 620 2346 αἷματόεντα
648 2300 708 2346 (cf.
731 2300 845 2336 etiam
870 2302 1038 2338 tabulam
1061 2303 1202 2348 pictam
1226 2303 1265 2339 in
1290 2304 1385 2341 Mus.
1405 2304 1563 2341 Borbon.
1585 2305 1671 2340 VIII
1691 2307 1727 2350 6)

194 2349 254 2384 vel
281 2348 431 2383 omnino
457 2349 593 2384 Martia
619 2360 739 2394 arma,
766 2348 789 2384 i.
811 2360 840 2384 e.
867 2353 1009 2385 scutum
1034 2355 1067 2386 et
1091 2351 1207 2387 hasta.
1246 2354 1402 2388 Armata
1426 2353 1552 2388 Venus
1583 2349 1729 2399 (Ἀρεία)

194 2395 332 2441 passim
357 2395 395 2430 in
422 2395 518 2431 fanis
549 2407 769 2441 graecorum
801 2396 972 2441 visitata,
1003 2398 1107 2433 velut
1133 2398 1307 2444 Spartae,
1335 2398 1521 2443 Corinthi3
1551 2400 1623 2436 hoc
1647 2400 1727 2445 epi-

194 2455 364 2488 gramma
388 2441 536 2479 videtur
561 2444 795 2479 referendum
827 2456 905 2480 esse
941 2445 989 2480 ad
1019 2445 1144 2481 nobile
1176 2446 1328 2491 aliquod
1360 2447 1450 2483 artis
1483 2458 1592 2493 opus,
1625 2449 1729 2483 cuius

195 2491 325 2526 auctor
343 2491 549 2536 ignoratur,
570 2492 884 2537 quemadmodum
905 2492 1019 2527 etiam
1039 2493 1264 2538 Apollonius
1283 2493 1370 2540 Arg.
1393 2496 1406 2530 1
1429 2498 1495 2531 742
1511 2507 1586 2539 seq.
1614 2495 1728 2530 aliam

195 2538 348 2574 Veneris
382 2541 548 2574 armatae
587 2539 748 2584 speciem
786 2540 959 2585 respexit.
1010 2540 1115 2576 Adde
1141 2540 1293 2576 Anthol.
1321 2542 1422 2578 Plan.
1450 2542 1501 2577 IV
1529 2545 1726 2579 171—177.

197 2607 238 2611 —-
267 2586 309 2622 V.
338 2590 369 2622 2.
403 2583 584 2631 ψεύστας,
618 2586 659 2624 Ο.
687 2586 890 2622 Schneider
914 2586 1062 2631 ψεύσας
1088 2588 1251 2633 scripsit,
1282 2600 1356 2624 non
1381 2592 1492 2625 recte.
1527 2610 1570 2615 —-
1604 2587 1727 2636 μάταν

195 2633 311 2679 Plan„
337 2631 458 2679 μάτην
486 2635 565 2669 cod.
592 2635 669 2670 Pal.
691 2634 833 2670 Deinde
859 2634 1137 2671 distinctionem
1163 2633 1303 2681 μάτην;
1332 2635 1442 2672 ἔντεα
1468 2636 1526 2672 σοὶ
1551 2634 1621 2683 γὰρ
1649 2648 1727 2672 cor-

197 2681 293 2716 rexit
318 2681 461 2717 Iacobs.
492 2703 531 2706 -
563 2682 604 2718 V.
632 2686 663 2717 3.
692 2678 716 2717 52
742 2695 780 2717 τε
809 2678 848 2727 (ἅ
874 2695 964 2718 τεκα
990 2681 1143 2727 τευνάν)
1171 2712 1179 2720 .
1201 2712 1208 2719 .
1231 2711 1238 2718 .
1264 2684 1395 2729 τέρψις
1420 2685 1499 2720 cod.
1525 2683 1618 2728 Pal.‚
1645 2686 1725 2720 αἵτε

197 2757 204 2764 .
232 2757 239 2764 .
269 2756 275 2762 .
302 2727 454 2773 τέρψεις
479 2728 587 2764 Plan.'
615 2750 659 2755 —-
696 2730 739 2766 V.
767 2734 798 2765 5.
832 2727 950 2775 πάρες
975 2730 1162 2775 Meineke,
1195 2729 1313 2775 μέθες
1336 2731 1460 2775 Plan,
1493 2729 1615 2773 κάθες
1646 2733 1726 2768 cod.

195 2775 292 2819 Pal.‚
332 2777 395 2821 qui
425 2778 621 2821 praeterea
651 2789 673 2813 a
704 2789 759 2823 pr.
791 2789 838 2813 m.
872 2779 1023 2821 τρωνιδι
1054 2779 1135 2813 ὃιάι
1166 2778 1328 2814 exhibet.
1367 2799 1411 2805 —
1448 2777 1491 2815 V.
1527 2784 1557 2815 6.
1596 2780 1727 2825 ταῦτα,

196 2822 368 2859 Meineke
395 2822 527 2869 πότνμ.
555 2825 636 2860 cod.
663 2826 740 2861 Pal.
768 2824 903 2860 ταῦτα·
931 2821 967 2860 δ’
997 2825 1109 2872 δρᾶ-δ
1134 2837 1290 2862 erasum.
1319 2847 1362 2852 —
1396 2823 1575 2872 εὐχαίταν
1601 2827 1725 2872 vulgo,

198 2871 277 2905 cod.
305 2870 383 2906 Pal.
411 2868 562 2917 εὔχεται
587 2869 648 2908 ἄν.
