1890 3216
205 177 292 220 498
795 175 1147 212 IAMBOGRAPHI.

207 290 403 340 Exempla
427 290 535 330 vocis
561 289 638 339 λίς,
671 302 771 339 quae
792 288 1090 328 Choeroboscus
1110 288 1130 327 I
1153 290 1234 327 182
1261 283 1403 342 (Bekk.
1425 289 1499 328 An.
1518 289 1581 328 III
1604 283 1738 342 1194)
1755 296 1823 330 ’183

207 356 341 404 affert,
367 355 635 405 Euphorionis
662 357 703 393 et
729 354 975 393 Callimachi
990 356 1101 404 sunt,
1133 355 1182 393 of.
1202 354 1384 394 Meineke
1405 356 1456 394 ad
1476 355 1651 405 Euphor.
1673 356 1740 394 63.

206 422 254 459 In
285 421 551 471 Euphorionis
582 433 702 460 versu
734 420 948 471 legendum
981 414 1042 459 οἷ’
1078 415 1317 460 ἕπνθύουσιν
1347 418 1490 472 βουσὶν
1521 420 1610 468 λίες.

854 517 1090 572 125.[99]

326 607 389 645 Et.
424 607 475 646 M.
510 603 612 655 572,
643 607 714 645 19:
746 599 925 656 Λύχνος·
957 600 1181 656 ἀρσενικῶς.
1213 601 1360 658 λέγεται
1390 602 1456 644 καὶ
1486 600 1531 644 τὲ
1566 601 1742 657 λύχνον

208 668 415 724 οὐδέτερον
447 666 500 719 ὡς
530 666 638 723 παρὰ
663 665 913 710 Ἱππώνακτι.

854 761 1091 815 126.[96]

326 851 516 902 Hesych.:
561 845 930 902 Μαυλιστήριον
972 843 1066 900 παρ’
1101 843 1342 889 Ἱππώνακτι
1380 845 1539 890 Λύδιον
1578 846 1743 901 λε’μισμα

205 912 396 971 (νόμισμα
427 911 653 970 corrigunt)
685 912 825 956 λεπτόν
855 931 902 957 τι.

856 1006 1090 1062 127.[85]

326 1097 439 1136 Eust.
462 1095 535 1138 Od.
559 1098 683 1146 1837,
705 1098 780 1136 42:
806 1091 918 1135 Κατὰ
945 1091 988 1134 δὲ
1005 1088 1256 1133 Ἱππώνακτα
1280 1091 1346 1134 καὶ
1372 1089 1393 1134 ὁ
1417 1093 1742 1148 μεσσηγυδορ-

206 1160 435 1215 ποχέστης
465 1158 592 1215 ἤγουν
618 1157 663 1210 ὃς
689 1163 900 1214 μεσοῦντος
926 1160 1090 1203 δείπνου
1115 1156 1303 1208 πολλάκις
1327 1155 1525 1201 ἆποπατεῖ
1544 1156 1596 1209 ὡς
1620 1156 1741 1200 πάλιν

207 1228 504 1280 ἐμπίμπλασθαι
530 1224 597 1282 (ex
617 1227 805 1267 Suetonio
831 1225 918 1279 περὶ
940 1227 1214 1279 βλασφημιῶν,
1239 1226 1317 1266 vid.
1337 1227 1471 1266 Miller
1489 1227 1599 1267 Misc.
1620 1222 1742 1280 425).

207 1296 366 1334 Renner
395 1294 660 1345 probabiliter
685 1292 870 1347 μεσηγυδ.
901 1305 974 1344 per
1005 1292 1225 1343 simplicem
1257 1292 1486 1332 sibilantem
1517 1292 1688 1343 scripsit.

926 1386 1022 1429 128.

326 1473 428 1513 Poll.
461 1473 501 1512 II
535 1474 637 1512 189:
680 1468 802 1524 μύλη,
840 1467 938 1511 κατὰ
970 1469 1014 1511 δὲ
1038 1466 1304 1524 Ἱπποκράτην
1336 1469 1532 1523 ἐπιμυλίς,
1569 1465 1667 1510 κατὰ
1698 1467 1742 1510 δὲ

203 1534 453 1578 Ἱππώνακτα
485 1538 716 1591 μυλακρίς
753 1533 803 1592 (C
836 1532 1056 1591 μύλαυρις).
1118 1538 1223 1577 Nam
1254 1538 1392 1588 poeta,
1432 1549 1512 1576 non
1541 1549 1740 1587 gramma-

208 1605 310 1644 ticus
341 1606 501 1645 videtur
532 1605 596 1644 hic
627 1604 915 1655 intelligendus
948 1617 1044 1643 esse.

842 1696 1111 1750 129.[101]

327 1785 470 1823 Pollux
495 1783 552 1822 IV
580 1786 652 1823 79:
691 1779 744 1823 Τὸ
778 1780 821 1822 δὲ
853 1783 1084 1834 νηνίατον
1114 1781 1193 1822 ἔστι
1224 1779 1295 1834 μὲν
1323 1777 1519 1834 Φρύγιον,
1544 1776 1743 1828 Ἱππῶναξ

210 1845 250 1887 δ’
286 1844 408 1888 αὐτοῦ
441 1843 687 1900 μνημονεύει.

724 1939 1239 1993 130.131.[78.1o5.]⁴

330 2027 457 2066 Tzetz.
490 2026 552 2065 ad.
584 2026 631 2065 Il.
664 2039 702 2076 p.
737 2028 804 2076 79,
838 2028 911 2065 20:
962 2022 1108 2077 Κνήμη
1141 2022 1184 2064 δὲ
1216 2024 1363 2077 εἴρηται
1394 2019 1481 2064 οἷον
1510 2018 1657 2074 κινήμη
1687 2037 1744 2070 τις

212 2085 312 2132 οὗσα
334 2123 341 2131 .
364 2123 370 2130 .
394 2123 402 2132 ,
422 2088 521 2131 ὅθεν
551 2088 618 2130 καὶ
642 2085 840 2139 Ἱππῶναξ
871 2092 1263 2147 παρεκνημοῦντο
1296 2088 1420 2142 φησὶν
1450 2085 1536 2128 ἀντὶ
1561 2090 1630 2128 τοῦ
1656 2086 1744 2127 ἕπο-

211 2154 383 2210 ρεύοντο.
428 2157 486 2196 Cf.
509 2157 699 2207 Hesych.:
733 2158 1119 2210 παρεκναμενοῦντο·
1146 2151 1506 2207 παρεπιπορεύοντο
1533 2149 1744 2204 ἐπιπόνως,

210 2223 281 2262 ubi
313 2222 359 2262 Gr.
393 2223 564 2261 Dindorf
590 2223 922 2274 παρεκνημεῦντο.
979 2222 1151 2272 Hesych.
1182 2222 1393 2271 praeterea
1423 2213 1743 2269 Διεκνημῶσατο·

211 2286 427 2341 διέφθειρε,
455 2289 524 2327 ubi
545 2287 791 2339 διεφθείρετο
811 2287 1035 2338 legendum,
1064 2287 1111 2326 cf.
1132 2287 1185 2326 ib.
1206 2285 1465 2338 ἕκνημοῦντο·
1497 2281 1743 2334 ἐφθείροντο.

211 2377 266 2383 --
299 2355 425 2394 Tzetz.
453 2354 502 2392 ad
528 2354 726 2404 Lycophr.
751 2367 787 2393 v.
818 2355 949 2392 1162:
981 2348 1024 2391 τὸ
1056 2349 1100 2390 δὲ
1131 2349 1434 2403 παπταλωμέναι
1465 2344 1576 2402 ἀδείᾳ
1608 2349 1744 2387 Λυκο-

211 2420 378 2475 φρονείᾳ
410 2417 572 2471 ἐλέχθη·
597 2413 866 2465 Ἱππώνακτος
895 2414 970 2471 γάρ
1001 2415 1104 2457 ἐστιν
1134 2413 1159 2469 ἡ
1192 2415 1291 2464 λέξις
1321 2414 1388 2455 καὶ
1419 2415 1539 2466 δηλοῖ
1562 2408 1605 2452 τὸ
1636 2426 1744 2465 περι-

211 2484 446 2538 βλέπουσαι”
479 2479 562 2523 ἀλλ’
598 2482 746 2531 ἐκεῖνος
776 2470 1091 2535 παμφαλῆσαι
1121 2479 1164 2522 τό
1196 2482 1297 2521 ἰδεῖν
1327 2479 1437 2534 λέγει.
1499 2480 1565 2518 Ad
1595 2479 1744 2530 Hippo-

210 2553 337 2591 nactis
369 2553 501 2591 locum
531 2551 624 2590 fort.
655 2550 832 2600 pertinet
856 2549 1049 2600 Hesychii
1080 2550 1233 2599 glossa:
1259 2542 1588 2598 Ἐπαμφοῖδησεν·
1620 2540 1743 2583 ἐθαύ-

212 2628 353 2667 μασεν,
396 2613 697 2667 περιεβλέψατο,
742 2627 842 2654 corr.
884 2609 1236 2666 ἐπαμφᾶλησεν.
1292 2611 1406 2650 Adde
1451 2610 1579 2650 Schol.
1610 2609 1741 2659 Apoll.

211 2682 341 2721 Rhod.
363 2681 405 2719 II
428 2682 530 2720 127:
563 2682 781 2731 παμφαλᾶν
811 2675 886 2732 γὰρ
916 2674 958 2719 τὸ
991 2673 1083 2730 μετὰ
1114 2673 1328 2727 πτοιήσεως
1359 2674 1425 2715 καὶ
1449 2673 1742 2725 ἐνθουσιασμοῦ

213 2744 452 2799 ἐπιβλέπειν·
483 2743 664 2797 κέχρηται
696 2742 738 2784 δὲ
768 2746 815 2798 τῇ
846 2742 944 2792 λέξει
974 2741 1041 2783 καὶ
1065 2738 1265 2788 Ἱππῶναξ
1295 2739 1362 2780 καὶ
1388 2737 1624 2792 Ἀνακρέων.

861 2848 956 2890 132.
990 2847 1095 2900 [88.]

331 2935 448 2974 Phot.
475 2935 574 2986 493,
603 2936 676 2973 17:
702 2929 892 2985 Ῥυφεῖν
921 2929 964 2973 τὸ
996 2932 1137 2986 ῥοφεῖν
1157 2928 1302 2979 Ἴωνες.
1335 2923 1461 2978 οὕτως
1484 2924 1693 2976 Ἱππῶναξ.
