1890 3216
188 159 190 168 2
208 135 295 178 416
797 138 1147 195 IAMBOGRAFHI.

898 250 922 274 ²¹⁶
958 247 1053 292 108.
1103 287 1107 291 .
1675 261 1744 294 714

280 326 373 370 Ναὶ
405 326 480 370 ναὶ
513 325 571 383 μὰ
607 326 813 383 μήκωνος
844 306 994 385 χλόην.

842 448 926 490 109
973 449 1111 503 [104]

274 526 349 580 Ὡς
382 529 422 572 δ’
458 527 517 572 ἄν
550 541 599 572 σε
630 528 750 586 θωϊὴ
783 529 925 585 λάβοι.

847 651 943 693 110.
978 651 1114 704 [105]

281 730 361 788 Μή
392 747 469 774 τευ
500 730 790 788 μελαμπύγου
820 732 965 791 τύχῃς.

845 853 1110 906 111.[103]

268 932 471 990 ’Έμπλην
504 934 614 990 ἐμοῦ
645 950 691 977 τε
722 934 795 978 καὶ
829 937 980 990 φίλου.

934 1056 1027 1098 112.

279 1139 424 1188 Λείως
455 1133 539 1193 γὰρ
573 1133 709 1180 οὐδὲν
743 1136 974 1194 ἐφρόνεον.

301 1278 359 1313 Fr
389 1282 467 1313 108.
514 1278 664 1314 Suidas·
692 1279 755 1314 ναὶ
781 1279 846 1315 ναὶ
871 1277 923 1326 μά
949 1294 985 1326 μ.
1006 1284 1057 1326 χλ.
1086 1277 1197 1325 ὅρκος
1224 1277 1285 1315 ἐπὶ
1316 1281 1522 1341 χλευασμῷ,
1547 1280 1677 1317 idem‘
1666 1292 1743 1317 iam

209 1337 321 1386 supra,
346 1323 397 1370 μὰ
425 1323 597 1371 μήκωνος
622 1324 754 1371 χλόην
788 1327 852 1362 ναὶ
877 1327 942 1363 ναὶ
967 1343 1004 1374 μ.
1030 1342 1065 1374 μ.
1093 1331 1144 1374 χλ.
1172 1328 1252 1373 (ubi
1276 1328 1341 1363 ναὶ
1366 1328 1428 1363 ναὶ
1454 1317 1602 1374 A‘BVE‚
1627 1327 1743 1375 vulgo

207 1374 270 1409 καὶ
296 1373 385 1419 ναι).
437 1373 575 1408 Verum
602 1374 801 1409 dimetrum
827 1387 907 1411 esse
934 1378 1110 1422 appar,0t
1147 1387 1219 1420 quo
1252 1387 1386 1422 genere
1419 1376 1529 1411 metri
1563 1388 1647 1411 cum
1674 1378 1742 1411 Ar-

208 1421 400 1457 chilochus
421 1420 659 1466 potissimum
680 1423 719 1457 et
737 1421 932 1459 Anacreon
958 1424 1016 1459 usi
1043 1424 1129 1467 sint,
1155 1423 1212 1458 illi
1239 1423 1445 1459 attribuere
1468 1423 1597 1459 malui.
1635 1422 1742 1459 Eius—

206 1469 309 1504 modi
346 1469 425 1504 iure
468 1469 624 1504 iurando
660 1469 766 1505 Iones
805 1482 889 1506 usos
930 1481 1008 1506 esse
1047 1472 1208 1507 testatur
1246 1471 1378 1506 Athen.
1411 1471 1463 1506 IX
1494 1475 1565 1527 370
1591 1471 1638 1515 B,
1676 1471 1742 1506 ubi

206 1518 409 1576 postquam
437 1516 532 1551 dixit
566 1514 706 1562 μήποτε
741 1516 782 1552 δὲ
811 1515 830 1552 ὁ
866 1520 1084 1563 Νίκανδρος
1116 1515 1250 1575 μάντιν
1274 1517 1445 1578 κέκληκε
1476 1516 1544 1562 τὴν
1553 1499 1744 1577 κράμβην

207 1561 313 1620 ἱερὰν
341 1557 471 1620 οὖσαν,
498 1564 746 1621 Hipponactis
771 1577 897 1601 versus
922 1566 1121 1612 adscripsit
1146 1562 1166 1602 6
1195 1563 1232 1601 δ’
1268 1563 1474 1609 ἐξολισθὼν
1501 1564 1646 1602 ἱκέτευε
1672 1565 1742 1612 τὴν

206 1609 378 1659 κράμβην
405 1608 472 1657 τὴν
500 1607 756 1667 ἑπτάφυλλον,
782 1615 862 1648 tum
888 1614 995 1649 addit
1021 1626 1064 1649 ex
1091 1613 1247 1657 Ananio,
1274 1612 1511 1670 Epicharmo,
1539 1613 1743 1670 Teleclide,

206 1659 403 1717 Eupolide
424 1659 488 1694 ναὶ
522 1656 573 1705 μὰ
610 1657 677 1705 τὴν
715 1657 888 1709 κράμβην
925 1662 987 1697 vel
1012 1659 1079 1702 τὰς
1118 1659 1303 1709 κραμβάςε
1344 1658 1470 1697 ἐδόκει
1509 1659 1552 1696 δέ
1581 1642 1744 1702 Ἰωνικὸς

207 1711 307 1742 εἰναι
334 1703 353 1742 ὁ
381 1702 503 1752 όρκος.

300 1778 358 1815 Fr.
388 1781 465 1814 109
516 1778 575 1813 Et.
607 1778 656 1813 M.
689 1783 752 1822 26,
786 1783 847 1815 23:
879 1777 1002 1837 ew).
1053 1809 1060 1816 .
1097 1779 1174 1838 ἔχει
1207 1778 1248 1815 δὲ
1285 1777 1326 1814 τὸ
1359 1794 1371 1814 ι
1405 1777 1447 1815 ἐκ
1475 1777 1742 1826 παραδόσεως,
1778 1783 1782 1786 ”

207 1823 339 1871 ἐπειδὴ
380 1821 535 1871 εὕρηται
571 1823 707 1871 θωϊή,
746 1824 795 1867 ὡς
832 1827 923 1872 παρ’
968 1824 1217 1875 Ἀρχιλόχῳ·
1258 1824 1324 1867 Ως
1368 1825 1406 1861 δ’
1451 1829 1524 1862 κτλ.
1584 1827 1638 1863 Of.
1669 1827 1741 1862 Fa.-

205 1873 322 1910 vorin
356 1877 411 1908 82.
462 1872 586 1918 Atque
618 1873 674 1908 ita
711 1874 749 1908 in
787 1874 899 1910 titulo
932 1875 1087 1920 antiquo
1120 1864 1295 1910 Locrensi
1329 1875 1561 1910 ΘΟΙΕΣΤΟ
1590 1874 1741 1920 legitur,

204 1921 296 1956 item
326 1921 580 1965 trisyllabum,
616 1923 658 1956 ut
689 1921 851 1957 videtur·
884 1924 1048 1958 exercuit
1078 1922 1214 1957 mirum
1239 1922 1279 1957 ιιι
1304 1922 1457 1957 modum
1489 1924 1636 1958 nostros
1661 1933 1741 1958 ma-

206 1969 342 2014 gistros
366 1968 431 2004 ille
457 1969 571 2013 locus,
596 1980 682 2003 nam
708 1969 841 2004 incerti
867 1971 1033 2014 haerent,
1060 1972 1187 2005 utrum
1211 1969 1379 2005 Ionicum
1409 1966 1496 2016 θῳὴ
1523 1981 1571 2005 an
1595 1969 1741 2005 inaudi—

203 2020 286 2052 tum
310 2016 398 2064 θῷα
424 2016 484 2051 vel
502 2027 577 2051 nou
602 2017 724 2051 minus
750 2017 912 2052 insolens
939 2017 1165 2053 adiectivum
1190 2014 1293 2052 θώια
1319 2018 1357 2052 ιιι
1377 2027 1462 2052 aere
1487 2015 1556 2052 illo
1575 2017 1740 2062 legatum

205 2053 381 2110 ignorant
412 2062 451 2098 in
478 2064 573 2098 crasi
600 2064 748 2099 easdem
776 2064 879 2109 leges
912 2076 1004 2109 quas
1035 2065 1075 2099 in
1101 2065 1355 2122 contractione
1380 2064 1582 2109 observari,
1612 2066 1740 2109 itaque

205 2123 249 2147 ex
276 2110 420 2146 Do1ico.
439 2121 608 2146 sermone
633 2111 736 2146 ewra
765 2110 857 2146 ἔστω
885 2113 1101 2148 coalescunt
1125 2111 1165 2147 in
1196 2109 1298 2157 θωϊῆ
1301 2125 1392 2156 στω,
1450 2112 1739 2148 uemadmodum

207 2158 305 2194 ἔνθα
325 2155 464 2203 Ρόδος,
486 2155 658 2194 ἐνταῦθα
684 2157 787 2204 πάδη
809 2159 957 2196 dicitur.
980 2181 1024 2185 —
1045 2160 1116 2195 Pro
1142 2158 1252 2206 λάβοι
1277 2159 1363 2195 fort.
1389 2160 1501 2205 λάβῃ
1527 2158 1738 2205 legendum.

299 2229 354 2265 Fr.
378 2234 456 2265 110.
497 2230 619 2265 Schol.
642 2231 747 2266 Hom.
769 2231 859 2267 11.oe
881 2234 966 2266 315:
994 2232 1109 2266 εἴωθε
1137 2231 1202 2266 καὶ
1227 2227 1247 2266 ὁ
1271 2227 1474 2288 Ἀρχίλοχος
1479 2228 1737 2287 ‚uszdfmvyov

205 2278 339 2313 τοῦτον
375 2276 455 2323 (τὸν
481 2273 611 2334 ἀετὸν)
644 2281 790 2314 καλεῖν
822 2276 845 2324 ἥ
877 2291 942 2314 τευ
975 2281 1048 2314 κτλ.
1099 2278 1277 2322 Hesych.:
1309 2275 1412 2323 Μήτ’
1448 2274 1739 2333 ευμελαμπύγου

204 2322 330 2371 τύχοις
364 2325 417 2370 (id
451 2327 509 2360 est
545 2323 600 2370 μή
632 2339 708 2361 τευ
744 2328 860 2382 μελ.)
889 2324 938 2371 μή
973 2339 1073 2366 τινος
1099 2324 1283 2382 ἀνδρείου
1317 2325 1380 2360 καὶ
1415 2324 1591 2371 ἰσχυροῦ
1601 2322 1735 2371 τύχοις.

206 2373 339 2408 Suidas
366 2376 404 2408 et
431 2373 565 2408 Zenob
591 2373 624 2408 V
652 2377 712 2408 10:
740 2371 789 2419 μὴ
817 2370 906 2419 σύγε
933 2371 1177 2419 μελαμπύγου
1203 2371 1329 2418 τύχοις
1354 2373 1432 2419 (ubi
1456 2373 1530 2409 vid.
1556 2361 1735 2418 interpr),

203 2423 247 2456 ut
265 2420 350 2456 fort.
371 2418 496 2466 τύχοις
516 2420 786 2456 restituendum
808 2421 865 2457 sit.
901 2419 954 2456 Cf.
975 2420 1087 2456 etiam
1108 2421 1353 2466 paroemiogr.
1374 2419 1513 2456 Milleri
1532 2420 1635 2456 Misc.
1655 2425 1734 2456 367.

299 2493 357 2528 Fr.
387 2497 464 2528 111.
516 2492 688 2549 Apollon.
716 2492 828 2537 Soph.
856 2496 918 2527 67:
944 2489 1130 2537 Ἔμπλην·
1159 2489 1386 2550 ἐμπελάδην,
1412 2489 1612 2537 σύνεγγυς,
1638 2487 1660 2536 ἢ
1687 2489 1736 2532 ὡς

206 2538 312 2583 ε’,νιοι
339 2541 458 2585 χωρίς.
493 2541 557 2575 καὶ
578 2536 780 2585 Ἀρχίλοχος
801 2538 863 2575 ἐπὶ
881 2540 948 2575 τοῦ
969 2541 1094 2584 χωρίς·
1124 2537 1266 2584 ἔμπλην
1289 2536 1376 2584 ἐμοί
1391 2538 1460 2584 (ita
1479 2538 1572 2583 cod„
1592 2539 1735 2574 Villois

205 2585 314 2647 ἐμοῦ)
338 2601 377 2623 τε
404 2587 469 2622 καὶ
494 2588 619 2633 φίλου.
669 2587 810 2622 Eadem
837 2587 958 2622 Schol.
984 2585 1140 2622 Nicand.
1167 2586 1275 2620 Ther.
1297 2590 1384 2621 322:
1417 2584 1520 2631 παρὰ
1542 2567 1733 2642 Ἀρχιλόχῳ

206 2634 364 2680 (ἔμπλην
389 2632 474 2670 άντὶ
500 2636 566 2670 τοῦ
593 2636 713 2680 χωρίς,
740 2633 836 2680 οιον)
863 2633 1005 2692 ἔμπλην
1032 2632 1125 2679 ἐμοῦ
1157 2646 1196 2668 τε
1229 2633 1294 2668 και
1326 2631 1466 2678 ἐφόλου
1501 2633 1580 2678 (καὶ
1613 2631 1734 2677 φόλου

204 2683 247 2728 Ρ)
274 2683 338 2718 καὶ
363 2680 409 2718 τὰ
436 2679 533 2742 ἑξῆς,
559 2682 807 2718 Bussemaker
822 2678 926 2738 κήφ’
963 2678 1069 2723 ὅλου,
1102 2679 1361 2716 Schneidewin
1388 2680 1482 2716 coni.
1509 2681 1574 2715 καὶ
1600 2678 1734 2716 Φόλου.

206 2731 305 2765 Fert.
335 2728 477 2776 ἔμπλην
506 2728 614 2776 ἐμεῦ
640 2743 679 2765 τε
706 2726 918 2774 κῶφόλου
946 2710 1170 2774 (κωφόλεω).

301 2802 358 2836 Fr.
388 2806 465 2838 112.
516 2801 624 2837 Phot.
651 2805 738 2846 218,
772 2805 810 2836 3:
846 2798 1105 2846 Λεωκόρητος·
1141 2795 1160 2834 6
1199 2795 1544 2845 ἔξωλοθρευμένος·
1582 2796 1624 2834 τὸ
1661 2795 1734 2844 γὰρ

205 2847 297 2889 λέως
317 2846 394 2884 ἐστὶ
413 2847 562 2890 τελέως·
586 2830 805 2894 Ἀρχίλοχος-
830 2849 973 2888 Λείως
992 2851 1066 2883 κτλ.
1087 2846 1150 2882 ubi
1171 2846 1249 2882 cod
1271 2849 1384 2882 λειωι.
1423 2845 1592 2892 Respicit
1609 2845 1734 2892 Apoll.

208 2896 252 2931 de
279 2908 383 2942 p1·.0n
411 2901 492 2942 334,
518 2907 627 2942 quem
655 2897 780 2932 locum
805 2896 952 2931 Bekker
977 2907 1050 2931 non
1075 2895 1175 2930 recte
1201 2893 1371 2929 mutavit.
