1890 3216
815 178 1164 217 ARISTOTELES.
1671 180 1758 223 359

434 308 506 335 nec
538 295 637 335 satis
670 297 733 335 est
765 294 929 334 titulum
962 306 1057 334 saxo
1088 293 1274 334 incidisse
1306 294 1495 345 sepulcri,

504 361 667 412 insuper
699 364 741 401 et
772 361 946 400 frontem
977 360 1082 400 mole
1115 362 1284 400 onerant
1317 361 1488 400 statuae.

433 427 541 467 ocius
574 427 652 467 ista
684 429 824 476 ruunt,
855 439 958 478 quae
991 427 1047 467 sic
1078 427 1283 466 cumulata
1313 426 1517 466 locantur:

503 494 631 533 maior
661 493 732 533 ubi
763 495 827 533 est
858 494 1006 543 cultus,
1041 505 1190 544 magna
1221 492 1339 532 ruina
1370 492 1521 533 subest.

622 638 749 678 XXII.
788 637 1001 677 Eunomo
1035 639 1082 678 et
1114 635 1348 677 Chromio.
1688 644 1757 676 662

394 735 600 774 Eunomus
620 734 684 773 hic
705 733 999 784 Chromiusque
1017 733 1159 782 iacent,
1181 733 1270 784 quis
1290 733 1423 784 Mysia
1441 745 1634 784 regnum,

467 801 556 852 quis
589 802 704 852 pater
735 800 901 840 Alcinus
936 799 1197 850 Oceanusque
1230 802 1385 840 atavus,

393 867 586 908 nobilitas
618 866 713 918 quid
744 868 859 906 tanta
890 865 1032 906 iuvat?
1064 878 1142 916 quo
1175 866 1322 905 clarius
1355 865 1444 905 istis

465 935 528 973 est
559 946 706 985 genus,
738 933 812 972 hoc
843 932 986 972 mortis
1018 931 1192 972 conditio
1225 932 1398 983 gravior.

785 1076 934 1116 XXIII.
974 1075 1177 1116 Priamo.

388 1175 463 1215 Hic
495 1174 646 1213 Priami
676 1186 757 1212 non
789 1174 851 1212 est
882 1172 1080 1223 tumulus,
1111 1185 1184 1212 nec
1215 1171 1363 1212 condor
1394 1171 1437 1211 in
1467 1172 1548 1212 ista

462 1240 573 1280 sede:
607 1242 727 1289 caput
759 1238 888 1277 Danai
920 1238 1122 1288 diripuere
1153 1251 1298 1278 meum.

389 1308 454 1346 ast
485 1319 581 1356 ego,
613 1319 703 1344 cum
734 1306 910 1344 lacerum
944 1305 1029 1344 sine
1059 1305 1220 1344 nomine
1251 1305 1372 1344 funus
1404 1305 1606 1354 haberem,

461 1372 624 1422 confugi
655 1371 706 1411 ad
737 1371 890 1410 cineres
924 1370 1142 1411 Hectoreos
1176 1371 1345 1422 genitor.

388 1438 471 1477 illic
503 1439 545 1477 et
574 1439 691 1476 natos
725 1436 967 1487 Troiamque
999 1436 1219 1488 Asiamque
1252 1438 1452 1488 sepultam

460 1504 594 1544 inveni
627 1506 668 1543 et
698 1506 881 1543 nostrum
913 1503 1108 1554 quidquid
1138 1503 1287 1554 ubique
1318 1503 1434 1543 iacet.

705 1647 850 1687 XXIV.
887 1647 1008 1686 Item
1041 1647 1248 1686 Priamo.

387 1745 463 1792 Qui
495 1744 660 1784 titulum
692 1743 844 1783 Priami
875 1743 1044 1794 quaerit,
1078 1744 1189 1794 legat
1220 1743 1407 1783 Hectoris
1439 1745 1551 1795 ante3

458 1811 528 1851 ille
558 1823 687 1861 meus,
719 1812 814 1850 nato
846 1810 964 1861 quern
997 1809 1110 1860 prius
1142 1809 1227 1860 ipse
1259 1809 1361 1849 dedi.

388 1874 575 1917 Hectoris
608 1879 650 1916 et
680 1876 809 1928 patris
843 1876 963 1915 simul
995 1877 1058 1915 est
1089 1888 1298 1915 commune
1331 1876 1577 1927 sepulcrum,

457 1944 668 1984 amborum
698 1943 886 1994 quoniam
919 1942 1055 1981 iuncta
1087 1941 1205 1980 ruina
1235 1941 1324 1982 fuit.

779 2086 901 2125 XXV.
934 2085 1173 2124 Hecubae.

383 2183 494 2229 Quae
526 2183 666 2234 regina
696 2183 770 2232 fui,
804 2195 906 2233 quae
939 2182 1046 2221 claro
1077 2172 1173 2220 nata
1206 2182 1429 2233 Dymante,

456 2247 558 2300 quae
589 2248 741 2287 Priami
772 2248 958 2298 coniunx,
991 2247 1170 2286 Hectora
1201 2260 1303 2298 quae
1334 2247 1475 2299 genui,

384 2314 450 2353 hic
480 2314 647 2353 Hecuba
676 2314 833 2354 iniectis
865 2314 968 2364 perii
999 2315 1268 2364 superobruta
1298 2314 1423 2363 saxis,

459 2379 530 2419 sed
561 2380 674 2419 rabie
704 2379 868 2430 linguae
899 2392 962 2418 me
993 2381 1132 2418 tamen
1161 2379 1250 2419 ulta
1280 2379 1405 2430 prius.

385 2446 496 2486 fidite
529 2458 578 2484 ne
611 2446 747 2497 regnis
780 2447 821 2485 et
851 2445 964 2496 prole
996 2447 1038 2484 et
1069 2446 1195 2496 stirpe
1226 2449 1458 2496 parentum,

456 2511 680 2563 quicunque
712 2512 786 2551 hoc
816 2513 1000 2551 nostrum
1032 2512 1137 2563 σῆμα
1167 2506 1290 2560 κυνὸς
1319 2512 1467 2564 legitis.

737 2662 881 2701 XXVI.
918 2661 1206 2712 Polyxenae.

384 2759 510 2798 Troas
541 2758 725 2798 Achilleo
757 2757 968 2797 coniuncta
997 2756 1204 2807 Polyxena
1235 2758 1354 2797 busto

455 2826 676 2865 malueram
707 2824 819 2863 nullo
852 2823 1026 2874 caespite
1053 2824 1190 2863 functa
1221 2824 1318 2874 tegi.

383 2905 463 2931 non
494 2892 596 2930 bene
619 2890 830 2931 ,discordes
861 2890 1040 2929 tumulos
1071 2889 1249 2929 miscetis
1282 2890 1444 2930 Achivi:

454 2958 529 2998 hoc
560 2956 711 2997 violare
742 2955 874 3008 magis
906 2968 1026 3008 quam
1058 2955 1226 3007 sepelire
1256 2955 1345 2997 fuit.
