1890 3216
216 182 305 223 474
805 158 1162 219 IAMBOGRAPHI.

842 272 843 275 ’
877 291 1085 344 34.[19]

307 375 463 430 Συκῆν
495 373 726 430 μέλαιναν,
757 372 957 430 ἀμπέλου
972 371 1272 430 κασιγνήτην.

876 492 944 536 35.
979 494 1085 547 [20.]
1680 508 1747 541 762

290 573 336 618 Ὁ
366 574 447 632 μὲν
479 573 565 634 γὰρ
598 573 748 620 αὐτῶν
780 573 922 634 ἡσυχῇ
954 592 1001 619 τε
1031 575 1106 620 καὶ
1138 557 1315 635 ῥύβδην

302 649 501 691 θυννίδα
531 663 577 691 τε
608 647 682 690 καὶ
713 645 941 704 μυττωτὸν
973 645 1138 705 ἡμέρας
1169 648 1313 702 πάσας

303 717 591 775 δαινύμενος,
625 716 772 777 ὥσπερ
806 718 1112 776 Λαμψακηνὸς
1142 718 1379 778 εὐνοῦχος,

302 790 522 847 κατέφαγε
554 788 609 847 δὴ
642 788 723 835 τὸν
754 792 939 849 κλῆρον·
973 789 1085 836 ὥστε
1116 790 1199 849 χρὴ
1234 791 1444 837 σκάπτειν

249 874 269 905 5
302 861 461 919 πέτρας
493 859 655 919 ὀρείας,
689 864 804 906 σῦκα
837 861 991 919 μέτρια
1021 861 1229 920 τρώγων,

300 932 374 977 καὶ
405 936 618 991 κρίθινον
649 933 852 990 κόλλικα,
886 934 1072 979 δούλιον
1103 934 1279 993 χόρτον.

873 1068 1083 1122 36.[26]

304 1147 399 1194 Οὐκ
431 1147 620 1206 ἀτταγᾶς
651 1166 697 1195 τε
728 1149 801 1194 καὶ
833 1147 980 1207 λαγώς
1009 1149 1324 1209 καταβρύκων,

212 1305 364 1351 quidem
388 1305 587 1341 honestate
612 1305 793 1351 insignes,
824 1305 939 1351 idque
965 1304 1081 1341 libere
1113 1305 1300 1351 professus
1326 1306 1407 1341 erat
1430 1307 1552 1351 poeta.
1586 1327 1630 1333 -—
1661 1307 1747 1343 Non

209 1355 311 1390 recte
337 1353 455 1388 Brink
480 1353 577 1390 Phil.
604 1352 659 1388 VI
684 1357 729 1389 48
755 1354 958 1409 praeeunte
989 1353 1189 1389 Welckero
1221 1353 1397 1414 Aeschyli
1427 1365 1575 1389 versum
1604 1354 1746 1401 Hippo-

210 1400 313 1437 nacti
346 1400 491 1444 tribuit,
529 1401 717 1447 corrigens
753 1397 910 1446 Τροφὴν
943 1398 1082 1449 βιωτὴν
1115 1398 1276 1447 αὕξιμόν
1307 1398 1344 1436 τ’
1379 1398 1584 1447 ἒμψιεῦσαε
1616 1403 1665 1438 ab
1689 1402 1748 1439 his

208 1447 395 1485 erroribus
422 1429 493 1484 sibi
519 1448 622 1485 cavit
647 1448 820 1484 Schmidt
842 1448 937 1485 Phil
964 1448 1085 1484 XVIII
1106 1453 1186 1494 227,
1213 1448 1277 1495 qui
1296 1449 1423 1484 Photii
1440 1449 1565 1486 locum
1586 1449 1640 1486 sic
1660 1461 1746 1487 con-

207 1496 402 1533 formavit.
433 1494 663 1543 ΜΕμψιουσα
697 1494 865 1555 τροφὰς
869 1497 1030 1533 διδοῦσα
1054 1478 1234 1554 χόνδρου·
1268 1494 1420 1541 Βρωτόν
1445 1493 1561 1544 αύξίμ
1589 1511 1611 1533 ν
1638 1494 1746 1544 ἑμψί-

210 1556 304 1581 ουσα
325 1542 525 1588 Ιππῶναξ.
551 1544 616 1580 καὶ
641 1542 745 1590 ψιφὰ
771 1541 818 1580 τὰ
847 1541 970 1591 ἕψητὰ
995 1542 1174 1590 Αἰσχύλος
1202 1547 1377 1590 Τροφοῖς.
1415 1545 1480 1581 sed
1504 1511 1611 1582 nulia
1636 1557 1748 1582 causa

207 1594 276 1639 est,
312 1604 377 1628 cur
409 1592 524 1628 verba,
555 1592 799 1639 integerrima
831 1594 1020 1629 tentemus
1052 1593 1090 1628 et
1119 1592 1304 1637 Aeschylo
1337 1592 1610 1638 abiudieemus‚
1642 1593 1746 1629 cuius

206 1641 358 1677 fabulae
385 1637 574 1676 Διονύσου
600 1640 770 1686 τροφοί
760 1639 932 1686 inprimis
959 1640 1201 1686 conveniunt;
1234 1652 1302 1676 nec
1334 1642 1462 1676 tamen
1485 1641 1600 1687 poeta
1623 1640 1746 1687 ipsam

207 1688 477 1772 deilnutricem
503 1687 626 1724 dicere
651 1688 811 1734 videtur,
838 1688 902 1724 sed
930 1689 1161 1735 comparavit
1187 1699 1272 1724 cum
1298 1699 1377 1733 ave,
1405 1699 1502 1734 quae
1528 1689 1652 1735 pullos
1670 1689 1745 1724 fru-

208 1737 267 1772 stu
284 1748 316 1772 is
340 1735 561 1772 nutricatur.

301 1807 360 1844 Fr.
387 1811 444 1843 34.
495 1806 629 1843 Athen.
657 1807 710 1842 III
736 1807 842 1843 78B:
875 1806 950 1842 Καὶ
982 1803 1122 1848 ταύτας
1148 1804 1407 1865 Ἁμαδρυάδας
1438 1805 1590 1865 νύμφας
1615 1810 1739 1844 καλεῖ-

206 1858 300 1891 σθαι
331 1854 396 1890 καὶ
428 1851 498 1890 ἀπ’
533 1851 659 1890 αὐτῶν
691 1852 809 1891 πολλὰ
841 1855 916 1890 τῶν
947 1853 1115 1900 δένδρων
1147 1853 1518 1901 προσαγορεύεσθαι
1557 1852 1654 1891 οθεν
1681 1855 1747 1892 καὶ

205 1901 272 1939 τὸν
293 1899 580 1938 Innaivoewca
608 1914 747 1948 φαναι·
773 1903 930 1948 Συκῆν
956 1905 1032 1940 κτλ.
1071 1903 1125 1939 Cf.
1151 1903 1254 1938 Eust.
1283 1903 1475 1949 Οᾶ.ι964,
1499 1906 1552 1940 14.
1597 1904 1742 1950 Συκῆν,

205 1950 467 1987 Schneidewin
493 1962 559 1986 συκ
565 1949 640 1996 εἠν.

301 2021 357 2057 Fr.
385 2025 441 2058 35.
486 2021 623 2058 Athen.
643 2023 713 2058 VII
733 2026 802 2058 304
816 2023 863 2057 B:
887 2018 1109 2065 Ἱππῶναξ
1130 2021 1193 2079 δέ
1219 2035 1268 2063 ως
1286 2022 1478 2062 Λυσανίας
1498 2019 1540 2058 ἕν
1559 2026 1637 2064 τοῖς
1655 2022 1742 2069 περὶ

205 2069 442 2125 ἰαμβοποιῶν
479 2071 752 2130 παρατίθεται,
792 2071 925 2116 φησίν
959 2066 1000 2105 O
1030 2083 1111 2115 μεν
1143 2083 1228 2115 γαρ
1260 2072 1336 2106 κτλ.
1376 2091 1420 2096 —-
1458 2069 1501 2106 V.
1536 2074 1567 2106 1.
1600 2037 1726 2129 ᾆύβδη
1722 2084 1745 2106 ν

203 2117 344 2164 scripsi,
370 2117 484 2164 vulgo
511 2115 641 2163 ῥύδην.
687 2120 757 2164 Ap.
782 2117 890 2154 Phot
917 2121 999 2162 491,
1026 2121 1090 2154 28:
1119 2114 1268 2164 Ῥοίβὸη
1271 2130 1308 2163 ν,
1342 2118 1512 2173 δαψιλῶς
1535 2117 1628 2154 item
1653 2116 1743 2166 ῤ’ύβ-

204 2167 277 2212 δην
303 2165 459 2210 corrige.
488 2186 531 2191 —-
557 2166 600 2203 V.
622 2170 653 2202 2.
680 2167 849 2202 θυννίδα
874 2164 1057 2211 Meineke,
1084 2165 1146 2211 leg
1149 2166 1280 2201 ebatur
1298 2146 1463 2210 θύνναν,
1489 2166 1554 2201 sed
1573 2167 1742 2202 θυννίδα

203 2214 263 2249 vel
289 2212 470 2248 θυννάδα
497 2213 734 2250 Athenaeum
758 2214 882 2260 ipsum
908 2213 1046 2271 legisse
1071 2212 1135 2258 qui
1162 2213 1230 2249 illo
1254 2213 1338 2249 loco
1362 2213 1449 2259 περὶ
1473 2215 1658 2255 θυννίδος
1683 2225 1743 2250 ex-

206 2262 334 2307 ponat,
360 2261 599 2297 manifestum
627 2263 694 2297 est.
722 2282 766 2287 -
793 2259 996 2307 μυττωτὸν,
1022 2260 1153 2296 malim
1179 2257 1384 2316 μυσσωτὸν.
1413 2281 1454 2286 —
1481 2261 1526 2297 V.
1546 2265 1579 2297 4.
1605 2261 1742 2320 κλῆρον

203 2309 491 2362 Dalecampius,
526 2309 614 2345 libri
645 2306 814 2355 σκληρὸν.
849 2329 895 2335 -
926 2309 969 2344 V.
997 2310 1029 2344 5.
1061 2307 1201 2354 πέτρας
1232 2308 1381 2354 scripsi,
1411 2308 1499 2344 libri
1529 2309 1668 2355 πέτρας
1692 2306 1742 2355 τ’,

204 2357 304 2414 quod
336 2355 368 2391 si
402 2356 501 2392 tueri
534 2357 649 2403 velis,
682 2357 921 2393 statuendum
947 2358 1058 2392 antea
1092 2367 1239 2392 versum
1265 2337 1464 2392 excidisse.
1491 2356 1742 2393 nominativus

202 2401 354 2464 τρώγων
379 2400 482 2440 recte
509 2416 548 2441 se
573 2405 698 2450 habet,
725 2404 1040 2458 quemadmodum
1065 2405 1123 2439 est
1146 2404 1186 2439 in
1210 2404 1292 2440 illo·
1324 2401 1411 2447 ἐξὸν
1437 2401 1648 2440 καθεύδειν
1672 2402 1741 2450 τὴν

204 2450 397 2510 ἐρωμένην
409 2450 532 2510 ἔχων
582 2452 754 2488 Meineke
779 2454 906 2488 tamen
932 2451 1025 2487 coni.
1053 2463 1146 2487 ωστε
1173 2452 1241 2510 χρῇ
1270 2451 1307 2496 (i.
1335 2463 1365 2487 e.
1368 2449 1531 2511 χρῄζει)
1559 2449 1741 2487 σκάπτειν

202 2498 385 2558 πέτρης
402 2495 564 2545 ὅρείης
589 2512 620 2535 σ.
646 2514 682 2546 μ.
733 2497 934 2557 τρώγων,
965 2499 1154 2534 Hermann
1185 2511 1278 2535 ωστε
1313 2496 1382 2545 χρὴ
1408 2498 1574 2558 πέτρας
1599 2497 1741 2535 σκάπ-

202 2544 324 2583 τοντ’
354 2544 527 2604 ὀρείας
566 2560 595 2585 σ.
630 2561 665 2594 μ.
699 2545 909 2604 τρώγειν,
943 2546 1202 2583 Schneidewin
1233 2545 1373 2590 πέτρας
1403 2543 1438 2582 τ’
1451 2543 1610 2605 ὀρείας,
1643 2548 1741 2583 σῦκα

203 2592 363 2652 μέτρια
396 2608 440 2631 τε
473 2592 685 2654 τρώγειν,
716 2595 831 2630 Brink
863 2606 955 2630 ωστε
988 2594 1056 2642 χρῇ
1090 2606 1272 2630 σκαπτειν
1298 2591 1461 2640 Πετραῖ’
1496 2576 1621 2641 ἐρινα,
1647 2606 1678 2630 σ.
1705 2608 1740 2649 μ.

202 2640 366 2688 τρώγων,
392 2643 565 2701 Hartung
589 2640 609 2678 ὁ
630 2640 667 2678 δ’
691 2640 833 2700 ἐχαρη
860 2654 1041 2678 σκαπτειν
1066 2644 1140 2678 κτλ.
1178 2643 1336 2686 Renner,
1363 2643 1427 2688 qui
1447 2639 1599 2688 οὐρείας
1617 2642 1741 2689 requi-

203 2690 263 2735 sit,
289 2690 438 2736 scripsit
463 2689 602 2736 πέτρας
626 2688 787 2737 γεραιός.

297 2762 355 2797 Fr.
383 2766 439 2798 36.
477 2761 612 2798 Athen.
632 2762 719 2798 XIV
737 2775 773 2808 p.
795 2761 923 2798 5450:
953 2762 1031 2797 Τοῦ
1057 2759 1099 2797 δε
1126 2757 1327 2797 αττανίτου
1349 2758 1572 2804 Ιππῶναξ
1593 2758 1635 2797 ἐν
1653 2757 1740 2797 τού-

205 2822 283 2850 τοις
308 2807 555 2855 μνημονεύει·
585 2806 678 2846 Οὖκ
703 2812 779 2846 κτλ.
805 2829 851 2836 ——
882 2809 927 2844 V.
957 2813 988 2844 1.
1020 2806 1090 2845 οὐκ
1117 2805 1280 2854 ατταγᾶς
1305 2822 1362 2865 τε,
1397 2809 1502 2866 codd.
1530 2805 1575 2844 οὖ
1601 2805 1740 2850 κάττας

202 2870 254 2892 τε.
306 2857 371 2892 sed
397 2869 521 2917 supra
558 2857 610 2892 ΙΧ
641 2857 772 2893 38813:
813 2855 987 2913 Ἀτταγᾶς
1019 2886 1026 2893 .
1053 2885 1061 2893 .
1090 2884 1097 2891 .
1130 2838 1362 2903 μνημονεύει
1396 2853 1524 2892 αὐτῶν
1552 2853 1739 2900 Ιππῶναξ

204 2900 337 2945 ούτως·
366 2900 451 2939 οὐδ’
475 2902 640 2961 ἄτταγας
659 2918 697 2940 τε
719 2907 784 2940 καὶ
804 2902 963 2951 σιλαγώς
983 2904 1052 2950 (ita
1070 2904 1192 2950 codd.)
1213 2901 1492 2950 διατρώγων.
1513 2924 1557 2930 -
1577 2901 1738 2961 λαγῶς,

202 2951 374 2987 Meineke
406 2949 546 2998 λαγοὺς
576 2954 678 2988 recte
710 2953 860 2999 opinor,
891 2952 1026 2988 mirum
1058 2953 1184 2988 tamen
1209 2953 1367 2998 utroque
1392 2953 1476 2988 loco
1501 2949 1623 2998 λαγως
1647 2951 1736 2999 legi.
