1890 3216
770 162 1091 200 PHOCYLIDES.
1647 161 1703 203 69

842 278 880 322 Ε
900 278 942 323 Π
963 278 1018 323 H.
1631 284 1699 314 44ss

910 381 949 422 3.

231 462 323 507 Καὶ
354 461 458 507 τόδε
495 466 783 508 Φωκυλίδεω·
815 462 1009 522 τετόρων
1042 458 1130 506 ἀπὸ
1163 463 1306 505 τῶνδε
1338 460 1524 516 γένοντο

230 537 353 594 φῦλα
383 538 672 592 γυναικείων·
705 533 732 592 ἡ
765 534 846 592 μὲν
879 533 1036 590 κυνός,
1068 531 1095 590 ἡ
1130 533 1178 578 δὲ
1211 536 1440 590 μελίσσης,

230 605 258 666 ἡ
291 607 342 653 δὲ
373 606 482 660 συὸς
513 610 758 665 βλοσυρῆς,
790 605 817 664 ἡ
853 605 894 651 δ’
931 608 1069 651 ἵππου
1101 605 1379 663 χαιτηέσσης·

231 680 428 739 εὔφορος
459 678 561 738 ἥδε,
593 688 766 738 ταχεῖα,
799 682 1092 736 περίδρομος,
1125 674 1246 730 εἶδος
1278 677 1452 734 ἀρίστη·

183 767 205 800 5
231 752 259 812 ἡ
291 753 342 799 δὲ
373 751 482 806 συὸς
514 754 759 809 βλοσυρῆς,
793 749 887 795 οὔτ’
923 747 981 794 ἂν
1012 747 1124 806 κακὴ
1158 747 1266 793 οὐδὲ
1299 748 1380 805 μὲν
1414 747 1572 805 ἐσθλή’

232 824 260 884 ἡ
295 825 344 871 δὲ
375 824 533 881 κυνός,
566 822 733 882 χαλεπή
767 840 812 867 τε
844 822 918 866 καὶ
951 821 1125 879 ἄγριος·
1158 818 1184 878 ἡ
1219 820 1269 865 δὲ
1301 824 1514 877 μελίσσης

233 896 474 954 οἰκονόμος
503 894 542 940 τ’
577 894 730 953 ἀγαθὴ
763 895 837 939 καὶ
870 896 1097 939 ἐπίσταται
1131 892 1413 951 ἐργάζεσθαι·

230 963 285 1027 ἦς
309 966 474 1026 εὔχου,
507 969 601 1026 φίλ’
638 968 804 1026 ἑταῖρε,
837 971 991 1024 λαχεῖν
1024 965 1172 1023 γάμου
1206 965 1473 1022 ἱμερόεντος.

911 1089 952 1131 4.

231 1174 324 1220 Καὶ
355 1173 459 1219 τόδε
495 1175 786 1218 Φωκυλίδεω·
819 1174 866 1215 τί
892 1171 1051 1227 πλέον,
1083 1171 1214 1228 γένος
1245 1167 1424 1227 εὐγενὲς
1456 1166 1593 1225 εἶναι,

227 1242 301 1301 οἷς
332 1244 427 1292 οὔτ’
465 1247 513 1292 ἐν
546 1244 715 1303 μύθοις
747 1244 896 1288 ἕπεται
927 1242 1055 1302 χάρις
1087 1240 1184 1287 οὔτ’
1222 1241 1288 1286 ε’νὶ
1320 1243 1484 1300 βουλῇ;

910 1365 949 1408 5.

233 1451 325 1497 Καὶ
355 1449 460 1495 τόδε
496 1451 790 1494 Φωκυλίδεω·
821 1447 950 1500 πόλις
983 1449 1031 1492 ἐν
1064 1447 1264 1507 σκοπέλῳ
1297 1444 1408 1490 κατὰ
1440 1445 1612 1502 κόσμον

232 1526 415 1569 οίκεῦσα
448 1520 612 1580 σμικρὴ
644 1521 847 1580 κρέσσων
881 1523 1032 1564 Νίνου
1063 1517 1388 1576 ἀφραινούσης.

158 1644 282 1688 Plan„
315 1642 418 1689 prius
453 1653 601 1687 verum,
646 1641 807 1677 alterum
844 1651 918 1676 non
953 1638 1146 1682 convenii,
1178 1637 1306 1684 itaque
1339 1632 1406 1678 οὓς
1437 1632 1491 1672 ἂν
1533 1634 1706 1673 ἐτάσσω

159 1690 362 1775 οοττοᾙξί,*ὲ
383 1687 534 1773 tuggo&
557 1690 602 1773 {ii
624 1685 1049 1772 ἄραιὲιέιάὶἧωόἒηθὲᾶ,
1075 1684 1236 1770 πεῗῖἒύω
1264 1687 1303 1721 eb
1327 1681 1574 1768 ἅρνάτῙιμόὶσφ
1588 1683 1707 1768 6Pal.A

287 1751 374 1774 ε..
471 1749 532 1774 ο.
605 1749 655 1774 or.
927 1750 935 1771 :
1010 1748 1099 1770 ωκυ
1189 1745 1338 1770 ov·—
1409 1746 1628 1769 ..τωνε

159 1789 246 1824 τῶν.
274 1809 316 1814 -
333 1784 507 1832 γένοντο
541 1786 573 1820 A
599 1785 706 1821 Voss.
734 1784 845 1820 Vind.
872 1785 953 1819 Ars.
982 1782 1123 1826 Trina,
1158 1779 1335 1828 ἐγένοντο
1362 1780 1391 1815 Β
1427 1781 1532 1826 (olim
1557 1761 1708 1826 γένόντι

160 1836 248 1883 leg.)
277 1856 321 1862 —
347 1834 392 1870 V.
418 1838 452 1870 2.
485 1834 718 1880 γυναικείων
751 1832 783 1868 si
812 1832 1021 1878 integrum,
1053 1829 1175 1867 ionice
1206 1841 1274 1876 pro
1307 1827 1521 1875 γυναικέων
1554 1829 1707 1874 dictum,

159 1894 388 1930 quamquam
413 1881 597 1918 eiusmodi
622 1881 743 1917 forma
769 1880 995 1916 auctoritabe
1021 1890 1096 1914 non
1123 1878 1245 1914 minus
1276 1879 1334 1914 est
1360 1877 1559 1923 destituta,
1593 1888 1706 1921 quam

159 1929 390 1978 γυναικείων.
416 1929 590 1966 Meineke
615 1929 719 1975 φῦλα
744 1924 957 1975 γυναικεῖ’*
991 1921 1042 1963 ὧν
1069 1924 1091 1972 ἡ
1119 1925 1206 1972 μὲν,
1239 1926 1413 1970 Hartung
1445 1925 1548 1970 φῦλα
1574 1937 1704 1970 γυναι-

161 1981 256 2026 κῶν·
281 1976 305 2025 ἡ
333 1977 403 2026 μὲν
429 1977 512 2024 γὰρ.
540 1998 585 2004 —-
619 1975 641 2023 ἡ
669 1975 725 2022 δὲ,
751 1977 780 2012 Β
807 1972 896 2022 ἥδε,
922 1976 1037 2022 vulgo
1063 1972 1145 2020 ἠδέ.
1173 1995 1216 2000 -
1244 1974 1288 2009 V.
1315 1977 1349 2009 4.
1375 1970 1444 2019 ἥδε
1473 1973 1638 2017 Brunck,
1665 1973 1708 2008 ut

160 2027 329 2072 videtur,
364 2038 424 2074 ap.
465 2026 568 2062 Stob.
604 2023 627 2072 ἡ
665 2022 702 2061 δ’
740 2026 858 2060 ἵππου
896 2022 1118 2069 χαιτηέσσης
1157 2018 1324 2067 εὔφορος
1361 2018 1443 2067 ἠδὲ
1476 2025 1621 2067 ταχεῖα.
1662 2042 1708 2046 -

162 2076 206 2111 V.
233 2080 267 2112 8.
291 2069 353 2122 ἧς,
385 2074 518 2110 malim
547 2074 622 2120 τῆς.
653 2095 692 2099 -
727 2070 851 2119 γάμου
885 2069 1120 2118 ἱμερόεντος,
1154 2070 1303 2106 Brunck
1337 2068 1461 2116 γάμον
1494 2066 1706 2115 ἴμερόεντα.

266 2124 325 2159 Fr.
359 2126 391 2159 4.
443 2122 547 2158 Stob.
580 2121 679 2159 Flor.
716 2120 922 2156 LXXXVII
957 2124 996 2155 2:
1034 2119 1268 2155 Φωκυλίδου.
1320 2118 1364 2153 V.
1400 2122 1431 2154 1.
1479 2117 1704 2152 Φωκυλίὸεω

161 2171 324 2215 Brunck,
350 2170 466 2216 vulgo
487 2170 718 2206 Φωκυλίδου.
742 2190 786 2195 -—
814 2170 854 2204 τί
874 2168 1038 2209 Brunck,
1061 2167 1176 2212 vulgo
1203 2163 1256 2202 τό.
1278 2187 1324 2191 —-
1346 2161 1517 2211 εὐγενὲς,
1543 2164 1582 2199 in
1609 2164 1665 2199 ed.
1686 2168 1707 2199 2

163 2218 307 2256 conieci
333 2215 539 2264 εὐγενεῖ,
563 2229 653 2254 nam
673 2213 883 2262 v&imam-3¹60)
910 2227 1028 2262 acque
1053 2213 1304 2261 improbabile
1331 2214 1389 2249 est
1413 2224 1525 2259 quam
1554 2208 1708 2257 εὐγενές

163 2267 308 2303 aeolica
332 2266 480 2302 ratione
505 2276 572 2312 pro
599 2262 781 2311 εὐγενέας
813 2264 956 2300 dictum
988 2275 1079 2300 esse.
1132 2262 1204 2298 Sed
1236 2262 1342 2297 nulla
1374 2272 1466 2307 opus
1499 2262 1556 2296 est
1587 2261 1708 2295 muta-

162 2315 277 2351 tione.
303 2335 351 2341 —
377 2314 420 2350 V.
448 2318 481 2350 2.
508 2314 637 2362 βουλῇ,
663 2314 838 2359 Hartung
865 2310 999 2358 ἔργοις.

258 2363 317 2399 Fr.
345 2366 376 2399 5.
427 2361 500 2399 Dio
534 2360 662 2408 Chrys.
688 2360 847 2397 XXXVI
879 2361 921 2395 T.
956 2359 990 2394 II
1022 2362 1111 2394 505:
1145 2354 1264 2399 οὕτως
1297 2356 1413 2403 ἔφην,
1446 2356 1511 2392 καὶ
1543 2356 1609 2402 τῆς
1640 2356 1707 2391 τοῦ

117 2450 122 2456 ,
165 2412 386 2454 Φωκυλίδου
412 2407 600 2456 ποιήσεως
626 2408 750 2453 ἔξεστί
772 2420 832 2445 σοι
857 2409 988 2456 λαβεῖν
1015 2408 1152 2452 δεῖγμα
1173 2403 1214 2442 ἐν
1242 2407 1390 2454 βραχεῖ·
1417 2405 1483 2440 καὶ
1508 2401 1580 2449 γάρ
1608 2402 1707 2439 ἐστιν

163 2455 209 2495 οὗ
236 2459 311 2494 τῶν
337 2454 488 2505 μακράν
514 2470 599 2494 τινα
631 2457 697 2494 καὶ
729 2457 868 2502 συνεχῆ
904 2456 1056 2501 ποίησιν
1090 2452 1289 2500 εἰρόντων,
1323 2449 1447 2498 ὥσπερ
1477 2448 1496 2487 ὁ
1528 2450 1709 2498 ὑμέτερος

258 2565 292 2613 *)
319 2566 505 2603 planudes
530 2565 633 2601 haud
656 2576 779 2611 pauca
802 2563 940 2600 menda
966 2573 1032 2598 suo
1057 2561 1236 2608 periculo,
1257 2560 1398 2606 dispari
1419 2560 1556 2595 eventu
1576 2558 1708 2594 tollere

164 2614 320 2660 studuit,
346 2613 663 2660 quemadmodum
688 2613 801 2649 etiam
837 2612 1023 2647 corrector
1055 2609 1137 2646 cod.
1164 2609 1240 2646 Pal.
1269 2609 1345 2645 alia
1376 2606 1538 2652 exempli
1571 2605 1708 2641 veteris

166 2662 409 2708 auctoritate,
443 2661 522 2698 alia
556 2661 762 2698 divinando
795 2657 1032 2706 procuravit,
1067 2656 1208 2704 passim
1241 2668 1373 2702 parum
1410 2656 1502 2690 scit-‚e
1538 2652 1708 2689 criticam

165 2710 363 2754 facssitans,
388 2710 494 2746 velut
519 2709 571 2745 VI
591 2713 655 2754 54,
676 2713 697 2744 3
722 2707 789 2743 ubi
814 2705 976 2742 Eunomi
1002 2706 1211 2742 citharoedi
1237 2704 1406 2740 aemulus
1432 2703 1587 2738 vocatur
1612 2698 1707 2746 πάρ-

164 2761 242 2804 θης
274 2758 394 2804 (Plan.
426 2755 592 2804 πάρθος)
624 2758 811 2793 corrector
842 2754 1042 2800 adscripsit
1072 2767 1128 2799 γρ.
1161 2749 1347 2798 σπάρτας,
1379 2761 1474 2796 quae
1509 2748 1709 2784 manifesta

166 2808 225 2842 est
259 2806 490 2842 coniecssura:
521 2816 664 2841 memor
693 2804 854 2840 fortasse
885 2801 959 2836 fuit
989 2801 1085 2837 alius
1115 2800 1299 2846 poemaffis
1330 2798 1381 2833 IX
1408 2801 1477 2833 584
1509 2797 1588 2837 πῶς
1619 2792 1705 2831 ποτ’

167 2851 304 2890 ἐνίκων
330 2850 500 2899 σπάρτην
533 2849 554 2889 ὁ
586 2850 729 2899 λωκρὸς
755 2847 846 2896 ἐγώ,
877 2849 933 2885 ita
957 2848 1008 2893 A,
1040 2846 1200 2893 σπάρτιν
1232 2844 1251 2882 ὁ
1284 2843 1416 2891 λοκρὸς
1447 2844 1550 2879 Plan.
1603 2844 1707 2879 Unus

167 2901 316 2937 Brunck
333 2901 430 2937 vidit
446 2903 606 2946 utroque
625 2899 710 2936 loco
730 2895 912 2943 Πάρθις
936 2907 1015 2939 esse
1036 2895 1319 2939 restituendum,
1340 2894 1378 2929 id
1399 2894 1458 2928 est
1475 2891 1707 2937 Παρθένιος,

168 2948 215 2985 cf.
241 2949 476 2985 Herodianus
502 2948 536 2983 11
561 2952 631 2984 206
658 2949 698 2983 eb
723 2950 803 2983 859.
1729 2946 1734 2958 ¹
