1890 3216
222 169 310 211 492
812 147 1165 206 IAMBoeRAPHI.

841 263 1123 333 '*94.[116]
1685 291 1754 324 ⁷78

318 360 722 418 Πισσεντασάντης.
973 364 977 367 ’

881 510 1089 565 95.[70]

340 598 457 649 Diog.
490 597 624 636 Laert.
651 597 709 636 IV
736 599 809 637 58:
841 595 1014 646 Δέκατος
1045 594 1208 651 (Βίων)
1240 595 1573 652 ἀγαλματοποιός,
1604 601 1754 649 Κλαζο-

222 660 353 714 μένιος
384 658 408 714 ἢ
437 666 557 714 Χῖος,
589 656 637 703 οὗ
669 661 858 716 μέμνηται
889 662 955 703 καὶ
979 659 1188 713 Ἱππῶναξ.
1240 665 1297 705 Cf.
1324 666 1470 706 Eudoc.
1498 668 1565 706 94.
1663 661 1675 672 ’

882 756 1090 810 96.[69]

343 841 548 882 Plutarch.
582 842 631 882 de
663 843 764 882 Mus.
797 856 829 884 c.
863 844 906 882 8:
956 840 1036 881 Καὶ
1068 839 1183 891 ἄλλος
1222 841 1266 883 δὲ
1297 842 1400 884 ἐστὶν
1430 839 1591 896 ἀρχαῖος
1621 840 1757 896 νόμος,

218 903 461 959 καλούμενος
499 907 735 959 Κραδίας,
773 904 822 948 ὅν
859 919 983 959 φησιν
1015 903 1215 957 Ἱππῶναξ
1247 909 1534 962 Μίμνερμον
1570 905 1756 962 αὐλῆσαι·

220 971 263 1012 ἐν
289 969 389 1027 ἀρχῇ
421 968 495 1026 γὰρ
527 972 674 1027 ἐλεγεῖα
705 971 1041 1026 μεμελοποιημένα
1073 973 1114 1014 οἵ
1141 970 1315 1030 αὐλῳδοὶ
1344 968 1456 1029 ᾖδον.
1501 975 1562 1016 Of.
1583 976 1755 1027 Hesych.

217 1053 252 1078 v.
275 1038 454 1090 Κραδίης
486 1031 624 1090 νόμος·
658 1035 783 1091 νόμον
806 1035 893 1079 τινὰ
919 1037 1135 1079 ἕπαυλοῦσι
1160 1044 1241 1088 τοῖς
1267 1039 1576 1093 ἐκπεμπομένοις
1601 1056 1759 1097 φαρμαή

219 1106 304 1151 κοῖς
335 1099 501 1156 κράδαις
533 1103 600 1143 καὶ
631 1105 763 1157 θρίοις
795 1103 1188 1157 ἐπἰρραβδιζομένοις.
1217 1127 1272 1133 —-
1305 1108 1365 1145 Ex
1398 1107 1647 1158 Hipponacte
1677 1107 1756 1147 for-

218 1172 327 1210 tasse
360 1171 484 1210 etiam
516 1171 596 1209 alia
627 1171 820 1222 Hesychii
851 1172 988 1222 glossa
1018 1172 1149 1222 petita
1180 1175 1258 1211 est:
1301 1172 1621 1225 Κραδησίτης·
1653 1187 1756 1226 φαρ-

220 1232 362 1287 μακός,
395 1231 416 1276 ὃ
450 1238 534 1284 ταῖς
564 1232 730 1288 κράδαις
761 1232 1011 1290 βαλλόμενος.

881 1329 1090 1382 97.[77]

341 1415 484 1455 Athen.
507 1416 603 1454 XIV
626 1417 710 1456 624
725 1416 776 1454 B:
809 1411 883 1456 Διὸ
915 1414 981 1455 καὶ
1012 1410 1104 1463 τοὺς
1135 1412 1242 1468 παρὰ
1267 1420 1347 1464 ’τοῖς
1366 1412 1555 1469 ’Ἕλλησιν
1585 1413 1756 1469 αὐλητὰς

223 1481 424 1533 Φρυγίους
455 1480 520 1520 καὶ
553 1481 835 1533 δουλοπρεπεῖς
865 1477 933 1529 τὰς
963 1482 1228 1534 προσηγορίας
1267 1481 1386 1534 ἔχειν,
1429 1477 1512 1530 οἷός
1542 1481 1645 1523 ἐστιν
1675 1513 1685 1522 .
1711 1515 1719 1523 .
1747 1514 1755 1523 .

223 1541 329 1597 παρὰ
363 1543 405 1585 δὲ
431 1542 669 1587 Ἱππώνακτι
700 1547 830 1586 Κίων
861 1545 928 1586 καὶ
959 1543 1188 1595 Κώδαλος
1219 1545 1284 1586 καὶ
1316 1543 1489 1600 Βάβυς.
1528 1544 1592 1599 ἐφ’
1628 1540 1659 1604 ᾧ
1689 1547 1756 1588 καὶ

218 1605 243 1661 ἡ
271 1611 462 1662 παροιμία
488 1610 552 1651 ἐπὶ
576 1614 654 1652 τῶν
680 1608 739 1651 ἀεὶ
764 1608 863 1664 πρὸς
887 1607 929 1652 τὸ
955 1616 1086 1664 χεῖρον
1111 1609 1360 1662 αὐλούντων,
1386 1609 1541 1653 Κάκιον
1566 1609 1591 1665 ἢ
1620 1610 1756 1666 Βάβυς

219 1671 338 1715 αὐλεῖ.
403 1676 460 1716 Cf.
496 1678 639 1716 Zenob.
671 1677 731 1715 IV
758 1680 826 1717 81.
871 1679 1038 1729 Diogen.
1065 1679 1102 1716 V
1130 1680 1197 1718 69.
1239 1679 1513 1730 Paroemiogr.
1540 1679 1583 1719 T.
1611 1679 1630 1718 Ι
1657 1681 1756 1720 386.

218 1741 356 1781 Οοᾱαῑὶ
386 1754 532 1782 nomen
563 1743 722 1783 videtur
753 1744 1048 1783 restituendum
1074 1745 1116 1782 in
1142 1744 1325 1783 versibus
1354 1744 1500 1794 Hedyli
1526 1757 1587 1794 ap.
1608 1744 1754 1787 Athen.

219 1807 277 1845 IV
312 1809 394 1847 176
416 1821 447 1846 c.

822 1862 826 1867 ’
879 1888 1086 1942 98.[89]

336 1974 530 2024 Hesych.:
564 1971 757 2027 ’Ἀβδης·
790 1971 925 2026 μάστιξ
956 1971 1050 2027 παρ’
1078 1970 1327 2015 Ἱππώνακτι.

217 2075 388 2122 quamvis
403 2076 620 2112 dubitanter
638 2074 683 2112 τὰ
706 2078 853 2112 δεῖπνα.
886 2076 1046 2112 Omnino
1066 2077 1177 2113 valde
1198 2077 1342 2121 dubito,
1363 2088 1410 2112 an
1429 2078 1528 2113 recte
1547 2076 1608 2113 hic
1626 2088 1754 2114 versus

218 2124 448 2170 Hipponacti
474 2124 680 2170 tribuatur,
707 2136 751 2160 ac
777 2136 924 2160 mecum
944 2124 1028 2160 Keil
1048 2125 1243 2164 consentit.
1289 2124 1404 2160 Brink
1430 2124 1640 2182 suspicatur
1664 2125 1755 2161 olim

215 2173 405 2228 integrum
427 2183 574 2207 versum
596 2154 850 2208 choliambum
869 2172 1001 2208 fuisse:
1030 2170 1081 2208 Οἱ
1097 2170 1149 2218 δὴ
1170 2171 1259 2208 θεοὶ
1278 2169 1441 2208 τάποινα
1465 2172 1539 2218 (vel
1559 2170 1605 2208 τὰ
1625 2170 1753 2218 λοιπὰ)

221 2216 401 2267 Ταντάλῳ
432 2218 574 2260 δόντες.

310 2267 367 2302 Fr.
395 2271 451 2302 94.
502 2267 648 2303 Plotius
674 2271 761 2303 293:
798 2267 988 2313 „Ionicum
1015 2267 1134 2302 maius
1160 2267 1360 2303 dimetrum
1386 2266 1752 2312 brachycatalectum

215 2315 367 2351 clodum
387 2314 683 2360 Hipponactium
708 2316 751 2351 fit
760 2315 939 2371 spondeo
966 2315 1116 2351 clodum
1143 2317 1180 2350 et
1206 2326 1280 2350 una
1299 2315 1462 2360 syllaba,
1488 2315 1572 2350 ideo
1598 2315 1753 2361 brachy-

215 2363 452 2406 catalectum,
479 2365 522 2398 ut
539 2360 856 2404 πισσεντασάντες
882 2362 976 2407 (cod.
995 2363 1024 2397 B
1045 2362 1508 2406 ΠΙΟΗΝΠΑΟΑΝΤΝΘ,
1534 2363 1567 2397 A
1586 2327 1753 2398 ΠΙΟΟΘ-

214 2409 598 2455 ΝΗΤΛΟΑΝΉΙΟ),
619 2410 728 2447 Recte
747 2411 882 2446 dedere.
911 2410 1051 2456 Scripsi
1071 2407 1172 2445 πίστ’
1195 2407 1451 2454 ἐξετάσαντες.
1477 2410 1550 2446 Sed
1569 2410 1641 2446 hoc
1660 2422 1751 2455 q-uo

216 2470 287 2503 que
319 2458 478 2493 frustum
509 2457 739 2512 Hipponacti
771 2457 1079 2494 abiudicandum:
1115 2458 1292 2493 metricus
1323 2469 1479 2504 graecus
1510 2457 1571 2493 vel
1594 2457 1753 2494 aliunde

215 2505 421 2551 depromsit
452 2505 513 2541 vel
546 2505 626 2551 ipse
660 2505 914 2549 concinnavit;
954 2516 1049 2550 quae
1081 2505 1127 2540 de
1154 2516 1307 2542 numero
1338 2516 1464 2542 versus
1497 2504 1608 2549 dicit,
1640 2505 1752 2551 plane

215 2554 345 2598 inepta
369 2554 472 2596 sunt;
499 2564 586 2589 nam
617 2553 767 2589 dimetri
791 2552 1110 2598 brachycatalecti
1135 2553 1285 2588 schema
1308 2552 1424 2589 fuerit
1447 2553 1518 2588 hoc
1541 2582 1600 2587 --
1612 2564 1752 2607 aff„

217 2601 281 2636 sed
319 2581 506 2646 quomodo
545 2601 727 2637 eiusmodi
764 2611 891 2637 versus
929 2599 1059 2636 clodus
1095 2599 1175 2635 fieri
1207 2602 1274 2636 aut
1303 2600 1378 2636 dici
1411 2599 1576 2646 potuerit
1609 2600 1750 2653 ignoro.

215 2648 347 2693 Neque
373 2648 549 2684 convenit
573 2647 735 2685 latinum
761 2648 991 2694 exemplum,
1017 2647 1118 2693 quod
1142 2648 1200 2683 est
1218 2646 1421 2684 iambicum
1439 2645 1752 2693 penthemimeres

216 2707 261 2731 ex
285 2696 458 2731 trimetro
486 2695 613 2741 aliquo
633 2698 676 2731 ut
694 2696 843 2732 videtur
862 2696 1096 2741 decerptum,
1121 2706 1240 2740 neque
1266 2696 1394 2731 tamen
1421 2695 1752 2740 obtemperandum

215 2743 403 2779 Meinekio
438 2744 476 2779 et
507 2743 658 2780 Brinkio
691 2744 740 2780 ad
772 2743 931 2779 eundem
962 2754 1156 2778 numerum
1188 2754 1371 2798 graecum
1403 2741 1613 2789 exemplum
1644 2753 1751 2778 revo-

216 2791 386 2826 cantibus
422 2791 608 2834 (Meineke
642 2790 792 2837 scripsit
816 2792 914 2836 Πίση
918 2804 939 2825 ν
976 2787 1066 2836 παρ’
1102 2786 1239 2835 αὐτήν,
1277 2789 1394 2825 Brink
1431 2789 1549 2825 multo
1588 2789 1751 2826 deterius

216 2840 353 2874 πίσσαν
378 2837 594 2885 πάσαντες),
619 2850 708 2875 nam
733 2838 854 2875 latina
879 2838 1052 2884 exempla
1075 2837 1220 2874 Plotius
1245 2837 1408 2882 addidit,
1434 2847 1571 2884 graeca
1599 2835 1751 2873 aliunde

218 2885 415 2931 descripsit
453 2898 548 2930 quae
585 2885 616 2922 si
649 2885 747 2922 inter
780 2897 819 2922 se
855 2885 1089 2931 discrepant,
1127 2884 1272 2922 Plotius
1310 2885 1526 2931 culpandus.
1576 2883 1750 2930 Hartung

219 2934 349 2969 contra
374 2934 497 2977 Πίσην
524 2931 771 2980 παρασάγγης
796 2933 925 2969 edidit.
