1890 3216
184 159 272 201 394
774 161 1126 200 IAMBOGRAPHI.

846 271 915 314 43.
950 271 1056 325 [21.]

243 349 366 409 Ἵστη
398 350 492 396 κατ’
529 350 644 410 ἥκην
676 351 873 410 κύματός
902 371 949 398 τε
979 352 1189 412 κᾶνέμου.

485 492 499 510 2
844 475 915 518 44.
949 475 1055 529 [24.]

254 555 544 613 Μετέρχομαί
571 569 641 612 σε,
675 555 904 614 σύμβολον
935 557 1211 616 ποιεύμενος.

844 679 1054 734 45.[27]

259 761 476 815 Τριάιναν
509 758 679 819 ἐσθλὴν
710 761 785 807 καὶ
815 752 1098 821 κυβερνήτην
1132 761 1290 820 σοφόν.

843 884 912 927 46.
947 884 1052 938 [73]

256 967 439 1023 Φηλῆτα
470 965 647 1025 νύκτωρ
679 965 780 1026 περὶ
811 965 945 1011 πόλιν
975 969 1261 1030 πωλευμένῳ.

181 1119 384 1167 Θεόκριτος
410 1120 530 1159 οἷονεὶ
556 1123 665 1180 φῦμα
691 1120 768 1159 ἀπὸ
790 1124 857 1159 τοῦ
878 1120 1066 1181 φύεσθαιη
1071 1121 1111 1160 ἐν
1131 1129 1209 1166 τοῖς
1234 1122 1388 1167 πώλοις·
1416 1122 1466 1167 ὥς
1492 1138 1608 1172 φησιν
1631 1123 1720 1185 Ἀρι-

181 1169 363 1228 στοτέλης.
402 1169 504 1216 λέγει
530 1184 601 1217 γαρ
628 1170 692 1207 καὶ
714 1167 918 1218 Ἀρχίλοχος
942 1169 984 1208 τὸ
1012 1172 1132 1234 (priua,
1148 1171 1312 1218 φυτόν·
1337 1171 1474 1220 Ἐσθλὴ
1478 1187 1499 1209 ν
1525 1178 1600 1212 κτλ.
1635 1172 1721 1211 ἀντὶ

179 1231 246 1254 του
273 1231 456 1264 φυματος.
490 1240 534 1245 -
574 1220 738 1264 εἴκασιν,
772 1219 879 1265 Toup
906 1221 1007 1255 ἰάσιν
1033 1220 1093 1255 vel
1120 1221 1156 1266 ἴη
1161 1233 1237 1266 σιν,
1267 1221 1538 1278 Hemsterhuys
1571 1218 1719 1282 ἄκησιν.

178 1267 352 1303 Fortasse
377 1267 490 1324 plane
518 1267 732 1313 delendum,
757 1269 801 1303 ut:
819 1267 1067 1304 Archilochus
1087 1269 1279 1315 scripserit
1305 1266 1448 1316 ἐσθλὴν
1475 1267 1546 1317 γὰρ
1573 1267 1720 1317 ἀλκὴν

181 1312 268 1350 οἶδα
293 1313 468 1351 τοιούτου
497 1315 632 1359 φυτοῦ.

274 1363 333 1399 Fr.
354 1367 411 1398 43.
450 1363 507 1398 Ε13.
530 1363 578 1399 M.
599 1367 681 1407 424,
703 1366 764 1399 18:
790 1360 881 1410 ἥκη·
910 1360 933 1409 ἡ
959 1359 1126 1422 ὀξύτης
1118 1365 1186 1400 τοῦ
1212 1362 1385 1411 σιδήρου·
1387 1361 1612 1423 Ἀρχίλοχος
1636 1367 1719 1413 ἵστη

179 1413 253 1446 κτλ.
294 1412 332 1447 et
357 1414 415 1456 47,
442 1415 504 1446 22.
540 1407 639 1456 Ἀκή·
667 1408 689 1456 ἡ
718 1407 870 1456 ὀξύτης
903 1424 1006 1469 παρα
1033 1424 1075 1447 το
1101 1408 1181 1458 ἥκω
1207 1414 1353 1459 γίνεται
1377 1409 1469 1460 ἡκή,
1496 1427 1516 1449 ο
1542 1415 1722 1473 σημαίνει

178 1456 247 1504 τὴν
264 1440 460 1516 ὀξύτητα·
491 1455 709 1518 Ἀρχίλοχος·
743 1461 824 1505 ιστη
851 1473 884 1496 κ.
898 1456 945 1517 ἧ.
973 1473 1006 1495 κ.
1033 1459 1199 1496 κυανέου
1225 1461 1313 1518 (sed
1340 1461 1443 1498 Sorb.
1461 1442 1551 1497 ἴστ’
1530 1475 1625 1508 ηκην
1651 1460 1718 1498 κύ-

176 1503 296 1566 ματός
327 1520 365 1543 τε
400 1506 465 1542 καὶ
484 1503 675 1565 ανέμου),
714 1507 779 1543 καὶ
813 1505 911 1543 κατὰ
946 1505 1127 1554 συστολὴν
1160 1505 1245 1554 οἲκή.
1297 1509 1355 1544 Ε13.
1383 1508 1494 1545 Vind.
1522 1509 1603 1546 cod.
1632 1513 1717 1547 158:

176 1553 378 1601 Ἀρχίλοχος
413 1553 556 1600 ἷστήκει
591 1553 760 1601 κατήκην
786 1558 860 1591 κτλ.
914 1555 999 1592 Sine
1032 1559 1167 1602 poetae
1199 1569 1234 1592 n.
1262 1557 1390 1594 Zonar.
1419 1561 1498 1593 983.
1549 1557 1719 1604 Respicit-

177 1603 348 1639 Favorin.
371 1607 452 1647 190,
479 1603 544 1639 sed
564 1603 794 1639 confundens
815 1615 899 1640 cum
919 1604 1118 1640 Homerico
1144 1605 1225 1650 ἵστη
1246 1603 1289 1640 δε
1310 1603 1407 1651 μέγα
1427 1605 1538 1651 κῦμα.
1571 1604 1721 1642 Hecker

179 1647 264 1686 κατ’
292 1647 388 1697 ἠγὴν
415 1652 454 1687 et
478 1647 657 1697 κήνέμου.
702 1651 745 1686 In
768 1651 826 1688 Et.
847 1651 895 1687 M
917 1656 999 1696 477,
1020 1656 1065 1687 56
1091 1651 1169 1688 alia
1192 1651 1408 1698 imperativi
1432 1654 1515 1699 ἵστη
1549 1653 1721 1700 exempla.

178 1700 437 1745 proponunt-ur
461 1700 543 1745 ἵστη
571 1698 641 1746 μὲν
667 1697 770 1745 ὄμμα
796 1701 834 1736 et
859 1679 1026 1746 μέγεθός
1045 1694 1080 1735 δ’
1105 1695 1151 1735 ὃν
1177 1701 1258 1746 ἵστη
1262 1701 1398 1746 ‚quod
1423 1701 1576 1746 quidem
1601 1701 1719 1737 mani-

176 1747 273 1783 festo
299 1747 393 1783 vitio
418 1747 583 1792 laborat,
616 1747 768 1796 ambigo
795 1749 932 1792 autem,
959 1749 1086 1783 utrum
1110 1747 1367 1784 adhibendum
1397 1748 1448 1784 sit
1473 1749 1522 1785 ad
1545 1749 1648 1795 prius
1674 1749 1717 1786 fr.

178 1794 528 1849 redintegrandum,
554 1793 660 1831 velut
683 1794 944 1841 Μενέλεως,
970 1796 1052 1841 ἵστη
1079 1809 1149 1841 μεν
1175 1792 1297 1842 ὄμμα,
1323 1807 1372 1832 an
1396 1761 1614 1833 Archilochi
1638 1808 1719 1834 ver·

178 1854 260 1878 sum
286 1843 467 1888 attineat3
492 1842 767 1889 iambographo
792 1845 893 1879 certe
919 1854 994 1879 non
1019 1842 1195 1899 indignus
1220 1855 1365 1880 versus:

389 1871 640 1934 Ἀσφαλέως
665 1892 747 1937 ἵστη
774 1887 864 1927 κατ’
892 1887 990 1937 ἠκὴν
1017 1887 1184 1936 κύματος
1208 1904 1246 1927 τε
1274 1887 1454 1949 κᾶνέμου.

273 1939 332 1974 Fr.
359 1943 415 1974 44.
463 1938 586 1975 Schol.
613 1938 720 1974 Pind.
748 1938 804 1975 Ol.
831 1939 901 1975 XII
922 1943 983 1975 10·
988 1937 1215 1997 Φιλόχορος
1241 1937 1283 1975 δὲ
1309 1937 1376 1980 τὰς
1403 1936 1446 1976 ἐκ
1459 1936 1600 2000 φήμης
1625 1953 1719 1997 μαν-

179 1987 283 2027 τείας
308 1985 498 2022 τουτέστιν
524 1984 713 2045 κληδόνας
738 1987 803 2022 καὶ
828 1983 1023 2038 πταρμους
1047 1983 1070 2033 ἢ
1092 2000 1224 2032 φωνας
1249 1983 1275 2045 ἢ
1292 1984 1422 2034 φήμας
1443 2000 1466 2033 η
1488 1985 1720 2047 ἀπαντήσεις

179 2031 349 2119 σνύιέἒολιῗ
368 2047 482 2119 .ἶῖἶὶἶὲ
496 2033 710 2128 λέἶέξῗῗ
703 2031 1138 2124 σῖῐθΐὶχῗέἕχὲἓωῖῗῖ.
1158 2047 1213 2118 23⁶.
1232 2033 1347 2118 2⁶⁶2?
1337 2034 1720 2129 μ”ῗέἶμεέἕιὲῗῗῖῗζ

180 2144 208 2175 φ
237 2134 324 2166 199·
369 2096 528 2172 ἰωνικόός
560 2097 792 2177 μεταρηᾶντὶ
823 2131 890 2166 τοῦ
923 2128 1036 2177 πρὸς
1067 2097 1236 2178 οἷνέῖιους7
1257 2097 1398 2177 ἧλθηενη
1423 2097 1481 2172 ῗος
1498 2127 1718 2178 Ἀρχίλοχος·

178 2177 407 2225 μετέρχομαι
434 2176 472 2220 ἐς
497 2175 710 2234 σύμβουλον
735 2177 972 2225 ποιεύμενος.

274 2226 333 2262 Fr.
361 2230 417 2262 45.
468 2227 640 2262 Hermiae
665 2226 705 2262 in
730 2227 842 2263 Arist.
870 2227 912 2262 T.
938 2227 990 2263 IV
1003 2238 1086 2287 p.
1081 2230 1124 2262 10
1143 2226 1177 2261 A
1202 2226 1259 2263 ed.
1285 2226 1451 2264 Bekker:
1485 2223 1619 2287 ἐπειδὴ
1645 2224 1719 2311 ’γὰρ

180 2271 322 2310 ε’κεῖνοι
348 2272 471 2320 σοφὸν
498 2272 695 2321 ὠνόμαζον
720 2273 786 2311 τὸν
811 2288 950 2332 ηντινα
974 2287 1042 2311 ουν
1070 2271 1226 2310 ἐπιόντα
1248 2273 1396 2321 τέχνην,
1423 2268 1475 2310 ὧν
1501 2273 1556 2316 εἷς
1575 2269 1702 2333 ἦνκα

178 2318 198 2358 ὁ
222 2319 425 2380 Ἀρχίλοχος
449 2321 587 2379 λέγων·
627 2326 680 2369 Τρ
684 2324 812 2359 ίαιναν
839 2319 979 2359 ἐσθλὸν
1006 2324 1120 2368 (recte
1146 2322 1203 2359 ed.
1229 2322 1322 2359 Ven.
1353 2326 1444 2359 1545
1472 2319 1629 2369 ἐσθλὴν)
1653 2321 1719 2359 καὶ

178 2368 414 2418 κυβερνήτην
440 2368 564 2416 σοφὸν
590 2337 680 2417 (ed.9
688 2371 780 2406 Ven.
808 2369 1041 2429 κυβερνητὴς
1067 2368 1239 2430 σοφός).

273 2417 331 2454 Fr.
357 2423 416 2455 46.
466 2419 570 2455 Ειιε13.
598 2418 666 2455 Od.
697 2422 800 2476 1889,
829 2423 865 2454 1:
902 2417 1067 2479 Φιλήτου
1100 2416 1143 2453 δὲ
1175 2410 1242 2454 τοῦ
1269 2416 1469 2464 εἰρημένου
1495 2419 1624 2464 χρῆσις
1640 2417 1719 2477 μὲν

177 2463 281 2524 παρά
307 2480 346 2502 τε
369 2463 530 2513 Ησιόδῳ
557 2466 622 2502 καὶ
629 2479 750 2523 παρα
774 2447 967 2515 Ἀρχιλόχῳ
995 2463 1036 2502 ἐν
1062 2466 1112 2513 τῷ
1142 2463 1281 2516 Φιλήτα
1307 2480 1338 2502 ν.
1360 2479 1396 2501 π.
1418 2479 1456 2502 π.
1482 2464 1716 2513 πολευμένφ,

148 2527 154 2533 ·
176 2511 297 2572 ἤγουν
323 2513 462 2562 κλέπτῃ
489 2503 707 2563 νυκτιλόχῳ.
747 2514 887 2560 Scripsi
911 2503 1138 2562 πωλευμένῳ
1165 2503 1375 2550 Liebelium
1400 2515 1562 2558 secutus,
1587 2516 1626 2550 et
1645 2527 1718 2560 φη-

179 2559 283 2608 λήτα,
310 2563 372 2598 vel
397 2563 524 2608 potius
552 2551 719 2608 φηλῆτα,
745 2562 875 2599 littera
899 2563 1005 2598 muta
1030 2550 1201 2598 detracta
1225 2563 1268 2597 ut
1291 2563 1348 2597 est
1372 2573 1430 2608 ap.
1450 2561 1719 2598 Antimachum

177 2610 216 2645 in
241 2609 358 2646 Bekk
385 2609 454 2647 An.
481 2611 534 2646 III
563 2614 670 2647 1187:
709 2612 828 2656 πατρί
855 2623 894 2646 τε
928 2610 1162 2656 κυανοχαίτα
1187 2610 1449 2655 (κυανοχαῖτα)
1475 2606 1719 2646 Ποσειὸαωνι

178 2655 384 2699 πεποιθώς.
429 2658 503 2695 Sed
528 2659 652 2694 nescio
679 2670 727 2694 an
753 2658 902 2694 dativus
929 2669 974 2694 ex
998 2657 1144 2694 librarii
1169 2668 1292 2693 errore
1318 2657 1368 2692 sih
1389 2658 1509 2702 ortus,
1536 2668 1647 2703 quem
1675 2654 1717 2693 ἐν

177 2705 994 2800 ἷέἓνέἑίῗῗῗιῖἒὲωςῗῖξᾞῗρῶἓῆῗῖΐέἐὲί
1013 2706 1175 2790 {222230
1200 2703 1466 2796 ῧέἓῂἐζὲῗὲἒ
1492 2705 1716 2808 ἒὲαεὸῗοᾈὲξ

177 2802 288 2837 modo
314 2802 496 2846 obsoluit,
521 2801 792 2838 Psammetichi
815 2803 986 2847 tempore
1007 2813 1030 2837 a
1049 2799 1200 2837 Graecis
1219 2800 1482 2836 mercennariis
1506 2799 1569 2836 vel
1592 2799 1717 2836 nautis

176 2848 216 2883 in
234 2848 453 2895 Aegyptum
472 2829 655 2885 translaba.
674 2851 713 2885 ei}
737 2850 780 2885 ιι13
804 2850 848 2885 fit
872 2850 1048 2895 corrupiza.
1073 2859 1171 2892 esse,
1197 2848 1295 2883 unde
1319 2847 1397 2883 iam
1421 2848 1566 2884 veheres
1592 2859 1716 2893 gram-

141 2939 143 2941 ·
177 2897 307 2932 maciei
340 2896 565 2957 disceptant
588 2897 634 2933 de
666 2897 869 2944 scriptura,
903 2897 1054 2943 Trypho
1081 2894 1238 2942 φιλήτης
1262 2895 1455 2942 probamin
1480 2894 1716 2932 Herodianus

177 2944 222 2980 ut
245 2943 394 2981 videtur
419 2942 596 2991 φηλητής.
