1890 3216
224 147 311 189 414
810 150 1164 186 IAMBOGRAPHI.

875 258 1110 312 101.[95]

296 334 477 387 Πολλὰς
509 335 558 380 δὲ
590 335 761 393 τυφλὰς
794 339 1002 399 ἐγχέλυας
1033 340 1176 392 ἐδέξω.
1205 364 1208 367 <

869 458 1106 514 102.[97]

289 535 386 594 Ὑφ’
422 535 590 595 ἡδονῆς
622 540 870 597 σαλευμένη
903 540 1093 597 κορώνη.

588 706 591 707 ⁷
876 661 1110 714 103.[61]

301 744 431 793 Τοῖος
462 739 547 799 γὰρ
580 741 817 798 φιλότητος
848 745 959 799 ἔρως
990 740 1078 786 ὑπὸ
1111 746 1301 801 καρδίην
1335 746 1539 797 ἐλυσθείς

355 811 527 869 πολλὴν
558 811 654 856 κατ’
690 810 831 870 ἀχλὺν
865 811 1078 869 ὀμμάτων
1111 816 1284 871 ἔχευεν,

294 883 458 936 κλέψας
490 884 537 927 ἐκ
570 883 776 939 στηθέων
809 881 973 936 ἀταλᾶς
1005 885 1183 941 φρένας.

875 1005 972 1048 104.
1005 1005 1110 1058 [64.]
1689 1020 1758 1053 113

295 1083 420 1143 Πρὸς
451 1079 578 1142 δηῦτ’
613 1084 756 1130 ἄεθλα
790 1089 930 1143 δῆμος
961 1073 1217 1144 ἠθροίζετο,

356 1159 404 1202 ἐν
437 1157 486 1202 δὲ
519 1157 838 1215 Βατουσιάδης.

225 1333 396 1373 Οὗκὲθ’
432 1340 505 1373 κτλ.
532 1337 596 1372 ubi
622 1337 718 1371 FBH
743 1334 904 1394 θαλλης,
930 1337 959 1372 E
987 1335 1139 1382 θάλεις,
1174 1339 1266 1374 Nan.
1292 1338 1466 1380 θάλλοις,
1492 1351 1620 1376 omnes
1646 1354 1757 1387 ομως,

223 1385 324 1429 quod
349 1385 508 1421 correxit
535 1385 690 1420 Brunck.
719 1406 760 1410 —
789 1382 989 1431 κάρφεται,
1015 1367 1272 1421 Mitsclierlich
1299 1387 1393 1422 coni.
1421 1385 1600 1432 κάρφεαι.
1639 1389 1740 1424 Ree

222 1434 316 1468 titur
340 1443 466 1469 versus
486 1432 533 1469 ib.
555 1437 600 1468 40
622 1433 701 1478 (ubi
726 1427 843 1478 ὅμως)
871 1434 909 1468 et
933 1437 978 1469 88
1006 1433 1085 1479 (ubi
1111 1429 1236 1479 ομως).
1286 1434 1451 1470 Priorem
1478 1437 1621 1481 partem
1700 1437 1758 1472 ert

223 1480 346 1516 Schol.
367 1481 485 1526 Heph.
511 1485 589 1524 176,
614 1480 858 1533 posteriorem
882 1484 958 1516 174.
1004 1481 1110 1516 Adde
1131 1481 1238 1517 Attil.
1260 1482 1359 1518 Fort.
1380 1486 1461 1527 356,
1481 1483 1546 1528 qui
1565 1484 1757 1541 adscripto

222 1528 370 1575 integro
396 1540 505 1564 versu
531 1510 665 1563 deinde
690 1526 829 1573 repetit
860 1528 967 1564 colon
994 1528 1235 1573 dactylicum.
1265 1530 1369 1588 apud
1400 1531 1499 1566 hunc
1531 1542 1615 1566 cum
1649 1527 1758 1567 οὐκε-

224 1589 337 1633 τομος
361 1576 423 1611 vel
449 1577 653 1622 δοκετομος
678 1576 757 1619 (sed
783 1575 917 1611 deinde
943 1578 1099 1621 uterque
1124 1573 1301 1612 00(1.οὖκ
1329 1574 1409 1623 ἔθ’)
1441 1578 1607 1624 legatur,
1637 1579 1758 1624 possis

222 1620 375 1659 οὐκέτ’
405 1621 505 1670 ὁμῶς
530 1634 718 1659 revocare.
747 1644 790 1649 —
816 1622 1016 1659 Elmsleius
1042 1635 1126 1659 cum
1151 1624 1224 1660 hoc
1248 1635 1356 1660 versu
1382 1626 1574 1661 coniunxit
1605 1626 1648 1662 fr.
1677 1631 1757 1664 116.

317 1696 374 1730 Fr.
403 1699 480 1731 101.
533 1695 666 1730 Athen.
693 1694 763 1729 VII
795 1698 864 1730 299
896 1696 945 1729 A:
974 1691 1134 1753 Ομήρου
1168 1692 1341 1736 εἰπόντος
1372 1696 1428 1740 (11.
1457 1710 1485 1741 φ
1512 1700 1616 1743 353)·
1652 1699 1757 1733 Τεί-

224 1739 344 1787 ροντ’
373 1740 589 1788 ἐγχέλυές
613 1755 659 1778 τε
687 1742 763 1777 καὶ
789 1739 951 1787 ἰχθύες
976 1740 1199 1783 ακολούθως
1225 1741 1377 1788 ἐποίησε
1404 1744 1470 1779 καὶ
1494 1742 1756 1791 Ἀρχίλοχος

222 1788 399 1831 Πολλας
436 1793 510 1826 κτλ
566 1791 623 1825 Fr.
666 1794 731 1825 101
765 1791 803 1825 et
841 1793 906 1825 102
942 1791 1041 1827 haud
1082 1790 1194 1826 dubie
1240 1790 1406 1826 eiusdem
1444 1792 1617 1828 carminis
1660 1794 1756 1838 sunt,

223 1838 326 1874 cuius
353 1837 534 1884 reliquiae
559 1838 799 1884 praecedunt.

318 1910 376 1945 Fr.
405 1913 484 1945 102.
535 1909 658 1945 Schol.
691 1909 798 1944 Arati
831 1913 939 1944 1009:
975 1900 1201 1944 Διακινοῦσι
1231 1907 1324 1966 γὰρ
1335 1907 1402 1951 τὰς
1432 1908 1619 1970 πτέρυγας
1651 1904 1756 1947 οὗτοι

222 1954 412 2015 (κόρακες)
442 1953 514 2002 ὑφ’
549 1954 690 2002 ἡδονῆς
721 1954 789 2002 τὴν
821 1958 963 2014 κοίτην
982 1954 1277 2015 καταλαβόντες,
1305 1953 1332 2015 ἦ
1365 1954 1431 2003 τὴν
1463 1971 1506 1994 εκ
1539 1959 1605 1994 τοῦ
1645 1955 1757 2005 ἀέρος

223 2003 366 2051 ἰκμάδα
392 2002 714 2046 διατινασσοντες
741 2004 805 2040 καὶ
830 2002 921 2049 παρ’
952 2000 1159 2050 Ἀρχιλόχῳ·
1199 2001 1268 2049 ὑφ’
1296 2002 1438 2050 ἡδονῆς
1463 2004 1696 2052 σαλευομένη
1721 2020 1755 2042 κ.

223 2053 363 2099 Scripsi
389 2051 612 2098 σαλευμένη,
639 2052 739 2098 quod
765 2052 879 2088 etiam
907 2051 1078 2087 Meineke
1104 2051 1274 2088 coniecit.

318 2125 376 2161 Fr.
406 2128 483 2160 103.
536 2124 638 2160 Stob.
670 2123 797 2160 Floril.
830 2123 947 2158 LXIV
974 2127 1035 2158 11:
1066 2120 1290 2182 Ἀρχιλόχου·
1328 2127 1439 2165 Τοῖος
1470 2128 1546 2160 κτλ.
1581 2145 1623 2151 -
1651 2125 1694 2161 V.
1724 2129 1754 2161 1.

224 2169 409 2229 ἐλυσθείς,
435 2171 625 2207 Hermann
651 2172 745 2208 coni.
773 2168 947 2217 ἑλιχθείς.
968 2191 1013 2196 -
1033 2170 1077 2206 V.
1100 2174 1132 2206 3.
1155 2167 1196 2206 ἐκ
1215 2170 1280 2205 ΑΒ
1300 2171 1409 2206 Vind.
1431 2171 1540 2208 Gesn.
1560 2185 1608 2207 m.
1613 2172 1755 2218 ,vulgo

223 2217 275 2255 ἐν.
304 2241 346 2245 -
375 2216 517 2260 ἆταλάς
541 2218 732 2263 Meineke,
767 2219 965 2265 legebatur
989 2215 1149 2258 ἁπαλας.
1200 2219 1269 2254 Est
1298 2220 1342 2255 ut
1371 2219 1519 2256 videtur
1549 2230 1594 2255 ex
1625 2220 1756 2256 eodem

223 2267 399 2313 carmine,
426 2267 530 2302 cuius
556 2267 735 2312 reliquiae
762 2267 999 2312 praecedunt.

316 2338 375 2373 Fr.
405 2342 483 2373 104.
532 2336 947 2395 Hephaest.129:st'62
973 2335 1014 2372 δε
1038 2333 1079 2372 ἐν
1105 2341 1182 2377 τοῖς
1207 2349 1412 2394 ποιημασιν
1444 2337 1508 2373 καὶ
1542 2336 1581 2373 οἵ
1603 2350 1752 2384 αρρενι-

223 2387 295 2427 κῶς
321 2380 425 2422 οὗτοι
453 2383 686 2444 καλούμενοι
718 2382 863 2434 ἔπςοδοί
885 2413 892 2420 .
915 2411 922 2419 .
946 2413 952 2420 .
981 2383 1079 2420 οἷον·
1108 2382 1240 2429 Πατηρ
1272 2382 1468 2467 Λυκάμβα
1485 2413 1492 2420 .
1515 2413 1522 2420 .
1544 2416 1551 2422 .
1578 2385 1643 2421 καὶ
1669 2384 1752 2421 ἐ’“τι

222 2428 265 2469 εὖ
285 2447 354 2469 τοι
380 2431 492 2477 πρὸς
518 2431 667 2469 αεθλα
687 2436 761 2468 κτλ.
800 2433 859 2469 Et.
882 2445 913 2467 v.
934 2437 955 2467 2
981 2431 1082 2467 idem
1103 2435 1147 2466 39
1168 2431 1331 2468 dilucide
1355 2433 1405 2468 tri
1433 2432 1491 2467 uit
1509 2433 1752 2468 Archilocho.

222 2482 294 2516 τῶν
323 2479 364 2517 δε
393 2481 446 2521 εἰς
477 2478 664 2529 συλλαβὴν
690 2481 740 2539 τῷ
767 2493 836 2526 μεν
863 2482 1146 2539 πενθημιμερεῖ
1171 2476 1273 2538 πρὸς
1297 2477 1367 2515 δύο
1392 2479 1502 2515 ποσὶν
1529 2477 1652 2515 οὐσῶν
1677 2480 1751 2515 τῶν

222 2529 413 2577 συλλαβῶν
442 2526 644 2574 Ἀρχίλοχος
673 2526 850 2573 κέχρηται
886 2525 927 2563 ἐν
954 2525 1108 2574 ἐπῳδῷ,
1141 2525 1222 2561 οἷον
1256 2523 1303 2561 ἐν
1336 2525 1384 2562 δε
1417 2525 1708 2574 Βατουσιάδη
1717 2540 1751 2572 ς,

222 2588 316 2622 quae
343 2576 541 2621 descripsit
566 2575 687 2612 Schol.
714 2575 824 2611 Arist.
852 2575 948 2610 Nub.
975 2564 1055 2610 27¹5.
1086 2574 1124 2609 V.
1146 2577 1166 2608 2
1194 2573 1304 2609 affert
1328 2575 1529 2620 Hephaest.
1555 2576 1753 2620 praeterea

221 2628 277 2659 25.
305 2623 426 2660 Schol.
448 2624 569 2680 Heph.
594 2628 671 2659 176.
697 2622 872 2659 Priscian.
899 2622 935 2657 II
959 2626 1026 2657 411
1062 2621 1118 2657 ed.
1144 2620 1239 2656 Keil.
1267 2621 1358 2658 Mar.
1386 2622 1481 2658 Plot.
1508 2625 1576 2657 261
1603 2626 1642 2658 et
1667 2626 1748 2658 267.

223 2692 267 2698 -
293 2672 337 2708 V.
366 2675 396 2707 1.
423 2668 518 2717 πρὸς
550 2665 663 2716 δηῦτε
697 2669 845 2715 scripsi,
883 2670 1042 2715 Bentley
1082 2681 1166 2704 ευτε
1199 2666 1308 2714 πρὸς,
1340 2669 1668 2726 quemadmodum
1683 2670 1749 2704 Ar-

222 2719 432 2755 chilochum
459 2718 635 2754 narrandi
660 2717 852 2754 exordium
879 2717 1020 2763 cepisse
1054 2728 1128 2752 non
1159 2717 1216 2751 est
1246 2715 1457 2761 probabile,
1483 2716 1597 2762 vulgo
1625 2729 1668 2752 ευ
1693 2729 1751 2752 τοι

221 2764 326 2812 πρὸς,
347 2766 498 2802 ACEPS
525 2760 606 2801 εὖτι
625 2763 727 2811 πρὸς.
749 2785 793 2791 -
813 2764 857 2800 V.
878 2769 910 2800 2.
931 2760 1199 2820 Βατουσιαδης.
1227 2762 1279 2798 Cf.
1300 2763 1459 2809 Hesych.
1485 2763 1750 2821 Σελληΐδεω

223 2814 407 2871 (Musurus
439 2814 536 2849 male
567 2815 662 2849 Σελλ
666 2811 832 2858 ηϊοὶδεω).
871 2810 1039 2866 Σελλέως
1068 2808 1152 2851 υἱὸς
1182 2807 1201 2846 ὃ
1234 2823 1383 2856 μαντις,
1417 2809 1677 2856 Βατουσιαδης
1707 2808 1748 2846 τὸ

222 2858 354 2906 ὄνομα.
381 2861 482 2906 quod
507 2861 606 2896 haud
634 2861 746 2896 dubie
778 2871 822 2895 ex
853 2859 925 2895 hoc
955 2860 1035 2914 ipso
1067 2858 1229 2894 carmine
1260 2858 1432 2903 petitum.
1483 2858 1657 2894 Ceterum
1683 2859 1748 2893 Ar—

223 2908 415 2944 chilochus
439 2908 524 2944 fort.
550 2907 791 2944 Batusiadem
812 2909 898 2943 ficto
920 2907 1067 2943 nomine
1088 2905 1297 2951 appellavit
1314 2905 1536 2951 Σελληΐδην,
1563 2917 1650 2941 nam
1670 2908 1747 2942 σελ-
