1890 3216
840 190 1105 229 HIPPONAX.
1658 194 1745 236 497

108 324 122 330 0
169 304 376 358 Θρηΐκη·
415 299 649 357 ὑποδηματα
686 301 794 358 παρὰ
822 301 1017 359 Ἀρκάσιν.
1062 307 1111 347 cf
1144 307 1336 358 Hesycha
1382 302 1552 359 Θρηϊκή·
1591 302 1746 360 ὑποδη-

199 366 334 424 μάτων
365 366 470 420 εἶδος
502 373 721 423 Περσικῶν.
784 371 861 411 Sed
892 384 997 411 nunc
1027 373 1186 412 malim·
1228 366 1420 425 Κυβήκη’
1451 367 1477 425 ἡ
1510 369 1646 451 μήτηρ
1667 374 1747 412 τῶν

197 438 328 486 θεῶν,
370 435 436 476 καὶ
468 432 493 489 ἡ
522 433 736 490 Ἀφροδίτη
769 432 866 491 (ὑπὸ
899 433 1071 492 Λυδῶν)
1110 432 1136 490 ἢ
1169 436 1234 478 καὶ
1268 440 1459 492 Φρυγῶν·
1496 434 1590 491 παρ’
1625 433 1648 479 ὁ
1679 437 1746 478 καὶ

202 497 394 551 Ιππῶνάξ
427 511 545 555 φησι·

415 598 496 639 Καὶ
530 596 625 648 Διὸς
656 596 783 653 κούρη
817 595 989 652 Κυβήκη
1021 598 1088 639 καὶ
1124 601 1293 653 Θρηϊκίη
1326 600 1479 649 Βενδῖς.

197 691 265 748 (ut
283 696 332 737 fr.
354 698 428 736 41:
461 692 523 736 ἐπ’
553 691 738 748 ἁρμάτων
764 711 801 736 τε
826 695 892 736 καὶ
917 695 1119 748 Θρηϊκίων
1144 692 1320 751 πώλων.)
1353 693 1463 737 ἄλλοι
1489 694 1532 736 δὲ
1547 693 1743 750 Ἄρτεμιν.

195 759 263 801 καὶ
299 756 536 814 ὑποδήματα
575 758 682 815 παρὰ
710 758 907 813 Ἀρκάσιν.
969 762 1027 800 Cf.
1061 762 1176 802 Phot.
1212 765 1315 812 182,
1350 765 1424 803 20:
1470 759 1680 816 Κύβηβος·
1722 759 1743 804 ὁ

195 824 455 880 κατεχόμενος
486 830 533 882 τῇ
565 826 679 880 μητρὶ
716 830 795 868 τῶν
826 830 956 878 θεῶν,
996 825 1257 880 θεοφόρητος.
1321 825 1471 880 Χάρων
1503 826 1546 869 δὲ
1578 825 1599 869 ὁ
1629 832 1743 882 Λαμ-

194 890 380 946 ψακηνὸς
418 893 461 934 ἐν
497 896 543 948 τῇ
583 890 719 948 πρώτῃ
756 890 830 945 τὴν
862 889 1103 946 Ἀφροδίτην
1146 890 1225 934 ὑπὸ
1268 895 1440 948 Φρυγῶν
1484 894 1550 935 καὶ
1590 896 1744 935 Λυδῶν

195 955 396 1012 Κυβήβην
434 957 627 1013 λέγεσθαι.
690 960 879 998 Formam
916 956 1095 1012 κυβήκη,
1141 973 1242 1011 quae
1280 961 1379 999 mihi
1418 962 1512 1000 olim
1550 963 1599 1002 de
1643 963 1742 1003 vitio

195 1027 386 1075 suspecta
416 1025 495 1064 fuit
527 1020 595 1079 (cf.
627 1026 676 1064 de
702 1038 800 1064 com.
827 1024 913 1065 Att.
949 1021 1042 1077 92),
1081 1039 1160 1064 non
1190 1026 1271 1065 iam
1304 1027 1494 1075 sollicito,
1533 1028 1581 1067 cf.
1609 1029 1744 1068 Miller

196 1090 308 1131 Misc.
341 1092 447 1140 423,
493 1103 538 1130 ac
575 1093 715 1130 tuetur
752 1090 913 1130 Lobeck
951 1091 1059 1131 Prol.
1098 1092 1214 1131 Path.
1249 1094 1346 1132 299.
1404 1093 1515 1132 Haec
1553 1095 1630 1144 qui
1658 1095 1743 1134 fere

195 1159 356 1196 secutus
389 1157 452 1196 est
484 1156 665 1196 Schmidt
703 1157 829 1196 edidit
866 1158 1011 1198 codicis
1051 1158 1252 1209 scriptura
1290 1161 1452 1198 servata
1488 1155 1587 1211 παρ’
1621 1155 1643 1199 ὃ
1676 1158 1742 1199 καὶ

200 1213 389 1271 Ϊππώναξ
422 1223 537 1275 φησί
584 1220 666 1262 Καὶ
698 1218 934 1276 διόσκουρος
966 1220 1137 1276 Κυβήκη
1177 1222 1243 1264 καὶ
1279 1225 1432 1277 Θρηΐκη
1465 1225 1630 1276 Βενδῖν,
1671 1226 1742 1265 sed

193 1288 282 1339 ipse
313 1290 524 1339 proposuit
555 1290 673 1329 haec:

410 1371 492 1412 Καὶ
523 1369 620 1420 Διὸς
651 1368 800 1425 κούρας
832 1369 1032 1426 Κυβήβην
1063 1371 1130 1412 καὶ
1165 1373 1360 1426 Θρηϊκίην
1393 1373 1548 1414 Βενδῖν.

194 1469 322 1508 Brink
361 1465 531 1521 Κυβήλη
570 1469 865 1508 restituendum
902 1472 1056 1520 censet,
1102 1472 1142 1509 et
1179 1483 1252 1520 pro
1290 1467 1357 1509 καὶ
1387 1465 1653 1521 Διόσκουρος,
1698 1471 1740 1510 in

194 1537 339 1586 quibus
372 1538 413 1575 et
444 1535 528 1586 ipse
561 1535 663 1575 vidit
689 1531 960 1586 Hipponactis
978 1536 1102 1575 verba
1133 1535 1386 1586 delitescere,
1417 1534 1484 1575 καὶ
1509 1535 1738 1588 Κυβηλίδος

197 1603 342 1653 κοῦρος
374 1601 560 1652 coniecit,
592 1600 671 1641 vid.
704 1600 850 1640 Philol.
876 1601 934 1640 VI
960 1603 1030 1642 42.
1061 1601 1141 1640 VII
1169 1603 1265 1642 741.

918 1706 1014 1748 121.

314 1790 443 1834 Tzetz.
468 1793 648 1844 Lycoph.
678 1795 810 1832 1170:
836 1787 880 1831 ‘O
904 1787 1104 1840 Ἱππῶναξ
1130 1789 1350 1846 Κύβηλιν
1379 1789 1453 1845 τὴν
1476 1789 1588 1835 Ῥεάν
1619 1794 1734 1850 λέγει,

191 1854 300 1911 παρὰ
338 1854 381 1898 τὸ
420 1857 464 1898 ἐν
501 1856 685 1912 Κυβέλλᾳ
723 1853 870 1912 (Brink
901 1854 1103 1914 Κυβὲλᾳ),
1146 1854 1257 1898 πόλει
1297 1859 1493 1913 Φρυγίας,
1536 1864 1736 1913 τιμᾶσθαι.

190 1923 321 1963 Brink
351 1925 510 1963 mutato
544 1926 710 1964 accentu
737 1924 917 1976 Κυβηλίς
947 1924 1137 1975 praefert.

846 2028 1082 2082 122.[95]

311 2115 502 2165 Hesych.:
536 2111 828 2166 Κυλλήβδην
859 2110 939 2167 (ita
964 2115 1103 2163 codeX,
1130 2111 1335 2167 κυλλήβην
1361 2111 1588 2169 Musurus)·
1620 2119 1735 2157 κυλο-

191 2175 314 2232 βόντα
354 2175 431 2232 (Is.
466 2180 582 2220 Voss.
614 2181 860 2232 κολοβῶντα,
899 2179 1079 2219 Schmidt
1108 2176 1279 2232 κολοβὸν
1310 2176 1356 2220 τὰ
1388 2179 1567 2235 αἰδοῖα),
1613 2182 1654 2222 οἱ
1691 2179 1735 2221 δὲ

192 2241 396 2299 (Schmidt
421 2240 527 2295 οἷον,
559 2248 606 2285 ut
631 2258 732 2296 quae
759 2247 982 2296 sequuntur
1008 2245 1272 2296 Hipponactis
1299 2240 1400 2300 sint)
1431 2244 1572 2299 κέρατα
1596 2243 1732 2287 κολό-

191 2311 293 2363 βια·
332 2306 439 2363 παρὰ
464 2305 714 2351 Ἱππώνακτι.
766 2310 894 2350 Brink
925 2311 1024 2350 coni.
1057 2307 1291 2363 Κυλλήβην·
1323 2308 1511 2365 κολοβόν·
1544 2313 1586 2353 οἰ
1613 2311 1656 2353 δὲ
1687 2309 1734 2353 τὰ

189 2374 331 2428 κέρατα
371 2372 552 2428 κολοβόν.
603 2378 722 2428 adde,
767 2390 868 2428 quae
911 2378 1018 2417 idem
1063 2377 1305 2428 significavit
1345 2378 1489 2418 Philol.
1524 2379 1603 2418 VII
1636 2381 1733 2419 741.

113 2442 117 2447 “
190 2443 382 2494 Hartung
413 2445 520 2483 κυλλ.
552 2438 733 2495 κολοβόν.
772 2442 814 2483 οἱ
842 2440 885 2482 δὲ
916 2438 962 2482 τὰ
992 2440 1134 2495 κέρατα
1164 2439 1324 2495 κολοβά.

825 2546 1092 2600 123.[106]

309 2632 440 2674 Schol.
471 2634 639 2673 Nicand.
666 2633 783 2674 Alex.
809 2634 915 2672 465:
951 2635 1032 2673 Τοῦ
1063 2633 1284 2673 θαλασσίου
1315 2635 1522 2686 λαγωοῦ,
1554 2630 1598 2682 ’ὅς
1627 2632 1730 2675 ἔστιν

189 2695 298 2748 εἶδος
328 2696 490 2753 ἰχθύος,
524 2698 591 2739 καὶ
615 2694 816 2747 Ἱππῶναξ
848 2695 1098 2751 μνημονεύει.

911 2809 1008 2853 124.

309 2896 474 2937 Cramer
496 2896 571 2936 An.
591 2896 681 2935 Par.
702 2896 761 2934 IV
785 2897 881 2945 185,
902 2898 976 2936 30:
1008 2895 1118 2945 Λίς,
1150 2890 1172 2935 ὃ
1197 2892 1297 2934 λέων
1327 2893 1393 2934 καὶ
1418 2891 1501 2943 λιὸς
1525 2890 1551 2947 ἡ
1578 2891 1728 2949 γενική,

190 2956 244 3009 ὧς
273 2961 367 3011 κίς,
397 2958 473 3002 κιό
481 2978 520 3012 ς,
552 2957 574 3002 ὁ
599 2957 810 3010 Ἱππῶναξ.
865 2961 1014 3001 Utrum
1040 2961 1251 3012 Hipponax
1280 2960 1455 3013 dixerit,=
1476 2974 1563 3014 non,
1588 2962 1727 3013 liquet.

262 3034 285 3059 P
287 3040 394 3060 οοοοο
414 3035 491 3061 Ian.
520 3035 565 3061 ΙΙ.
1397 3032 1442 3063 32
