1890 3216
853 806 989 851 XXX.
1624 815 1694 847 602

710 927 751 977 G
775 927 820 976 R
843 927 866 975 I
891 927 937 975 T
961 927 987 975 I
1011 926 1055 975 A
1083 925 1132 975 S.

753 1068 784 1101 E
804 1067 838 1100 A
858 1067 888 1100 E
908 1066 939 1099 Γ
958 1065 1026 1099 ΕῚ
1045 1065 1088 1100 A.

766 1158 1068 1207 (HOAITEIAI.)

821 1247 858 1289 1.
894 1243 1021 1301 [1.]*)

222 1353 452 1412 Κότταβος
484 1354 531 1399 ἐκ
564 1355 755 1410 Σικελῆς
781 1353 874 1397 ἐστι
905 1349 1095 1410 χθονός,
1129 1348 1340 1407 ἐκπρεπὲς
1371 1351 1525 1406 ἔργον,

282 1424 337 1471 ὃν
369 1424 540 1472 σκοπὸν
573 1427 617 1479 ἐς
648 1423 857 1482 λατάγων
887 1422 994 1477 τόξα
1025 1420 1358 1480 καθιστάμεθα·

221 1495 315 1543 εἶτα
348 1496 390 1543 δ’
426 1496 531 1556 ὄχος
563 1495 775 1553 Σικελός,
807 1494 959 1540 κάλλει
992 1493 1169 1553 δαπάνῃ
1203 1501 1249 1538 τε·
1281 1492 1524 1551 κράτιστος.

281 1587 303 1612 *
425 1587 447 1612 ιιι
569 1586 591 1611 20<
705 1584 736 1610 .*
858 1584 880 1609 ιιι

221 1640 491 1695 Θεσσαλικὸς
523 1640 573 1686 δὲ
603 1639 796 1699 θρόνος,
827 1642 971 1697 γυίων
1001 1636 1318 1697 τρυφερωτάτη
1345 1637 1477 1695 Υἕδρα·

173 1726 193 1759 5
280 1712 467 1759 εὐναίου
499 1713 549 1759 δὲ
579 1713 736 1772 λε’χους
768 1712 897 1770 ἔξοχα
929 1710 1092 1764 κάλλος
1123 1713 1211 1769 ἔχει

223 1784 425 1843 Μίλητός
454 1801 501 1830 τε
533 1787 642 1837 Χίος
672 1782 728 1840 τ’,
761 1786 919 1836 ἔναλος
950 1781 1079 1835 πόλις
1106 1785 1405 1835 Οἰνοπίωνος·

285 1853 494 1915 Τυρσηνὴ
526 1855 576 1901 δὲ
607 1864 762 1914 κρατεῖ
789 1854 1068 1914 χρυσότυπος
1099 1853 1261 1912 φιάλη,

223 1928 296 1973 καὶ
328 1930 414 1981 πᾶς
445 1926 626 1986 χαλκός,
660 1926 755 1980 ὅτις
786 1936 946 1985 κοσμεῖ
974 1925 1119 1984 δόμον
1152 1928 1202 1970 ἕν
1233 1943 1324 1971 τινι
1355 1927 1497 1984 χρείᾳ·

286 2002 493 2053 Φοίνικες
525 1998 567 2044 δ’
604 1993 742 2058 εὗρον
773 1997 994 2058 γράμματ’
1030 1996 1281 2055 ἀλεξίλογα·

247 2166 428 2204 Critias.
482 2170 512 2203 1.
563 2166 698 2203 Athen.
725 2166 742 2201 I
768 2170 815 2202 28
839 2167 886 2202 B:
919 2166 1109 2211 Κριτίας
1144 2163 1186 2200 δὲ
1221 2161 1340 2205 οὕτως
1373 2162 1432 2208 (τὰ
1460 2159 1499 2206 ἒξ
1528 2159 1690 2208 ἑκάστης

150 2213 293 2256 πόλεως
318 2211 505 2261 ἰδιώματα
530 2212 761 2260 καταλέγει)·
789 2211 982 2262 Κότταβος
1007 2215 1083 2249 κτλ.
1111 2233 1155 2239 -
1181 2212 1225 2248 V.
1255 2215 1346 2247 1-2
1372 2211 1422 2247 ib.
1448 2210 1517 2246 XV
1545 2214 1613 2246 666
1639 2210 1688 2246 B:

84 2291 87 2293 .
150 2261 254 2310 μάθε
287 2259 379 2307 παρ’
421 2259 531 2308 ἐμοῦ,
571 2258 629 2298 ὅτι
662 2262 810 2306 πρῶτον
842 2260 912 2307 μὲν
949 2258 972 2307 ἡ
1007 2261 1080 2296 τῶν
1113 2258 1308 2309 κοττάβων
1327 2257 1482 2298 ,παιδιὰ
1510 2254 1690 2302 Σικελική

155 2309 255 2348 ἐστιν
282 2306 446 2356 εὕρεσις,
473 2307 613 2355 ταύτην
638 2310 787 2355 πρῶτον
820 2306 1009 2355 εὑρόντων
1035 2308 1224 2353 Σικελῶν,
1257 2304 1307 2349 ὡς
1337 2308 1493 2353 Κριτίας
1524 2308 1639 2351 φησὶν
1667 2304 1687 2341 ὁ

151 2360 410 2404 Καλλαίσχρου
439 2354 480 2393 ἐν
506 2362 583 2398 τοῖς
609 2353 787 2402 ἐλεγείοις
811 2355 876 2392 διὰ
902 2353 1063 2392 τούτων·
1089 2352 1284 2404 Κότταβος
1309 2358 1384 2391 κτλ.
1412 2356 1450 2390 et
1474 2367 1507 2390 v.
1533 2357 1550 2388 1
1578 2353 1693 2389 etiam

150 2407 235 2443 Sch.
264 2406 375 2443 Arist.
402 2406 487 2441 Pac.
517 2408 618 2440 1244.
646 2425 690 2431 —
716 2404 760 2443 V.
789 2409 820 2441 1.
849 2403 1060 2453 Κότταβος,
1086 2403 1258 2440 Meineke
1283 2400 1488 2450 κόσσαβος,
1514 2401 1578 2437 sed
1605 2400 1690 2436 vide

149 2455 194 2492 fr.
222 2459 254 2498 7,
283 2458 337 2490 10.
366 2474 409 2480 -
437 2449 514 2489 ἐστι
539 2449 692 2498 χθονός,
720 2449 916 2498 ἐκπρεπὲς,
942 2452 1030 2488 Ath.
1056 2463 1110 2498 pr.
1136 2451 1220 2487 loco
1245 2447 1388 2497 χθονὸς
1414 2447 1600 2493 ἐκπρεπὲς
1626 2447 1692 2489 εἰς.

105 2503 110 2508 “
152 2523 196 2530 -
220 2502 264 2538 V.
292 2506 325 2539 2.
351 2496 397 2538 ὃν
424 2497 566 2537 σκοπὸν
601 2512 673 2536 om.
701 2499 730 2534 B
757 2512 811 2546 pr.
838 2500 861 2536 1.
891 2521 933 2525 -
968 2496 1007 2540 ἐς
1030 2496 1222 2546 λατάγων,
1249 2510 1303 2545 pr.
1331 2499 1355 2533 l.
1382 2498 1411 2533 B
1439 2494 1478 2538 ἐς
1502 2493 1692 2542 λατάμων,

150 2551 246 2597 post.
274 2550 297 2585 l.
324 2548 419 2585 BPV
446 2546 489 2585 ἐκ
514 2548 697 2594 λαταγῶν.
724 2569 768 2575 -
795 2548 838 2585 V.
867 2552 899 2584 3.
926 2544 1095 2592 Σικελός,
1121 2547 1150 2582 Β
1171 2543 1380 2587 Σικελικός.
1402 2566 1444 2571 —-
1467 2541 1595 2579 κάλλει
1620 2544 1690 2578 δα-

151 2595 252 2645 πάνῃ
279 2610 317 2634 τε
345 2596 514 2633 Casaub..
540 2596 604 2632 VL
625 2593 887 2640 καλλιδαπάνη
913 2608 964 2631 τε.
988 2616 1030 2622 —-
1053 2592 1250 2640 κράτιστος
1270 2593 1308 2639 C,
1334 2590 1506 2638 κράτιστε
1529 2592 1572 2635 Ι),
1599 2603 1691 2635 κρα-

151 2647 229 2681 τίστ
280 2645 354 2681 VL.
406 2645 495 2680 Post
519 2645 553 2680 h.
581 2657 616 2680 v.
642 2644 728 2680 fort.
755 2644 883 2690 plures
909 2643 1036 2679 omissi
1061 2644 1157 2678 sunt.
1185 2662 1229 2668 —·
1256 2642 1300 2677 V.
1327 2645 1360 2677 4.
1387 2641 1516 2686 γυίων,
1542 2638 1572 2673 Β
1598 2651 1691 2684 γυω.

152 2714 197 2720 —-
223 2659 267 2729 V.
295 2698 326 2729 5.
354 2689 512 2729 εὐναίου
539 2693 584 2737 V,
612 2689 767 2738 εῷιαῐον
793 2692 835 2729 L.
863 2712 906 2717 —
934 2689 1047 2736 ἔξοχα
1073 2701 1144 2726 om.
1172 2689 1276 2725 BCD.
1305 2710 1348 2715 —
1377 2689 1419 2724 V.
1442 2692 1475 2723 6.
1503 2686 1690 2722 Οἰνοπίω-

151 2754 232 2786 νος,
270 2741 297 2776 Β
324 2739 581 2781 οἰνοποίωνος.
610 2761 653 2766 —-
687 2739 730 2774 V.
759 2744 790 2775 7.
827 2735 1001 2784 Τυρσηνὴ
1035 2737 1146 2782 BCD,
1183 2734 1382 2783 Τυρσηνὴν
1416 2734 1488 2771 VL.
1515 2754 1560 2761 —
1587 2733 1629 2770 V.
1657 2738 1689 2769 8.

152 2785 242 2834 ὅτις,
268 2788 298 2823 Β
325 2784 436 2829 ὅστις.
461 2809 508 2815 -—
535 2787 580 2825 V.
608 2793 639 2825 9.
666 2783 858 2834 γράμματ’
886 2783 1085 2832 ἀλεξίλογα
1111 2785 1217 2822 codd.
1244 2786 1283 2821 et
1307 2784 1410 2820 Eust.
1437 2781 1505 2819 Od.
1526 2794 1562 2829 p.
1585 2785 1692 2826 1771,

249 2944 283 2990 *)
310 2942 466 2980 Numeri
491 2942 630 2979 adiecti
656 2942 742 2977 sunt
767 2939 943 2977 editionis
969 2938 1192 2975 Bachianae.
