<?xml version="1.0" encoding="UTF-8"?>
<!DOCTYPE html PUBLIC "-//W3C//DTD XHTML 1.0 Transitional//EN"
    "http://www.w3.org/TR/xhtml1/DTD/xhtml1-transitional.dtd">
<html xmlns="http://www.w3.org/1999/xhtml" xml:lang="en" lang="en">
 <head>
  <title>
</title>
<meta http-equiv="Content-Type" content="text/html;charset=utf-8" />
  <meta name='ocr-system' content='tesseract 3.04.00' />
  <meta name='ocr-capabilities' content='ocr_page ocr_carea ocr_par ocr_line ocrx_word'/>
</head>
<body>
  <div class='ocr_page' id='page_1' title='image "./poetaelyricigrae02berguoft_0503.png"; bbox 0 0 1890 3216; ppageno 0'>
   <div class='ocr_carea' id='block_1_1' title="bbox 0 0 47 706">
    <p class='ocr_par' dir='ltr' id='par_1_1' title="bbox 0 0 47 706">
     <span class='ocr_line' id='line_1_1' title="bbox 0 0 47 706; baseline 0 2510"><span class='ocrx_word' id='word_1_1' title='bbox 0 0 47 706; x_wconf 95' lang='lat' dir='ltr'><strong><em> </em></strong></span> 
     </span>
    </p>
   </div>
   <div class='ocr_carea' id='block_1_2' title="bbox 800 179 1710 224">
    <p class='ocr_par' dir='ltr' id='par_1_2' title="bbox 800 179 1710 224">
     <span class='ocr_line' id='line_1_2' title="bbox 800 179 1710 224; baseline 0.007 -8"><span class='ocrx_word' id='word_1_2' title='bbox 800 179 1067 218; x_wconf 82' lang='lat' dir='ltr'>HIPPONAX.</span> <span class='ocrx_word' id='word_1_3' title='bbox 1621 180 1710 224; x_wconf 84' lang='lat'><strong><em>493</em></strong></span> 
     </span>
    </p>
   </div>
   <div class='ocr_carea' id='block_1_3' title="bbox 830 290 1040 345">
    <p class='ocr_par' dir='ltr' id='par_1_3' title="bbox 830 290 1040 345">
     <span class='ocr_line' id='line_1_3' title="bbox 830 290 1040 345; baseline 0.005 -12"><span class='ocrx_word' id='word_1_4' title='bbox 830 290 900 334; x_wconf 88' lang='lat'><strong><em>99.</em></strong></span> <span class='ocrx_word' id='word_1_5' title='bbox 934 291 1040 345; x_wconf 88' lang='lat'>[90.]</span> 
     </span>
    </p>
   </div>
   <div class='ocr_carea' id='block_1_4' title="bbox 158 373 1711 499">
    <p class='ocr_par' dir='ltr' id='par_1_4' title="bbox 158 373 1711 499">
     <span class='ocr_line' id='line_1_4' title="bbox 283 373 1711 432; baseline 0.002 -15"><span class='ocrx_word' id='word_1_6' title='bbox 283 378 477 430; x_wconf 85' lang='lat' dir='ltr'>Hesyeh.:</span> <span class='ocrx_word' id='word_1_7' title='bbox 506 374 749 432; x_wconf 76' lang='grc' dir='ltr'><strong><em>Ἀγχαλέη·</em></strong></span> <span class='ocrx_word' id='word_1_8' title='bbox 780 373 904 418; x_wconf 88' lang='grc' dir='ltr'><strong><em>τόπου</em></strong></span> <span class='ocrx_word' id='word_1_9' title='bbox 938 375 1067 430; x_wconf 80' lang='grc' dir='ltr'><strong><em>ὄνομα</em></strong></span> <span class='ocrx_word' id='word_1_10' title='bbox 1097 374 1204 431; x_wconf 78' lang='grc' dir='ltr'><strong><em>παρὰ</em></strong></span> <span class='ocrx_word' id='word_1_11' title='bbox 1229 373 1482 420; x_wconf 89' lang='grc' dir='ltr'><strong><em>Ἱππώνακτι.</em></strong></span> <span class='ocrx_word' id='word_1_12' title='bbox 1527 378 1711 420; x_wconf 75' lang='lat' dir='ltr'><strong>Schmidt</strong></span> 
     </span>
     <span class='ocr_line' id='line_1_5' title="bbox 158 439 1707 499; baseline 0.001 -14"><span class='ocrx_word' id='word_1_13' title='bbox 158 439 369 498; x_wconf 77' lang='grc' dir='ltr'><strong><em>Ἀγχαδέη,</em></strong></span> <span class='ocrx_word' id='word_1_14' title='bbox 402 444 554 485; x_wconf 84' lang='lat' dir='ltr'>Stiehle</span> <span class='ocrx_word' id='word_1_15' title='bbox 575 440 780 499; x_wconf 76' lang='grc' dir='ltr'><em>Ἀγχιάλη,</em></span> <span class='ocrx_word' id='word_1_16' title='bbox 812 445 939 484; x_wconf 84' lang='lat' dir='ltr'>Brink</span> <span class='ocrx_word' id='word_1_17' title='bbox 961 440 1163 499; x_wconf 78' lang='grc' dir='ltr'><strong><em>Ἀγχαλείη</em></strong></span> <span class='ocrx_word' id='word_1_18' title='bbox 1189 446 1254 485; x_wconf 81' lang='lat' dir='ltr'><strong><em>vel</em></strong></span> <span class='ocrx_word' id='word_1_19' title='bbox 1276 441 1494 499; x_wconf 79' lang='grc' dir='ltr'><strong><em>Ἀγχιαλείη</em></strong></span> <span class='ocrx_word' id='word_1_20' title='bbox 1526 446 1707 486; x_wconf 77' lang='lat' dir='ltr'>coniecit.</span> 
     </span>
    </p>
   </div>
   <div class='ocr_carea' id='block_1_5' title="bbox 817 549 1708 602">
    <p class='ocr_par' dir='ltr' id='par_1_5' title="bbox 817 549 1708 602">
     <span class='ocr_line' id='line_1_6' title="bbox 817 549 1708 602; baseline 0.002 -11"><span class='ocrx_word' id='word_1_21' title='bbox 817 549 913 591; x_wconf 90' lang='grc'>100.</span> <span class='ocrx_word' id='word_1_22' title='bbox 947 549 1053 602; x_wconf 88' lang='grc'><strong>[83.]</strong></span> <span class='ocrx_word' id='word_1_23' title='bbox 1640 562 1708 593; x_wconf 83' lang='lat'><strong><em>779</em></strong></span> 
     </span>
    </p>
   </div>
   <div class='ocr_carea' id='block_1_6' title="bbox 159 630 1710 1215">
    <p class='ocr_par' dir='ltr' id='par_1_6' title="bbox 159 630 1710 1215">
     <span class='ocr_line' id='line_1_7' title="bbox 285 630 1708 690; baseline 0.001 -15"><span class='ocrx_word' id='word_1_24' title='bbox 285 637 399 679; x_wconf 73' lang='lat' dir='ltr'>Eust.</span> <span class='ocrx_word' id='word_1_25' title='bbox 420 635 492 676; x_wconf 89' lang='lat' dir='ltr'><strong><em>Od.</em></strong></span> <span class='ocrx_word' id='word_1_26' title='bbox 517 639 644 688; x_wconf 84' lang='lat'>1721,</span> <span class='ocrx_word' id='word_1_27' title='bbox 666 638 742 676; x_wconf 86' lang='lat'>61:</span> <span class='ocrx_word' id='word_1_28' title='bbox 762 631 848 675; x_wconf 88' lang='grc' dir='ltr'><strong><em>Ὅτι</em></strong></span> <span class='ocrx_word' id='word_1_29' title='bbox 880 632 924 674; x_wconf 80' lang='grc' dir='ltr'><strong><em>δὲ</em></strong></span> <span class='ocrx_word' id='word_1_30' title='bbox 954 630 997 675; x_wconf 86' lang='grc' dir='ltr'><strong><em>τὸ</em></strong></span> <span class='ocrx_word' id='word_1_31' title='bbox 1029 630 1115 675; x_wconf 80' lang='grc' dir='ltr'><strong><em>άδῶ</em></strong></span> <span class='ocrx_word' id='word_1_32' title='bbox 1147 631 1283 688; x_wconf 84' lang='grc' dir='ltr'><strong><em>ἆδήσω</em></strong></span> <span class='ocrx_word' id='word_1_33' title='bbox 1316 634 1381 675; x_wconf 85' lang='grc' dir='ltr'><strong><em>καὶ</em></strong></span> <span class='ocrx_word' id='word_1_34' title='bbox 1414 632 1641 690; x_wconf 69' lang='grc' dir='ltr'><strong><em>αὖτοχρῆμα</em></strong></span> <span class='ocrx_word' id='word_1_35' title='bbox 1665 633 1708 678; x_wconf 83' lang='grc' dir='ltr'><strong><em>τὸ</em></strong></span> 
     </span>
     <span class='ocr_line' id='line_1_8' title="bbox 161 696 1710 755; baseline 0.001 -13"><span class='ocrx_word' id='word_1_36' title='bbox 161 697 335 755; x_wconf 73' lang='grc' dir='ltr'><strong><em>ἥδεσθαι</em></strong></span> <span class='ocrx_word' id='word_1_37' title='bbox 361 702 482 755; x_wconf 84' lang='grc' dir='ltr'><strong><em>δηλοῖ</em></strong></span> <span class='ocrx_word' id='word_1_38' title='bbox 501 700 613 754; x_wconf 83' lang='grc' dir='ltr'><strong><em>ποτέ,</em></strong></span> <span class='ocrx_word' id='word_1_39' title='bbox 646 702 770 754; x_wconf 84' lang='grc' dir='ltr'><strong><em>δῆλον</em></strong></span> <span class='ocrx_word' id='word_1_40' title='bbox 801 696 881 741; x_wconf 74' lang='grc' dir='ltr'><strong><em>ἀπὸ</em></strong></span> <span class='ocrx_word' id='word_1_41' title='bbox 914 697 1088 754; x_wconf 88' lang='grc' dir='ltr'><strong><em>χρήσεως</em></strong></span> <span class='ocrx_word' id='word_1_42' title='bbox 1113 696 1401 753; x_wconf 79' lang='grc' dir='ltr'><strong><em>Ἱππώνακτος,</em></strong></span> <span class='ocrx_word' id='word_1_43' title='bbox 1432 697 1486 754; x_wconf 79' lang='grc' dir='ltr'><strong><em>ἢν</em></strong></span> <span class='ocrx_word' id='word_1_44' title='bbox 1510 697 1710 755; x_wconf 62' lang='grc' dir='ltr'><strong><em>ιἩρακλεί-</em></strong></span> 
     </span>
     <span class='ocr_line' id='line_1_9' title="bbox 162 763 1709 822; baseline 0.001 -14"><span class='ocrx_word' id='word_1_45' title='bbox 162 766 236 820; x_wconf 83' lang='grc' dir='ltr'><strong><em>δης</em></strong></span> <span class='ocrx_word' id='word_1_46' title='bbox 261 766 472 822; x_wconf 81' lang='grc' dir='ltr'><em>προφέρει,</em></span> <span class='ocrx_word' id='word_1_47' title='bbox 504 764 682 816; x_wconf 85' lang='grc' dir='ltr'><strong><em>εἰπόντος</em></strong></span> <span class='ocrx_word' id='word_1_48' title='bbox 703 763 753 806; x_wconf 82' lang='lat' dir='ltr'><strong><em>”A</em></strong></span> <span class='ocrx_word' id='word_1_49' title='bbox 764 767 878 819; x_wconf 85' lang='grc' dir='ltr'><strong><em>δηκε</em></strong></span> <span class='ocrx_word' id='word_1_50' title='bbox 910 763 1081 819; x_wconf 86' lang='grc' dir='ltr'><strong><em>βουλή,</em></strong></span> <span class='ocrx_word' id='word_1_51' title='bbox 1114 764 1241 821; x_wconf 80' lang='grc' dir='ltr'><em>ἤγουν</em></span> <span class='ocrx_word' id='word_1_52' title='bbox 1265 764 1403 820; x_wconf 81' lang='grc' dir='ltr'><strong><em>ἤρεσκε</em></strong></span> <span class='ocrx_word' id='word_1_53' title='bbox 1429 764 1470 808; x_wconf 89' lang='grc' dir='ltr'><strong><em>τὸ</em></strong></span> <span class='ocrx_word' id='word_1_54' title='bbox 1497 765 1709 822; x_wconf 72' lang='grc' dir='ltr'><em>βούλευμα.</em></span> 
     </span>
     <span class='ocr_line' id='line_1_10' title="bbox 162 829 1710 888; baseline 0.001 -14"><span class='ocrx_word' id='word_1_55' title='bbox 162 834 212 876; x_wconf 83' lang='lat' dir='ltr'><strong><em>ef.</em></strong></span> <span class='ocrx_word' id='word_1_56' title='bbox 231 835 373 876; x_wconf 80' lang='lat' dir='ltr'><strong>Favor.</strong></span> <span class='ocrx_word' id='word_1_57' title='bbox 393 836 493 875; x_wconf 85' lang='lat'>426.</span> <span class='ocrx_word' id='word_1_58' title='bbox 524 829 817 884; x_wconf 71' lang='grc' dir='ltr'><strong><em>Βτίη1ς’“Ἀὸηκε</em></strong></span> <span class='ocrx_word' id='word_1_59' title='bbox 842 834 1009 884; x_wconf 78' lang='lat' dir='ltr'>mavult,</span> <span class='ocrx_word' id='word_1_60' title='bbox 1036 833 1107 873; x_wconf 85' lang='lat' dir='ltr'><strong><em>sed</em></strong></span> <span class='ocrx_word' id='word_1_61' title='bbox 1133 834 1256 873; x_wconf 77' lang='lat' dir='ltr'>etiam</span> <span class='ocrx_word' id='word_1_62' title='bbox 1277 834 1522 886; x_wconf 80' lang='lat' dir='ltr'><strong>Hesychius:</strong></span> <span class='ocrx_word' id='word_1_63' title='bbox 1548 831 1575 875; x_wconf 70' lang='grc' dir='ltr'><strong><em>α’</em></strong></span> <span class='ocrx_word' id='word_1_64' title='bbox 1583 834 1639 887; x_wconf 83' lang='grc' dir='ltr'><strong><em>δη</em></strong></span> <span class='ocrx_word' id='word_1_65' title='bbox 1648 851 1710 888; x_wconf 85' lang='grc' dir='ltr'><strong><em>μα</em></strong></span> 
     </span>
     <span class='ocr_line' id='line_1_11' title="bbox 163 894 1709 954; baseline 0.001 -15"><span class='ocrx_word' id='word_1_66' title='bbox 163 894 228 954; x_wconf 80' lang='grc' dir='ltr'><strong><em>(ἢ)</em></strong></span> <span class='ocrx_word' id='word_1_67' title='bbox 261 896 320 939; x_wconf 69' lang='lat'><strong><em>526</em></strong></span> <span class='ocrx_word' id='word_1_68' title='bbox 329 909 396 949; x_wconf 89' lang='grc' dir='ltr'><strong><em>ος·</em></strong></span> <span class='ocrx_word' id='word_1_69' title='bbox 427 896 640 953; x_wconf 82' lang='grc' dir='ltr'><strong><em>ψήφισμα,</em></strong></span> <span class='ocrx_word' id='word_1_70' title='bbox 674 895 821 953; x_wconf 80' lang='grc' dir='ltr'><em>δόγμα,</em></span> <span class='ocrx_word' id='word_1_71' title='bbox 854 899 960 950; x_wconf 88' lang='lat' dir='ltr'><strong>quod</strong></span> <span class='ocrx_word' id='word_1_72' title='bbox 992 899 1287 939; x_wconf 74' lang='lat' dir='ltr'>restituendum</span> <span class='ocrx_word' id='word_1_73' title='bbox 1319 899 1360 939; x_wconf 91' lang='lat' dir='ltr'><strong><em>in</em></strong></span> <span class='ocrx_word' id='word_1_74' title='bbox 1392 900 1709 941; x_wconf 77' lang='lat' dir='ltr'>Halicarnaesio-</span> 
     </span>
     <span class='ocr_line' id='line_1_12' title="bbox 159 961 1710 1018; baseline 0.001 -13"><span class='ocrx_word' id='word_1_75' title='bbox 159 978 251 1005; x_wconf 86' lang='lat' dir='ltr'><strong><em>rum</em></strong></span> <span class='ocrx_word' id='word_1_76' title='bbox 282 966 423 1015; x_wconf 77' lang='lat' dir='ltr'>titulo,</span> <span class='ocrx_word' id='word_1_77' title='bbox 463 980 583 1018; x_wconf 88' lang='lat' dir='ltr'>quem</span> <span class='ocrx_word' id='word_1_78' title='bbox 613 966 788 1005; x_wconf 62' lang='lat' dir='ltr'>Newsson</span> <span class='ocrx_word' id='word_1_79' title='bbox 826 965 996 1016; x_wconf 76' lang='lat' dir='ltr'>reperit:</span> <span class='ocrx_word' id='word_1_80' title='bbox 1042 963 1267 1005; x_wconf 81' lang='grc' dir='ltr'><strong><em>ἐπικαλείτω</em></strong></span> <span class='ocrx_word' id='word_1_81' title='bbox 1309 963 1368 1005; x_wconf 80' lang='grc' dir='ltr'><strong><em>ἕν’</em></strong></span> <span class='ocrx_word' id='word_1_82' title='bbox 1385 961 1485 1006; x_wconf 76' lang='grc' dir='ltr'><strong><em>ὀκτὼ</em></strong></span> <span class='ocrx_word' id='word_1_83' title='bbox 1516 965 1583 1006; x_wconf 84' lang='grc' dir='ltr'><strong><em>καὶ</em></strong></span> <span class='ocrx_word' id='word_1_84' title='bbox 1615 965 1710 1007; x_wconf 82' lang='grc' dir='ltr'><strong><em>δέκα</em></strong></span> 
     </span>
     <span class='ocr_line' id='line_1_13' title="bbox 159 1025 1707 1085; baseline 0.001 -15"><span class='ocrx_word' id='word_1_85' title='bbox 159 1029 299 1083; x_wconf 85' lang='grc' dir='ltr'><strong><em>μησίν,</em></strong></span> <span class='ocrx_word' id='word_1_86' title='bbox 337 1026 408 1070; x_wconf 74' lang='grc' dir='ltr'><strong><em>ἀπ’</em></strong></span> <span class='ocrx_word' id='word_1_87' title='bbox 443 1026 558 1085; x_wconf 78' lang='grc' dir='ltr'><strong><em>ὅτ(ου</em></strong></span> <span class='ocrx_word' id='word_1_88' title='bbox 588 1025 652 1085; x_wconf 84' lang='grc' dir='ltr'><strong><em>τ)ὸ</em></strong></span> <span class='ocrx_word' id='word_1_89' title='bbox 684 1026 782 1078; x_wconf 75' lang='grc' dir='ltr'><strong><em>ἅδος</em></strong></span> <span class='ocrx_word' id='word_1_90' title='bbox 813 1027 984 1082; x_wconf 78' lang='grc' dir='ltr'><strong><em>ἐγένετο,</em></strong></span> <span class='ocrx_word' id='word_1_91' title='bbox 1028 1043 1122 1070; x_wconf 85' lang='lat' dir='ltr'><strong><em>nam</em></strong></span> <span class='ocrx_word' id='word_1_92' title='bbox 1159 1031 1200 1069; x_wconf 90' lang='lat' dir='ltr'><strong><em>in</em></strong></span> <span class='ocrx_word' id='word_1_93' title='bbox 1238 1031 1369 1082; x_wconf 85' lang='lat' dir='ltr'>lapide</span> <span class='ocrx_word' id='word_1_94' title='bbox 1409 1034 1471 1071; x_wconf 82' lang='lat' dir='ltr'><strong><em>est</em></strong></span> <span class='ocrx_word' id='word_1_95' title='bbox 1506 1033 1707 1084; x_wconf 87' lang='grc' dir='ltr'><em>ΟΑΔΟΣ,</em></span> 
     </span>
     <span class='ocr_line' id='line_1_14' title="bbox 159 1091 1706 1149; baseline 0.001 -12"><span class='ocrx_word' id='word_1_96' title='bbox 159 1109 300 1138; x_wconf 79' lang='lat' dir='ltr'>verum</span> <span class='ocrx_word' id='word_1_97' title='bbox 336 1109 417 1135; x_wconf 91' lang='lat' dir='ltr'><strong><em>non</em></strong></span> <span class='ocrx_word' id='word_1_98' title='bbox 455 1099 550 1136; x_wconf 68' lang='lat' dir='ltr'>sunt:</span> <span class='ocrx_word' id='word_1_99' title='bbox 587 1096 763 1135; x_wconf 74' lang='lat' dir='ltr'><strong>assecuti</strong></span> <span class='ocrx_word' id='word_1_100' title='bbox 796 1095 957 1146; x_wconf 85' lang='lat' dir='ltr'>Sauppe</span> <span class='ocrx_word' id='word_1_101' title='bbox 1000 1099 1040 1136; x_wconf 76' lang='lat' dir='ltr'><strong><em>et</em></strong></span> <span class='ocrx_word' id='word_1_102' title='bbox 1072 1096 1285 1137; x_wconf 86' lang='lat' dir='ltr'>Kirehhoff</span> <span class='ocrx_word' id='word_1_103' title='bbox 1311 1091 1336 1149; x_wconf 82' lang='grc' dir='ltr'><em>ἡ</em></span> <span class='ocrx_word' id='word_1_104' title='bbox 1369 1093 1548 1146; x_wconf 77' lang='grc' dir='ltr'><strong><em>κάθοδος</em></strong></span> <span class='ocrx_word' id='word_1_105' title='bbox 1585 1100 1706 1138; x_wconf 81' lang='lat' dir='ltr'>corri-</span> 
     </span>
     <span class='ocr_line' id='line_1_15' title="bbox 160 1161 873 1215; baseline -0.004 -12"><span class='ocrx_word' id='word_1_106' title='bbox 160 1164 322 1215; x_wconf 78' lang='lat' dir='ltr'>gentes,</span> <span class='ocrx_word' id='word_1_107' title='bbox 355 1164 461 1214; x_wconf 89' lang='lat' dir='ltr'>quod</span> <span class='ocrx_word' id='word_1_108' title='bbox 493 1162 653 1202; x_wconf 86' lang='lat' dir='ltr'>omnino</span> <span class='ocrx_word' id='word_1_109' title='bbox 686 1161 873 1201; x_wconf 84' lang='lat' dir='ltr'>alienum.</span> 
     </span>
    </p>
   </div>
   <div class='ocr_carea' id='block_1_7' title="bbox 884 1255 978 1298">
    <p class='ocr_par' dir='ltr' id='par_1_7' title="bbox 884 1255 978 1298">
     <span class='ocr_line' id='line_1_16' title="bbox 884 1255 978 1298; baseline -0.021 0"><span class='ocrx_word' id='word_1_110' title='bbox 884 1255 978 1298; x_wconf 89' lang='lat'>101.</span> 
     </span>
    </p>
   </div>
   <div class='ocr_carea' id='block_1_8' title="bbox 151 1336 1707 1527">
    <p class='ocr_par' dir='ltr' id='par_1_8' title="bbox 151 1336 1707 1527">
     <span class='ocr_line' id='line_1_17' title="bbox 278 1336 1705 1398; baseline -0.001 -14"><span class='ocrx_word' id='word_1_111' title='bbox 278 1344 335 1384; x_wconf 92' lang='lat' dir='ltr'><strong><em>Io.</em></strong></span> <span class='ocrx_word' id='word_1_112' title='bbox 363 1344 476 1383; x_wconf 84' lang='lat' dir='ltr'>Alex.</span> <span class='ocrx_word' id='word_1_113' title='bbox 502 1343 551 1382; x_wconf 88' lang='lat' dir='ltr'><strong><em>de</em></strong></span> <span class='ocrx_word' id='word_1_114' title='bbox 577 1342 726 1382; x_wconf 78' lang='lat' dir='ltr'>aecent.</span> <span class='ocrx_word' id='word_1_115' title='bbox 751 1343 821 1390; x_wconf 87' lang='grc'><strong><em>38,</em></strong></span> <span class='ocrx_word' id='word_1_116' title='bbox 844 1342 918 1380; x_wconf 82' lang='grc'><strong><em>14;</em></strong></span> <span class='ocrx_word' id='word_1_117' title='bbox 954 1336 1008 1381; x_wconf 86' lang='grc' dir='ltr'><strong><em>Τὸ</em></strong></span> <span class='ocrx_word' id='word_1_118' title='bbox 1036 1337 1079 1380; x_wconf 82' lang='grc' dir='ltr'><strong><em>δὲ</em></strong></span> <span class='ocrx_word' id='word_1_119' title='bbox 1105 1336 1244 1389; x_wconf 79' lang='grc' dir='ltr'><strong><em>ἁλίας</em></strong></span> <span class='ocrx_word' id='word_1_120' title='bbox 1276 1337 1419 1395; x_wconf 86' lang='lat' dir='ltr'>(vulgo</span> <span class='ocrx_word' id='word_1_121' title='bbox 1446 1338 1577 1398; x_wconf 84' lang='grc' dir='ltr'><strong><em>ἆλίας)</em></strong></span> <span class='ocrx_word' id='word_1_122' title='bbox 1610 1340 1705 1397; x_wconf 86' lang='grc' dir='ltr'><strong><em>παρ’</em></strong></span> 
     </span>
     <span class='ocr_line' id='line_1_18' title="bbox 151 1402 1707 1462; baseline 0.001 -12"><span class='ocrx_word' id='word_1_123' title='bbox 151 1405 392 1450; x_wconf 75' lang='grc' dir='ltr'><strong><em>Ἱππώνακτι</em></strong></span> <span class='ocrx_word' id='word_1_124' title='bbox 423 1404 706 1462; x_wconf 80' lang='grc' dir='ltr'><strong><em>παροξύνεται,</em></strong></span> <span class='ocrx_word' id='word_1_125' title='bbox 738 1402 818 1447; x_wconf 83' lang='grc' dir='ltr'><strong><em>άπὸ</em></strong></span> <span class='ocrx_word' id='word_1_126' title='bbox 849 1409 919 1447; x_wconf 84' lang='grc' dir='ltr'><strong><em>τοῦ</em></strong></span> <span class='ocrx_word' id='word_1_127' title='bbox 951 1403 1037 1456; x_wconf 70' lang='grc' dir='ltr'><strong><em>’άλις</em></strong></span> <span class='ocrx_word' id='word_1_128' title='bbox 1067 1403 1294 1447; x_wconf 76' lang='grc' dir='ltr'><strong><em>πλεονάσαν</em></strong></span> <span class='ocrx_word' id='word_1_129' title='bbox 1323 1404 1366 1448; x_wconf 87' lang='grc' dir='ltr'><strong><em>τὸ</em></strong></span> <span class='ocrx_word' id='word_1_130' title='bbox 1394 1411 1430 1449; x_wconf 81' lang='grc' dir='ltr'><strong><em>ἆ.</em></strong></span> <span class='ocrx_word' id='word_1_131' title='bbox 1477 1409 1535 1449; x_wconf 89' lang='lat' dir='ltr'><strong><em>Cf.</em></strong></span> <span class='ocrx_word' id='word_1_132' title='bbox 1562 1411 1627 1450; x_wconf 74' lang='lat' dir='ltr'><strong><em>Et.</em></strong></span> <span class='ocrx_word' id='word_1_133' title='bbox 1654 1411 1707 1452; x_wconf 87' lang='lat' dir='ltr'><strong><em>M.</em></strong></span> 
     </span>
     <span class='ocr_line' id='line_1_19' title="bbox 162 1477 327 1527; baseline 0 -11"><span class='ocrx_word' id='word_1_134' title='bbox 162 1477 231 1527; x_wconf 87' lang='lat'><strong><em>63,</em></strong></span> <span class='ocrx_word' id='word_1_135' title='bbox 261 1477 327 1516; x_wconf 83' lang='lat'><strong><em>18.</em></strong></span> 
     </span>
    </p>
   </div>
   <div class='ocr_carea' id='block_1_9' title="bbox 882 1561 978 1604">
    <p class='ocr_par' dir='ltr' id='par_1_9' title="bbox 882 1561 978 1604">
     <span class='ocr_line' id='line_1_20' title="bbox 882 1561 978 1604; baseline 0.021 -2"><span class='ocrx_word' id='word_1_136' title='bbox 882 1561 978 1604; x_wconf 80' lang='lat'>102.</span> 
     </span>
    </p>
   </div>
   <div class='ocr_carea' id='block_1_10' title="bbox 157 1642 1706 1832">
    <p class='ocr_par' dir='ltr' id='par_1_10' title="bbox 157 1642 1706 1832">
     <span class='ocr_line' id='line_1_21' title="bbox 282 1642 1706 1704; baseline 0 -14"><span class='ocrx_word' id='word_1_137' title='bbox 282 1650 418 1690; x_wconf 79' lang='lat' dir='ltr'>Orion.</span> <span class='ocrx_word' id='word_1_138' title='bbox 441 1652 509 1699; x_wconf 88' lang='lat'><strong><em>30,</em></strong></span> <span class='ocrx_word' id='word_1_139' title='bbox 532 1650 604 1688; x_wconf 87' lang='lat'><strong><em>14:</em></strong></span> <span class='ocrx_word' id='word_1_140' title='bbox 633 1643 837 1700; x_wconf 81' lang='grc' dir='ltr'><strong><em>Ἀλίβας·</em></strong></span> <span class='ocrx_word' id='word_1_141' title='bbox 871 1642 892 1686; x_wconf 86' lang='grc' dir='ltr'>ὁ</span> <span class='ocrx_word' id='word_1_142' title='bbox 919 1643 1076 1700; x_wconf 87' lang='grc' dir='ltr'><strong><em>νεκρός,</em></strong></span> <span class='ocrx_word' id='word_1_143' title='bbox 1109 1643 1217 1700; x_wconf 78' lang='grc' dir='ltr'><strong><em>παρὰ</em></strong></span> <span class='ocrx_word' id='word_1_144' title='bbox 1249 1644 1290 1688; x_wconf 89' lang='grc' dir='ltr'><strong><em>τὸ</em></strong></span> <span class='ocrx_word' id='word_1_145' title='bbox 1322 1644 1467 1701; x_wconf 77' lang='grc' dir='ltr'><strong><em>λιβάδα</em></strong></span> <span class='ocrx_word' id='word_1_146' title='bbox 1497 1648 1563 1689; x_wconf 86' lang='grc' dir='ltr'><strong><em>καὶ</em></strong></span> <span class='ocrx_word' id='word_1_147' title='bbox 1588 1645 1706 1704; x_wconf 78' lang='grc' dir='ltr'><strong><em>ὑγρό-</em></strong></span> 
     </span>
     <span class='ocr_line' id='line_1_22' title="bbox 158 1708 1704 1768; baseline 0 -13"><span class='ocrx_word' id='word_1_148' title='bbox 158 1729 253 1767; x_wconf 87' lang='grc' dir='ltr'><strong><em>τητα</em></strong></span> <span class='ocrx_word' id='word_1_149' title='bbox 284 1711 336 1768; x_wconf 84' lang='grc' dir='ltr'><strong><em>μὴ</em></strong></span> <span class='ocrx_word' id='word_1_150' title='bbox 364 1714 484 1768; x_wconf 75' lang='grc' dir='ltr'><strong><em>ἔχειν·</em></strong></span> <span class='ocrx_word' id='word_1_151' title='bbox 518 1714 595 1754; x_wconf 76' lang='grc' dir='ltr'><strong><em>ἔστι</em></strong></span> <span class='ocrx_word' id='word_1_152' title='bbox 620 1709 727 1766; x_wconf 80' lang='grc' dir='ltr'><strong><em>παρὰ</em></strong></span> <span class='ocrx_word' id='word_1_153' title='bbox 754 1708 994 1752; x_wconf 82' lang='grc' dir='ltr'><strong><em>Ἱππώνακτι</em></strong></span> <span class='ocrx_word' id='word_1_154' title='bbox 1018 1711 1084 1753; x_wconf 81' lang='grc' dir='ltr'><strong><em>καὶ</em></strong></span> <span class='ocrx_word' id='word_1_155' title='bbox 1111 1711 1175 1752; x_wconf 79' lang='grc' dir='ltr'><strong><em>ἐπὶ</em></strong></span> <span class='ocrx_word' id='word_1_156' title='bbox 1200 1715 1270 1753; x_wconf 81' lang='grc' dir='ltr'><strong><em>τοῦ</em></strong></span> <span class='ocrx_word' id='word_1_157' title='bbox 1297 1710 1425 1762; x_wconf 75' lang='grc' dir='ltr'><strong><em>ὄξους.</em></strong></span> <span class='ocrx_word' id='word_1_158' title='bbox 1466 1715 1593 1754; x_wconf 88' lang='lat' dir='ltr'>Brink</span> <span class='ocrx_word' id='word_1_159' title='bbox 1616 1715 1704 1755; x_wconf 84' lang='lat' dir='ltr'>Cal-</span> 
     </span>
     <span class='ocr_line' id='line_1_23' title="bbox 157 1774 1703 1832; baseline 0.001 -13"><span class='ocrx_word' id='word_1_160' title='bbox 157 1781 320 1820; x_wconf 83' lang='lat' dir='ltr'>limachi</span> <span class='ocrx_word' id='word_1_161' title='bbox 351 1794 514 1821; x_wconf 82' lang='lat' dir='ltr'>versum</span> <span class='ocrx_word' id='word_1_162' title='bbox 546 1794 609 1832; x_wconf 85' lang='lat' dir='ltr'><strong><em>ap.</em></strong></span> <span class='ocrx_word' id='word_1_163' title='bbox 635 1781 700 1820; x_wconf 76' lang='lat' dir='ltr'><strong><em>Et.</em></strong></span> <span class='ocrx_word' id='word_1_164' title='bbox 726 1781 780 1822; x_wconf 90' lang='lat' dir='ltr'><strong><em>M.</em></strong></span> <span class='ocrx_word' id='word_1_165' title='bbox 809 1783 876 1831; x_wconf 87' lang='lat'><strong><em>63,</em></strong></span> <span class='ocrx_word' id='word_1_166' title='bbox 898 1783 972 1820; x_wconf 84' lang='lat'><strong><em>51:</em></strong></span> <span class='ocrx_word' id='word_1_167' title='bbox 1004 1779 1152 1832; x_wconf 78' lang='grc' dir='ltr'><strong><em>ἕβηξαν</em></strong></span> <span class='ocrx_word' id='word_1_168' title='bbox 1184 1774 1272 1819; x_wconf 83' lang='grc' dir='ltr'><strong><em>οἷον</em></strong></span> <span class='ocrx_word' id='word_1_169' title='bbox 1304 1775 1495 1832; x_wconf 82' lang='grc' dir='ltr'><strong><em>ἇλίβαντα</em></strong></span> <span class='ocrx_word' id='word_1_170' title='bbox 1522 1781 1703 1830; x_wconf 86' lang='grc' dir='ltr'><strong><em>πίνοντες</em></strong></span> 
     </span>
    </p>
   </div>
   <div class='ocr_carea' id='block_1_11' title="bbox 158 1846 1703 1974">
    <p class='ocr_par' dir='ltr' id='par_1_11' title="bbox 158 1846 1703 1974">
     <span class='ocr_line' id='line_1_24' title="bbox 159 1846 1703 1899; baseline 0 -13"><span class='ocrx_word' id='word_1_171' title='bbox 159 1847 402 1899; x_wconf 72' lang='lat' dir='ltr'><strong>Hipponacti</strong></span> <span class='ocrx_word' id='word_1_172' title='bbox 432 1847 635 1888; x_wconf 82' lang='lat' dir='ltr'>vindicare</span> <span class='ocrx_word' id='word_1_173' title='bbox 669 1848 822 1897; x_wconf 71' lang='lat' dir='ltr'>studet,</span> <span class='ocrx_word' id='word_1_174' title='bbox 862 1847 933 1887; x_wconf 80' lang='lat' dir='ltr'><strong><em>sed</em></strong></span> <span class='ocrx_word' id='word_1_175' title='bbox 964 1859 1044 1887; x_wconf 90' lang='lat' dir='ltr'><strong><em>non</em></strong></span> <span class='ocrx_word' id='word_1_176' title='bbox 1075 1846 1189 1886; x_wconf 76' lang='lat' dir='ltr'>lubet</span> <span class='ocrx_word' id='word_1_177' title='bbox 1220 1846 1318 1886; x_wconf 85' lang='lat' dir='ltr'>haec</span> <span class='ocrx_word' id='word_1_178' title='bbox 1351 1846 1612 1898; x_wconf 83' lang='lat' dir='ltr'>redarguere3</span> <span class='ocrx_word' id='word_1_179' title='bbox 1656 1848 1703 1887; x_wconf 85' lang='lat' dir='ltr'><strong><em>cf.</em></strong></span> 
     </span>
     <span class='ocr_line' id='line_1_25' title="bbox 158 1912 898 1974; baseline 0.001 -21"><span class='ocrx_word' id='word_1_180' title='bbox 158 1912 203 1953; x_wconf 92' lang='grc' dir='ltr'><strong><em>Ο.</em></strong></span> <span class='ocrx_word' id='word_1_181' title='bbox 230 1913 448 1955; x_wconf 82' lang='lat' dir='ltr'>Schneider</span> <span class='ocrx_word' id='word_1_182' title='bbox 478 1914 530 1953; x_wconf 85' lang='lat' dir='ltr'><strong><em>ad</em></strong></span> <span class='ocrx_word' id='word_1_183' title='bbox 561 1912 718 1953; x_wconf 80' lang='lat' dir='ltr'>Gallim.</span> <span class='ocrx_word' id='word_1_184' title='bbox 752 1913 800 1953; x_wconf 85' lang='lat' dir='ltr'><strong><em>fr.</em></strong></span> <span class='ocrx_word' id='word_1_185' title='bbox 829 1915 898 1974; x_wconf 50' lang='lat'><strong><em>887</em></strong></span> 
     </span>
    </p>
   </div>
   <div class='ocr_carea' id='block_1_12' title="bbox 880 2018 976 2060">
    <p class='ocr_par' dir='ltr' id='par_1_12' title="bbox 880 2018 976 2060">
     <span class='ocr_line' id='line_1_26' title="bbox 880 2018 976 2060; baseline 0.01 -1"><span class='ocrx_word' id='word_1_186' title='bbox 880 2018 976 2060; x_wconf 87' lang='lat'>103.</span> 
     </span>
    </p>
   </div>
   <div class='ocr_carea' id='block_1_13' title="bbox 156 2099 1706 2422">
    <p class='ocr_par' dir='ltr' id='par_1_13' title="bbox 156 2099 1706 2422">
     <span class='ocr_line' id='line_1_27' title="bbox 278 2099 1706 2157; baseline 0 -13"><span class='ocrx_word' id='word_1_187' title='bbox 278 2106 344 2146; x_wconf 78' lang='lat' dir='ltr'><strong><em>Et.</em></strong></span> <span class='ocrx_word' id='word_1_188' title='bbox 364 2105 467 2146; x_wconf 81' lang='lat' dir='ltr'>Gud.</span> <span class='ocrx_word' id='word_1_189' title='bbox 490 2107 557 2156; x_wconf 84' lang='lat'><strong><em>78,</em></strong></span> <span class='ocrx_word' id='word_1_190' title='bbox 580 2107 656 2144; x_wconf 82' lang='lat'><strong><em>28:</em></strong></span> <span class='ocrx_word' id='word_1_191' title='bbox 684 2099 890 2157; x_wconf 76' lang='grc' dir='ltr'><strong><em>Ἁρμαλιή·</em></strong></span> <span class='ocrx_word' id='word_1_192' title='bbox 923 2099 948 2156; x_wconf 82' lang='grc' dir='ltr'>ἡ</span> <span class='ocrx_word' id='word_1_193' title='bbox 975 2100 1117 2156; x_wconf 82' lang='grc' dir='ltr'><strong><em>τροφή,</em></strong></span> <span class='ocrx_word' id='word_1_194' title='bbox 1144 2102 1228 2143; x_wconf 74' lang='grc' dir='ltr'><strong><em>ἐπεὶ</em></strong></span> <span class='ocrx_word' id='word_1_195' title='bbox 1253 2103 1371 2156; x_wconf 84' lang='grc' dir='ltr'><strong><em>δίκην</em></strong></span> <span class='ocrx_word' id='word_1_196' title='bbox 1390 2100 1563 2157; x_wconf 70' lang='grc' dir='ltr'><strong><em>ἅρματος</em></strong></span> <span class='ocrx_word' id='word_1_197' title='bbox 1582 2100 1706 2157; x_wconf 87' lang='grc' dir='ltr'><strong><em>ὀχετεῐ</em></strong></span> 
     </span>
     <span class='ocr_line' id='line_1_28' title="bbox 156 2164 1704 2224; baseline -0.001 -13"><span class='ocrx_word' id='word_1_198' title='bbox 156 2166 202 2210; x_wconf 83' lang='grc' dir='ltr'><strong><em>τὰ</em></strong></span> <span class='ocrx_word' id='word_1_199' title='bbox 235 2167 411 2224; x_wconf 87' lang='grc' dir='ltr'><strong><em>σώματα·</em></strong></span> <span class='ocrx_word' id='word_1_200' title='bbox 443 2166 470 2223; x_wconf 82' lang='grc' dir='ltr'>ἢ</span> <span class='ocrx_word' id='word_1_201' title='bbox 502 2167 610 2223; x_wconf 82' lang='grc' dir='ltr'><strong><em>παρὰ</em></strong></span> <span class='ocrx_word' id='word_1_202' title='bbox 640 2166 683 2210; x_wconf 87' lang='grc' dir='ltr'><strong><em>τὸ</em></strong></span> <span class='ocrx_word' id='word_1_203' title='bbox 716 2169 815 2222; x_wconf 80' lang='grc' dir='ltr'><strong><em>αἴρω</em></strong></span> <span class='ocrx_word' id='word_1_204' title='bbox 847 2165 890 2209; x_wconf 85' lang='grc' dir='ltr'><strong><em>τὸ</em></strong></span> <span class='ocrx_word' id='word_1_205' title='bbox 916 2167 1104 2222; x_wconf 80' lang='grc' dir='ltr'><strong><em>προφέρω</em></strong></span> <span class='ocrx_word' id='word_1_206' title='bbox 1137 2168 1241 2209; x_wconf 70' lang='grc' dir='ltr'><strong><em>ἔστιν</em></strong></span> <span class='ocrx_word' id='word_1_207' title='bbox 1272 2164 1348 2223; x_wconf 79' lang='grc' dir='ltr'><strong><em>(ὥς</em></strong></span> <span class='ocrx_word' id='word_1_208' title='bbox 1367 2165 1629 2223; x_wconf 76' lang='grc' dir='ltr'><strong><em>Ἱπποκράτης</em></strong></span> <span class='ocrx_word' id='word_1_209' title='bbox 1660 2168 1704 2209; x_wconf 80' lang='grc' dir='ltr'><strong><em>ἕν</em></strong></span> 
     </span>
     <span class='ocr_line' id='line_1_29' title="bbox 156 2230 1703 2291; baseline -0.001 -15"><span class='ocrx_word' id='word_1_210' title='bbox 156 2231 393 2290; x_wconf 84' lang='grc' dir='ltr'><strong><em>ἆφορισμοῖς</em></strong></span> <span class='ocrx_word' id='word_1_211' title='bbox 424 2233 657 2291; x_wconf 86' lang='grc' dir='ltr'><strong><em>προάρματα</em></strong></span> <span class='ocrx_word' id='word_1_212' title='bbox 688 2231 757 2284; x_wconf 77' lang='grc' dir='ltr'><strong><em>τὰς</em></strong></span> <span class='ocrx_word' id='word_1_213' title='bbox 788 2230 939 2287; x_wconf 74' lang='grc' dir='ltr'><strong><em>τροφὰς</em></strong></span> <span class='ocrx_word' id='word_1_214' title='bbox 970 2231 1099 2289; x_wconf 85' lang='grc' dir='ltr'><strong><em>καλεῖ)</em></strong></span> <span class='ocrx_word' id='word_1_215' title='bbox 1141 2231 1195 2284; x_wconf 81' lang='grc' dir='ltr'><strong><em>ὡς</em></strong></span> <span class='ocrx_word' id='word_1_216' title='bbox 1235 2233 1302 2275; x_wconf 82' lang='grc' dir='ltr'><strong><em>καὶ</em></strong></span> <span class='ocrx_word' id='word_1_217' title='bbox 1332 2235 1517 2289; x_wconf 83' lang='grc' dir='ltr'><strong><em>καθαίρω</em></strong></span> <span class='ocrx_word' id='word_1_218' title='bbox 1549 2238 1703 2288; x_wconf 75' lang='grc' dir='ltr'><strong><em>καθαρ·</em></strong></span> 
     </span>
     <span class='ocr_line' id='line_1_30' title="bbox 158 2295 1702 2356; baseline -0.002 -13"><span class='ocrx_word' id='word_1_219' title='bbox 158 2298 246 2354; x_wconf 84' lang='grc' dir='ltr'><strong><em>μός·</em></strong></span> <span class='ocrx_word' id='word_1_220' title='bbox 290 2299 396 2356; x_wconf 85' lang='grc' dir='ltr'><strong><em>παρὰ</em></strong></span> <span class='ocrx_word' id='word_1_221' title='bbox 427 2299 470 2343; x_wconf 88' lang='grc' dir='ltr'><strong><em>τὸ</em></strong></span> <span class='ocrx_word' id='word_1_222' title='bbox 502 2298 744 2343; x_wconf 78' lang='grc' dir='ltr'><strong><em>ἱπποάνακτι</em></strong></span> <span class='ocrx_word' id='word_1_223' title='bbox 781 2295 924 2355; x_wconf 79' lang='grc' dir='ltr'><strong><em>(παρὰ</em></strong></span> <span class='ocrx_word' id='word_1_224' title='bbox 957 2297 1007 2340; x_wconf 78' lang='grc' dir='ltr'><strong><em>δὲ</em></strong></span> <span class='ocrx_word' id='word_1_225' title='bbox 1031 2295 1339 2354; x_wconf 84' lang='grc' dir='ltr'><strong><em>Ἱππώνακτι)</em></strong></span> <span class='ocrx_word' id='word_1_226' title='bbox 1378 2295 1404 2352; x_wconf 78' lang='grc' dir='ltr'><em>ἡ</em></span> <span class='ocrx_word' id='word_1_227' title='bbox 1437 2296 1644 2353; x_wconf 82' lang='grc' dir='ltr'><strong><em>ἆρμαλιὴ</em></strong></span> <span class='ocrx_word' id='word_1_228' title='bbox 1676 2297 1702 2354; x_wconf 79' lang='grc' dir='ltr'>ἡ</span> 
     </span>
     <span class='ocr_line' id='line_1_31' title="bbox 162 2362 1701 2422; baseline -0.002 -13"><span class='ocrx_word' id='word_1_229' title='bbox 162 2365 312 2421; x_wconf 86' lang='grc' dir='ltr'><strong><em>τροφή,</em></strong></span> <span class='ocrx_word' id='word_1_230' title='bbox 352 2365 460 2422; x_wconf 75' lang='grc' dir='ltr'><strong><em>παρὰ</em></strong></span> <span class='ocrx_word' id='word_1_231' title='bbox 490 2365 534 2409; x_wconf 84' lang='grc' dir='ltr'><strong><em>τὸ</em></strong></span> <span class='ocrx_word' id='word_1_232' title='bbox 565 2363 749 2421; x_wconf 76' lang='grc' dir='ltr'><strong><em>ἁρμόζειν</em></strong></span> <span class='ocrx_word' id='word_1_233' title='bbox 779 2365 846 2407; x_wconf 86' lang='grc' dir='ltr'><strong><em>καὶ</em></strong></span> <span class='ocrx_word' id='word_1_234' title='bbox 876 2366 1142 2419; x_wconf 83' lang='grc' dir='ltr'><strong><em>ἰσχυροποιεῖν</em></strong></span> <span class='ocrx_word' id='word_1_235' title='bbox 1171 2362 1214 2406; x_wconf 86' lang='grc' dir='ltr'><strong><em>τὸ</em></strong></span> <span class='ocrx_word' id='word_1_236' title='bbox 1247 2368 1370 2418; x_wconf 80' lang='grc' dir='ltr'><strong><em>σῶμα.</em></strong></span> <span class='ocrx_word' id='word_1_237' title='bbox 1432 2365 1492 2406; x_wconf 86' lang='lat' dir='ltr'><strong><em>Cf.</em></strong></span> <span class='ocrx_word' id='word_1_238' title='bbox 1526 2366 1701 2406; x_wconf 85' lang='lat' dir='ltr'>Cramer.</span> 
     </span>
    </p>
   </div>
   <div class='ocr_carea' id='block_1_14' title="bbox 87 2428 1705 2489">
    <p class='ocr_par' dir='ltr' id='par_1_14' title="bbox 87 2428 1705 2489">
     <span class='ocr_line' id='line_1_32' title="bbox 87 2428 1705 2489; baseline -0.001 -16"><span class='ocrx_word' id='word_1_239' title='bbox 87 2438 92 2443; x_wconf 89' lang='grc'><em>“</em></span> <span class='ocrx_word' id='word_1_240' title='bbox 162 2435 238 2474; x_wconf 90' lang='lat' dir='ltr'><strong><em>An.</em></strong></span> <span class='ocrx_word' id='word_1_241' title='bbox 269 2435 360 2475; x_wconf 83' lang='lat' dir='ltr'>Par.</span> <span class='ocrx_word' id='word_1_242' title='bbox 392 2435 451 2473; x_wconf 92' lang='lat' dir='ltr'><strong><em>IV</em></strong></span> <span class='ocrx_word' id='word_1_243' title='bbox 484 2437 558 2489; x_wconf 84' lang='lat'>61,</span> <span class='ocrx_word' id='word_1_244' title='bbox 592 2437 664 2474; x_wconf 91' lang='lat'>17:</span> <span class='ocrx_word' id='word_1_245' title='bbox 708 2428 921 2487; x_wconf 79' lang='grc' dir='ltr'><strong><em>Ἆρμαλιῆς</em></strong></span> <span class='ocrx_word' id='word_1_246' title='bbox 954 2465 961 2473; x_wconf 94' lang='grc'><strong>.</strong></span> <span class='ocrx_word' id='word_1_247' title='bbox 995 2465 1003 2474; x_wconf 92' lang='grc'><strong>.</strong></span> <span class='ocrx_word' id='word_1_248' title='bbox 1037 2464 1045 2473; x_wconf 92' lang='grc'><strong><em>.</em></strong></span> <span class='ocrx_word' id='word_1_249' title='bbox 1078 2428 1132 2480; x_wconf 75' lang='grc' dir='ltr'><strong><em>ὥς</em></strong></span> <span class='ocrx_word' id='word_1_250' title='bbox 1172 2431 1238 2473; x_wconf 80' lang='grc' dir='ltr'><strong><em>καὶ</em></strong></span> <span class='ocrx_word' id='word_1_251' title='bbox 1275 2432 1457 2485; x_wconf 85' lang='grc' dir='ltr'><strong><em>καθαίρω</em></strong></span> <span class='ocrx_word' id='word_1_252' title='bbox 1496 2428 1705 2485; x_wconf 84' lang='grc' dir='ltr'><strong><em>καθαρμὸς</em></strong></span> 
     </span>
    </p>
   </div>
   <div class='ocr_carea' id='block_1_15' title="bbox 163 2494 1058 2555">
    <p class='ocr_par' dir='ltr' id='par_1_15' title="bbox 163 2494 1058 2555">
     <span class='ocr_line' id='line_1_33' title="bbox 163 2494 1058 2555; baseline -0.004 -13"><span class='ocrx_word' id='word_1_253' title='bbox 163 2497 271 2555; x_wconf 74' lang='grc' dir='ltr'><strong><em>παρὰ</em></strong></span> <span class='ocrx_word' id='word_1_254' title='bbox 303 2501 423 2550; x_wconf 78' lang='grc' dir='ltr'><strong><em>ἵππος</em></strong></span> <span class='ocrx_word' id='word_1_255' title='bbox 454 2497 592 2541; x_wconf 74' lang='grc' dir='ltr'><strong><em>ἄνακτι</em></strong></span> <span class='ocrx_word' id='word_1_256' title='bbox 623 2496 766 2555; x_wconf 82' lang='lat' dir='ltr'>(supra.</span> <span class='ocrx_word' id='word_1_257' title='bbox 796 2494 1058 2553; x_wconf 82' lang='grc' dir='ltr'><strong><em>ίπποκράτει).</em></strong></span> 
     </span>
    </p>
   </div>
   <div class='ocr_carea' id='block_1_16' title="bbox 814 2603 1050 2656">
    <p class='ocr_par' dir='ltr' id='par_1_16' title="bbox 814 2603 1050 2656">
     <span class='ocr_line' id='line_1_34' title="bbox 814 2603 1050 2656; baseline -0.004 -9"><span class='ocrx_word' id='word_1_258' title='bbox 814 2604 909 2647; x_wconf 88' lang='lat'>104.</span> <span class='ocrx_word' id='word_1_259' title='bbox 945 2603 1050 2656; x_wconf 63' lang='lat'><strong><em>[97]</em></strong></span> 
     </span>
    </p>
   </div>
   <div class='ocr_carea' id='block_1_17' title="bbox 161 2683 1706 3006">
    <p class='ocr_par' dir='ltr' id='par_1_17' title="bbox 161 2683 1706 3006">
     <span class='ocr_line' id='line_1_35' title="bbox 283 2683 1704 2744; baseline -0.002 -13"><span class='ocrx_word' id='word_1_260' title='bbox 283 2694 348 2733; x_wconf 73' lang='lat' dir='ltr'><strong><em>Et.</em></strong></span> <span class='ocrx_word' id='word_1_261' title='bbox 374 2694 426 2732; x_wconf 89' lang='lat' dir='ltr'><strong><em>M.</em></strong></span> <span class='ocrx_word' id='word_1_262' title='bbox 449 2695 517 2742; x_wconf 87' lang='lat'><strong><em>99,</em></strong></span> <span class='ocrx_word' id='word_1_263' title='bbox 540 2694 612 2732; x_wconf 87' lang='lat'><strong><em>14:</em></strong></span> <span class='ocrx_word' id='word_1_264' title='bbox 639 2687 948 2744; x_wconf 80' lang='grc' dir='ltr'><strong><em>Ἀναρριχᾶσθαι</em></strong></span> <span class='ocrx_word' id='word_1_265' title='bbox 974 2719 983 2728; x_wconf 94' lang='grc'><strong>.</strong></span> <span class='ocrx_word' id='word_1_266' title='bbox 1004 2720 1013 2728; x_wconf 93' lang='grc'><strong>.</strong></span> <span class='ocrx_word' id='word_1_267' title='bbox 1034 2720 1043 2729; x_wconf 90' lang='grc'><strong>.</strong></span> <span class='ocrx_word' id='word_1_268' title='bbox 1069 2683 1284 2740; x_wconf 77' lang='grc' dir='ltr'><strong><em>εὑρίσκεται</em></strong></span> <span class='ocrx_word' id='word_1_269' title='bbox 1315 2685 1358 2726; x_wconf 79' lang='grc' dir='ltr'><strong><em>δὲ</em></strong></span> <span class='ocrx_word' id='word_1_270' title='bbox 1390 2685 1456 2727; x_wconf 84' lang='grc' dir='ltr'><strong><em>καὶ</em></strong></span> <span class='ocrx_word' id='word_1_271' title='bbox 1487 2686 1606 2740; x_wconf 81' lang='grc' dir='ltr'><strong><em>χωρὶς</em></strong></span> <span class='ocrx_word' id='word_1_272' title='bbox 1635 2691 1704 2740; x_wconf 81' lang='grc' dir='ltr'><strong><em>τῆς</em></strong></span> 
     </span>
     <span class='ocr_line' id='line_1_36' title="bbox 169 2749 1705 2812; baseline -0.001 -16"><span class='ocrx_word' id='word_1_273' title='bbox 169 2773 221 2797; x_wconf 93' lang='grc' dir='ltr'><strong><em>αν</em></strong></span> <span class='ocrx_word' id='word_1_274' title='bbox 251 2759 449 2812; x_wconf 82' lang='grc' dir='ltr'><strong><em>συλλαβῆς</em></strong></span> <span class='ocrx_word' id='word_1_275' title='bbox 480 2754 574 2811; x_wconf 88' lang='grc' dir='ltr'><strong><em>παρ’</em></strong></span> <span class='ocrx_word' id='word_1_276' title='bbox 602 2753 841 2797; x_wconf 84' lang='grc' dir='ltr'><strong><em>Ἱππώνακτι</em></strong></span> <span class='ocrx_word' id='word_1_277' title='bbox 872 2752 1128 2808; x_wconf 81' lang='grc' dir='ltr'><strong><em>άριχῶμαι,</em></strong></span> <span class='ocrx_word' id='word_1_278' title='bbox 1159 2754 1229 2792; x_wconf 90' lang='lat' dir='ltr'><strong><em>ubi</em></strong></span> <span class='ocrx_word' id='word_1_279' title='bbox 1261 2754 1325 2792; x_wconf 90' lang='lat' dir='ltr'><strong><em>Vb</em></strong></span> <span class='ocrx_word' id='word_1_280' title='bbox 1357 2749 1593 2806; x_wconf 82' lang='grc' dir='ltr'><strong><em>άρριχῶμαι,</em></strong></span> <span class='ocrx_word' id='word_1_281' title='bbox 1635 2755 1705 2794; x_wconf 85' lang='lat' dir='ltr'><strong><em>sed</em></strong></span> 
     </span>
     <span class='ocr_line' id='line_1_37' title="bbox 169 2819 1706 2874; baseline -0.002 -11"><span class='ocrx_word' id='word_1_282' title='bbox 169 2826 319 2864; x_wconf 72' lang='lat' dir='ltr'>rectius</span> <span class='ocrx_word' id='word_1_283' title='bbox 350 2825 512 2866; x_wconf 77' lang='lat' dir='ltr'>videtur</span> <span class='ocrx_word' id='word_1_284' title='bbox 541 2836 613 2874; x_wconf 89' lang='lat' dir='ltr'><strong><em>per</em></strong></span> <span class='ocrx_word' id='word_1_285' title='bbox 646 2824 814 2873; x_wconf 83' lang='lat' dir='ltr'>simplex</span> <span class='ocrx_word' id='word_1_286' title='bbox 843 2824 866 2874; x_wconf 71' lang='grc' dir='ltr'><strong><em>ρ</em></strong></span> <span class='ocrx_word' id='word_1_287' title='bbox 898 2821 1034 2870; x_wconf 84' lang='lat' dir='ltr'>scribi,</span> <span class='ocrx_word' id='word_1_288' title='bbox 1066 2820 1113 2859; x_wconf 89' lang='lat' dir='ltr'><strong><em>cf.</em></strong></span> <span class='ocrx_word' id='word_1_289' title='bbox 1140 2831 1242 2870; x_wconf 82' lang='lat' dir='ltr'>quae</span> <span class='ocrx_word' id='word_1_290' title='bbox 1274 2819 1375 2858; x_wconf 72' lang='lat' dir='ltr'>dixit</span> <span class='ocrx_word' id='word_1_291' title='bbox 1399 2819 1443 2858; x_wconf 91' lang='lat' dir='ltr'><strong><em>L.</em></strong></span> <span class='ocrx_word' id='word_1_292' title='bbox 1463 2819 1638 2859; x_wconf 84' lang='lat' dir='ltr'>Dindorf</span> <span class='ocrx_word' id='word_1_293' title='bbox 1664 2821 1706 2860; x_wconf 89' lang='lat' dir='ltr'><strong><em>in</em></strong></span> 
     </span>
     <span class='ocr_line' id='line_1_38' title="bbox 166 2881 1706 2940; baseline 0 -14"><span class='ocrx_word' id='word_1_294' title='bbox 166 2889 307 2932; x_wconf 82' lang='lat' dir='ltr'>Jahnii</span> <span class='ocrx_word' id='word_1_295' title='bbox 338 2891 442 2929; x_wconf 82' lang='lat' dir='ltr'>Anu.</span> <span class='ocrx_word' id='word_1_296' title='bbox 471 2891 584 2929; x_wconf 87' lang='grc'><strong><em>1869</em></strong></span> <span class='ocrx_word' id='word_1_297' title='bbox 618 2904 656 2940; x_wconf 89' lang='lat' dir='ltr'><strong><em>p.</em></strong></span> <span class='ocrx_word' id='word_1_298' title='bbox 683 2889 710 2926; x_wconf 85' lang='lat'>4</span> <span class='ocrx_word' id='word_1_299' title='bbox 732 2900 824 2937; x_wconf 60' lang='lat' dir='ltr'>seq„</span> <span class='ocrx_word' id='word_1_300' title='bbox 859 2887 929 2936; x_wconf 91' lang='lat' dir='ltr'><strong><em>qui</em></strong></span> <span class='ocrx_word' id='word_1_301' title='bbox 961 2887 1119 2937; x_wconf 86' lang='lat' dir='ltr'>quidem</span> <span class='ocrx_word' id='word_1_302' title='bbox 1151 2881 1381 2938; x_wconf 86' lang='grc' dir='ltr'><strong><em>ἆρρηφόρος</em></strong></span> <span class='ocrx_word' id='word_1_303' title='bbox 1414 2888 1455 2924; x_wconf 75' lang='lat' dir='ltr'><strong><em>et</em></strong></span> <span class='ocrx_word' id='word_1_304' title='bbox 1486 2882 1706 2938; x_wconf 82' lang='grc' dir='ltr'><strong><em>ἕρρηφόρος</em></strong></span> 
     </span>
     <span class='ocr_line' id='line_1_39' title="bbox 161 2955 696 3006; baseline 0.002 -12"><span class='ocrx_word' id='word_1_305' title='bbox 161 2955 336 2995; x_wconf 78' lang='lat' dir='ltr'>debebat</span> <span class='ocrx_word' id='word_1_306' title='bbox 365 2956 505 3006; x_wconf 85' lang='lat' dir='ltr'>procul</span> <span class='ocrx_word' id='word_1_307' title='bbox 536 2956 696 2995; x_wconf 82' lang='lat' dir='ltr'>habere.</span> 
     </span>
    </p>
   </div>
  </div>
 </body>
</html>
