1890 3216
0 1433 27 1590 ξ

641 215 644 218 Α
674 140 942 213 sulomnns
968 175 1270 224 Amoaomns.
1656 176 1746 220 455

869 285 936 331 16.
969 286 1076 341 [20]

297 367 593 427 Κήλειφόμην
625 368 809 428 μύροισι
840 368 915 414 καὶ
946 367 1187 427 θυώμασιν

296 441 372 487 καὶ
403 440 607 500 βακκάρι·
640 440 714 486 καὶ
745 442 831 500 γάρ
863 458 928 494 τις
960 444 1152 501 ἔμπορος
1183 444 1341 500 παρῆν.

870 539 936 583 17.
970 539 1081 594 [2ο]

297 622 390 668 Καὶ
420 624 498 680 τῆς
531 620 722 667 ὄπισθεν
755 620 1015 680 ὀρσοθύρης
1045 620 1264 680 ἠλσάμην.

870 720 934 764 18.
969 719 1076 774 [22]

296 803 388 849 Καὶ
420 805 565 848 σαῦλα
597 806 790 860 βαίνων,
822 804 956 855 ἵππος
987 800 1048 857 ὥς
1078 806 1311 862 κορωνίης.

867 901 934 943 19.
969 900 1073 954 [23]

284 980 345 1029 Ἣ
373 981 544 1040 τυφλὸς
574 980 604 1040 ἤ
635 999 701 1035 τις
733 980 919 1046 σκνιπὸς
948 978 976 1039 ἢ
1010 983 1122 1040 μέγα
1153 983 1341 1040 βλέπων.

862 1079 931 1123 20.
967 1080 1074 1134 [24]
1245 1119 1248 1122 ,
1673 1093 1740 1126 ⁷4⁷

289 1162 463 1209 Θύουσι
496 1162 713 1221 Νύμφαις
743 1164 803 1224 τῷ
835 1179 881 1207 τε
913 1161 1126 1215 Μαιάδος
1156 1161 1292 1223 τόκῳ·

291 1229 417 1281 οὗτοι
448 1234 534 1294 γὰρ
567 1233 751 1294 ἀνδρῶν
783 1230 881 1292 αἷμ’
916 1237 1067 1293 ἔχουσι
1098 1236 1338 1293 ποιμένων.

269 1381 529 1427 ,Επίχαρμος
555 1377 591 1416 δ’
622 1377 663 1416 ἐν
692 1380 750 1415 Γᾶ
777 1379 842 1415 καὶ
870 1377 1065 1429 Θαλάσσᾳ·
1098 1380 1285 1426 Κουρίδες
1310 1393 1348 1416 τε
1377 1381 1575 1437 φοινίκιαι.
1628 1376 1670 1415 ἐν
1695 1378 1739 1417 δε

194 1427 304 1478 Λόγῳ
330 1428 397 1465 καὶ
415 1429 560 1478 Λογίνᾳ
585 1426 650 1464 δια
677 1441 745 1464 του
772 1442 800 1463 ω
822 1429 973 1473 εἴρηκεν
995 1429 1301 1474 ..Σιμωνίδης
1327 1427 1386 1464 δέ·
1415 1425 1636 1464 Θύννοισι
1662 1430 1736 1464 κτλ.

195 1498 241 1505 —
266 1466 416 1522 τευθίς,
442 1476 527 1513 fort
555 1477 727 1517 θευτὶς.
755 1497 801 1502 -
827 1478 998 1524 κωβιοισι
1023 1455 1071 1519 L,
1097 1477 1269 1524 κωβίοισι
1293 1475 1369 1511 PV.

291 1525 430 1562 Fr.1.6
470 1524 586 1560 Clem.
608 1523 715 1561 Alex.
735 1524 899 1582 Paedag.
919 1523 1059 1560 11207:
1086 1525 1324 1570 Σιμωνίδη
1334 1538 1352 1565 ς
1378 1522 1420 1560 δὲ
1449 1521 1490 1560 ἐν
1517 1527 1613 1565 τοῖς
1638 1521 1718 1570 ίάμ

198 1576 296 1624 βοις
322 1569 392 1609 οὐκ
412 1572 579 1609 αἰδειται
598 1564 733 1618 λέγων·
761 1567 1065 1618 Κήλειφόμην
1091 1538 1174 1607 κτλμ
1205 1572 1337 1610 Athen.
1362 1572 1431 1609 XV
1450 1585 1486 1618 p.
1508 1571 1636 1608 6990:
1662 1572 1740 1608 Καὶ

195 1622 429 1668 Σιμωνίδης·
456 1617 692 1679 κήλειφόμην
719 1620 762 1666 (Β
784 1617 1059 1703 ἔκλεινφόμην).
1113 1647 1120 1654 .
1149 1617 1343 1668 βακκάρει.
1366 1641 1409 1645 -
1436 1620 1480 1656 V.
1504 1624 1534 1656 1.
1560 1618 1740 1666 θυώμασι

194 1670 350 1714 Athen,
381 1666 600 1715 θυμιάμασι
633 1667 748 1705 Clem.
788 1689 832 1694 —-
908 1671 974 1705 ,2.
1014 1665 1178 1725 βακκάρι
1204 1667 1230 1703 O
1257 1680 1316 1714 ap.
1344 1668 1499 1712 Athen„
1534 1668 1599 1704 ubi
1623 1668 1738 1715 vulgo

196 1697 392 1768 βακκάρει,
418 1728 477 1763 ap.
505 1716 620 1753 Clem.
647 1717 762 1763 vulgo
791 1714 971 1774 βάκκαρι,
997 1715 1103 1752 codd.
1131 1714 1319 1774 βάκκαριν
1345 1716 1404 1752 vel
1426 1713 1636 1774 κάκκαριν.

289 1766 349 1802 Fr.
372 1746 426 1802 1'7.
472 1765 532 1802 Eis.
552 1765 602 1800 M.
624 1768 765 1823 634,1;
793 1760 1004 1822 ὀρσοθύρη·
1030 1765 1160 1821 θυρίς,
1186 1760 1238 1799 δι’
1267 1758 1313 1809 ἧς
1338 1763 1391 1805 εἰς
1416 1761 1593 1812 ὑπερῷον
1618 1761 1737 1821 ὑπάρ-

218 1827 254 1851 ει
277 1810 483 1872 ἀνάβασις·
505 1826 622 1871 παρα
649 1810 690 1848 τὸ
719 1809 813 1859 ὄρω,
845 1808 963 1858 ὅρσω,
995 1811 1060 1847 καὶ
1085 1809 1128 1847 τὸ
1153 1809 1259 1858 θύρα
1286 1841 1294 1849 .
1323 1840 1330 1847 .
1358 1841 1366 1848 .
1393 1813 1539 1858 εἴρηται
1564 1810 1667 1858 παρὰ
1694 1809 1737 1848 τό

127 1876 129 1879 ’
195 1859 348 1909 ορούειν
376 1858 438 1898 ἐπ’
467 1858 606 1919 αὐτήν·
638 1860 741 1906 λέγει
766 1858 809 1896 δὲ
836 1859 901 1896 καὶ
926 1860 1144 1906 Σιμωνίδης
1169 1857 1422 1918 κακοσχόλως·
1455 1859 1533 1895 καὶ
1557 1861 1649 1918 τῆς
1662 1863 1737 1897 κτλ.

195 1911 358 1960 Sylburg
384 1908 543 1946 coniecit
569 1906 832 1966 ὀρσοθυρίδος,
857 1908 1126 1953 Hemsterhuys
1151 1920 1223 1943 κατ
1247 1908 1315 1953 τῆς
1340 1905 1371 1944 ὅ.
1393 1905 1450 1954 ὀρ.
1475 1905 1737 1966 ἠλασ(σ)άμην,

195 1958 348 1995 Lobeck
400 1954 586 2015 ὀρσύδρης
635 1954 864 2014 ὃιηλσάμῃν,
915 1958 955 1992 eb
992 1967 1062 2014 ego
1107 1967 1255 2001 quoque
1292 1956 1331 1991 in
1377 1957 1433 1992 ed.
1470 1961 1487 1991 1
1527 1957 1736 2013 διηλσαμην

196 2006 351 2052 conieci,
375 2005 462 2043 fort
482 2002 652 2051 ὀρθύρης
672 1985 896 2063 διηλσάμην,
921 2006 966 2040 ut
985 2001 1132 2061 ὀρθύρη
1160 2015 1226 2050 per
1245 2015 1432 2050 syncopen
1455 2015 1523 2050 pro
1543 1999 1736 2049 ὀρσοθύρη

196 2055 246 2090 sih
284 2035 445 2096 dic⁷tum,
483 2053 656 2089 Meineke
695 2050 890 2110 ὀροθυρης
926 2049 1148 2110 διηλσάμην.
1200 2051 1372 2088 Cet-erum
1409 2051 1453 2088 cf.
1487 2052 1644 2087 Sotades
1676 2062 1735 2097 ap.

195 2103 331 2138 Athen.
358 2101 442 2136 XIV
471 2105 538 2137 621
558 2101 602 2136 B:
629 2097 649 2135 ὁ
677 2097 715 2135 δ’
744 2096 1007 2146 ἀποστεγάσας
1031 2098 1074 2136 τὸ
1101 2100 1224 2146 τρῆμα
1249 2100 1317 2155 τῆς
1340 2096 1479 2135 ὄπισθε
1506 2095 1656 2145 λαύρης.

291 2150 350 2185 Fr.
380 2153 433 2187 18.
485 2149 543 2185 Et.
571 2148 620 2183 M.
648 2153 729 2192 270,
755 2152 818 2184 45:
858 2146 1193 2206 Διασαυλουμενος
1218 2145 1322 2192 παρὰ
1349 2145 1417 2182 τὸν
1443 2148 1630 2191 σαῦλον,
1668 2144 1735 2182 τὸν

195 2194 386 2251 τρυφερὸν
406 2196 471 2232 καὶ
490 2197 645 2242 γαῦρον.
683 2197 947 2242 Σιμωνίδης
973 2193 1021 2231 ἐν
1048 2193 1251 2250 ἰάμβοις·
1278 2195 1354 2230 Καὶ
1375 2198 1450 2232 κτλ.
1476 2195 1583 2230 Adde
1603 2195 1734 2231 Zonar.

197 2250 266 2282 539
292 2244 373 2292 (ubi
398 2244 463 2280 καὶ
489 2245 584 2290 κορ,>
612 2265 655 2270 -
691 2244 876 2290 κορωνίης
901 2243 1049 2290 scripsi,
1077 2246 1116 2280 et
1141 2243 1193 2279 sic
1219 2243 1334 2279 etiam
1360 2243 1402 2279 G.
1424 2242 1592 2287 Dindorf,
1618 2256 1733 2288 κορω-

195 2295 258 2330 νίδ
259 2307 303 2340 ης
333 2293 528 2335 Welcker,
567 2292 761 2337 κορωνιῶν
793 2291 982 2337 Hartung,
1020 2291 1134 2338 vulgo
1171 2292 1392 2337 κορωνίτης,
1431 2291 1530 2336 quod
1566 2271 1736 2327 d⁷efendit

196 2341 385 2385 Meineke‚
412 2340 478 2376 sed
504 2339 725 2376 choliambis
750 2351 859 2375 usum
885 2350 966 2375 esse
992 2339 1223 2376 Simonidem
1249 2339 1400 2376 aliunde
1426 2350 1501 2375 non
1527 2340 1685 2375 constat.

291 2390 350 2425 Fr.
375 2393 430 2425 19.
475 2388 610 2423 Pollux
635 2386 669 2423 H
689 2391 750 2423 65.
779 2384 985 2423 Σκνιπὸν
1012 2386 1055 2422 δὲ
1081 2384 1148 2423 τὸν
1174 2383 1352 2445 άμυδρως
1378 2385 1565 2435 βλέποντα
1585 2388 1734 2432 Σιμω-

195 2439 328 2497 νίδης
353 2434 372 2473 ὁ
401 2433 695 2494 ἰαμβοποιός·
712 2431 856 2471 ”Haza
883 2434 948 2471 ubi
967 2437 999 2471 A
1027 2449 1050 2494 η
1074 2431 1229 2476 σκνιπὸς
1256 2431 1275 2471 ὁ
1303 2433 1400 2480 μέγα
1427 2436 1480 2483 βλ.
1508 2437 1546 2469 et
1565 2435 1733 2470 Ambros.

194 2482 218 2532 ἢ
247 2484 399 2526 ἔκνιπος
423 2481 444 2521 ὁ
472 2498 506 2530 μ.
535 2485 588 2530 βλ.
619 2482 806 2578 pHarhung
837 2483 998 2519 coniecit
1027 2497 1050 2528 η
1078 2481 1225 2540 κνέφας
1250 2482 1415 2540 βλέπων,
1448 2493 1518 2528 ego
1546 2478 1568 2527 ἢ
1595 2479 1734 2527 ὤλιγγα

198 2532 358 2594 βλέπων,
385 2532 430 2569 cf.
458 2533 516 2568 Et.
544 2531 592 2568 M.
682 2535 763 2574 821,
783 2534 846 2566 42:
873 2527 1051 2587 dleſtryynv
1078 2528 1295 2588 άκαριαιον,
1322 2510 1534 2576 ἐλάχιστον·
1561 2529 1736 2565 τάττουσι

197 2580 240 2618 δὲ
270 2579 464 2639 Ἀθηναῖοι
495 2579 560 2616 καὶ
593 2544 656 2615 ἐπὶ.ν
687 2579 754 2614 τοῦ
785 2575 986 2622 νυστάξαι·
1025 2578 1090 2615 καὶ
1119 2591 1187 2620 τας
1218 2575 1280 2614 ἐπὶ
1311 2579 1386 2614 τῶν
1420 2575 1619 2637 βλεφάρων
1651 2575 1734 2613 οἷον

196 2628 351 2675 ῥυτίδας
376 2626 558 2674 ωλλίγγας
583 2629 666 2673 (scr.
695 2623 912 2685 ὤλιγγας,
934 2625 1009 2663 vid.
1036 2626 1130 2663 Poll.
1158 2627 1191 2662 11
1219 2627 1298 2682 67),
1316 2623 1385 2671 τὴν
1412 2623 1454 2661 δε
1482 2622 1644 2681 ὥλίγγην
1670 2626 1734 2671 δη-

195 2678 288 2714 λοῦν
323 2676 388 2712 καὶ
413 2675 535 2721 πνοὴν
567 2675 632 2711 καὶ
658 2672 769 2710 σκιὰν
800 2673 864 2709 καὶ
889 2671 1031 2720 ἀκαρὲς
1061 2675 1230 2719 πνεῦμα·
1262 2671 1304 2710 τὸ
1332 2672 1374 2709 δὲ
1401 2669 1592 2732 ωλίγγιον
1606 2669 1734 2718 ὀλίγον

196 2727 383 2772 σημαίνει.
434 2724 578 2759 Eadem
603 2722 720 2758 Bekk.
746 2722 815 2757 An.
842 2722 966 2765 1318,
995 2726 1047 2758 10.
1089 2722 1183 2757 Add.
1210 2721 1368 2778 Ηοεγοὴἕ
1395 2734 1428 2757 17.
1455 2717 1667 2778 ωλιγγήιον.

291 2773 351 2809 Fr.
371 2777 428 2809 20.
469 2771 591 2808 Schol.
596 2770 745 2828 Odyss.
767 2770 893 2813 ξ435.
925 2769 1002 2805 Καὶ
1022 2771 1258 2816 Σιμωνίηδ
1267 2783 1285 2810 ς
1308 2767 1447 2805 θύειν
1467 2782 1607 2809 αντους
1633 2765 1735 2812 (τοὺς

197 2819 396 2876 ποιμένας)
428 2831 522 2866 φησι
552 2816 758 2865 νύμφαις
789 2817 852 2853 καὶ
885 2820 936 2854 Μ.
970 2831 999 2853 τ.
1027 2820 1102 2853 κτλ.
1153 2816 1293 2852 Eadem
1319 2817 1731 2861 Eustath.1766,1

197 2868 276 2913 (ubi
300 2880 334 2904 v.
362 2873 383 2904 2
410 2868 650 2914 ποιμαίνων).
690 2887 733 2892 —-
773 2865 816 2901 V.
846 2869 876 2901 1.
914 2863 1055 2901 θύουσι
1081 2865 1220 2901 Barnea
1251 2864 1433 2907 restituitz,
1471 2829 1570 2900 idedu
1604 2865 1655 2912 τῷ
1680 2877 1733 2908 τε,

197 2915 311 2962 vulgo
337 2917 420 2960 καί,
456 2914 603 2951 Ahrens
629 2912 798 2960 Νύμφῃς
822 2911 891 2959 ἠδὲ
918 2915 972 2949 Μ.
998 2927 1028 2949 τ.
1060 2933 1106 2940 -
1145 2912 1189 2948 V.
1216 2917 1249 2948 2.
1287 2909 1370 2959 αἷμ’
1400 2911 1544 2957 ἔχουσι,
1579 2901 1666 2947 libri
1691 2892 1734 2947 ut’.

197 2963 346 3001 videtur
370 2963 465 3010 αἷμα
492 2961 631 3009 ἔχουσι,
657 2962 695 2998 111
719 2961 758 2996 M
784 2960 878 3007 αἷμα
903 2962 991 3007 post
1013 2959 1205 3008 ποιμένων
1231 2960 1381 3008 legitur.
1421 2960 1524 2997 Eust.
1548 2959 1732 3007 interpre—
