1890 3216
919 678 974 719 II.
1637 689 1705 720 393

696 774 740 820 T
759 773 804 819 Y
823 773 867 820 R
879 772 930 819 4Τ
950 771 995 820 A
1013 773 1056 820 E
1077 772 1128 821 U
1151 772 1196 820 S.

744 894 775 938 I.
813 893 1143 937 ΕΥΝΟΜΙΑ.

932 994 967 1037 1.
1327 1051 1329 1053 ¹

299 1081 539 1120 Aristoteles
565 1080 682 1120 Polit.
704 1080 740 1117 V
769 1082 805 1129 6,
835 1082 877 1118 2:
905 1075 975 1118 Ἐν
1007 1077 1049 1118 δὲ
1079 1082 1163 1127 ταῖς
1193 1075 1503 1132 ἀριστοκρατίαις
1533 1079 1709 1132 γίνονται

178 1145 223 1184 αἱ
250 1141 401 1193 στάσεις
423 1156 434 1185 ’.
462 1177 469 1185 .
498 1175 506 1184 .
527 1144 580 1185 ἔτι
611 1142 706 1185 ὅταν
737 1145 778 1185 οἱ
806 1142 876 1196 μὲν
908 1141 1085 1197 ἀπορῶσι
1114 1145 1221 1195 λίαν,
1253 1144 1295 1184 οἱ
1322 1140 1358 1183 δ’
1394 1140 1610 1197 εὐπορῶσι·
1642 1144 1709 1185 καὶ

177 1205 339 1260 μάλιστα
376 1209 419 1250 ἐν
455 1214 535 1258 τοῖς
571 1209 754 1262 πολέμοις
790 1212 902 1250 τοῦτο
936 1210 1092 1263 γίνεται.
1148 1208 1309 1262 Συνέβη
1351 1207 1394 1249 δὲ
1425 1208 1491 1248 καὶ
1520 1212 1633 1250 τοῦτο
1665 1209 1708 1250 ἕν

179 1275 450 1326 Λακεδαίμονι
487 1271 565 1315 ὑπὸ
602 1271 669 1314 τὸν
706 1271 992 1327 Μεσσηνιακὸν
1023 1271 1207 1327 πόλεμον.
1256 1276 1391 1326 Δῆλον
1423 1273 1465 1314 δὲ
1496 1274 1563 1315 καὶ
1592 1279 1706 1317 τοῦτο

177 1339 227 1378 ἐκ
276 1342 356 1391 τῆς
409 1341 643 1392 Τυρταίου
692 1337 929 1392 ποιήσεως
971 1342 1051 1392 τῆς
1093 1339 1392 1391 καλουμένης
1441 1337 1706 1393 Εὐνομίας·

176 1402 465 1457 θλιβόμενοι
495 1402 580 1459 γάρ
611 1421 737 1454 τινες
769 1402 846 1446 διὰ
877 1402 957 1446 τὸν
987 1402 1197 1458 πόλεμον
1228 1403 1400 1458 ἠξίουν
1432 1403 1708 1448 ἀνάδαστον

176 1474 337 1510 ποιεῖν
374 1466 459 1522 τὴν
496 1468 664 1523 χώραν.
723 1472 835 1511 Adde
875 1472 994 1510 Paus.
1027 1471 1085 1510 IV
1121 1473 1187 1521 18,
1219 1474 1262 1511 1:
1304 1469 1370 1510 καὶ
1406 1467 1640 1523 ἐποιήσαντο
1672 1473 1714 1512 οἱ

177 1531 490 1587 Λακεδαιμόνιοι
522 1533 668 1589 δόγμα,
700 1534 764 1576 ἅτε
794 1540 874 1585 τοῖς
906 1535 949 1576 ἐν
980 1539 1025 1591 τῇ
1057 1537 1162 1590 Εἴρᾳ
1193 1538 1340 1589 μᾶλλον
1365 1531 1389 1588 ἢ
1417 1536 1552 1587 σφίσιν
1577 1532 1710 1586 αὐτοῖς

176 1603 457 1653 γεωργοῦντες,
488 1597 560 1654 τὴν
590 1602 828 1654 Μεσσηνίαν
858 1600 925 1641 καὶ
954 1604 1022 1654 τῆς
1047 1603 1287 1653 Λακωνικῆς
1317 1597 1390 1653 τὴν
1420 1604 1604 1654 προσεχῆ,
1636 1600 1709 1650 ἕως

177 1660 228 1704 ἂν
258 1668 498 1717 πολεμῶσιν,
530 1656 600 1707 ε’ἇν
631 1665 819 1719 ἄσπορον.
869 1666 950 1706 Καὶ
987 1663 1065 1706 ἀπὸ
1102 1663 1243 1707 τούτου
1282 1666 1450 1706 σιτοδεία
1482 1665 1630 1719 ἐγένετο
1665 1666 1729 1707 ἐν·

177 1726 340 1782 Σπάρτῃ
377 1730 443 1770 καὶ
481 1727 580 1783 ὁμοῦ
616 1735 662 1786 τῇ
699 1732 867 1786 σιτοδείᾳ
899 1730 1044 1781 στάσις·
1083 1729 1131 1773 οὐ
1167 1728 1242 1786 γὰρ
1280 1728 1482 1784 ἠνείχοντο
1514 1732 1556 1772 οἱ
1587 1729 1707 1787 ταύτῃ

177 1793 222 1834 τὰ
254 1793 426 1847 κτήματα
457 1795 607 1848 ἔχοντες
637 1794 683 1837 τὰ
715 1797 880 1851 σφέτερα
911 1793 1012 1852 ἀργὰ
1044 1794 1163 1838 εἶναι·
1204 1796 1281 1837 καὶ
1318 1793 1507 1846 τούτοις
1543 1790 1626 1850 μὲν
1654 1791 1708 1838 τὰ

185 1857 397 1912 διάφορα
429 1859 587 1902 διέλυε
622 1859 859 1915 Τύρταιος.

842 1968 881 2009 2.
915 1967 1040 2023 [1.]*)

251 2045 397 2099 Αὐτὸς
427 2045 513 2104 γὰρ
546 2051 777 2105 Κρονίων,
809 2048 1167 2105 καλλιστεφάνου
1197 2048 1326 2100 πόσις
1345 2047 1505 2106 “Ήρης,

310 2116 422 2170 Ζεὺς
446 2115 755 2174 Ἡρακλείδαις
785 2118 919 2176 τήνδε
952 2120 1117 2164 δέδωκε
1149 2119 1300 2164 πόλιν·

275 2249 509 2295 Τγτὺωιιε.
559 2248 613 2284 De
647 2249 798 2294 Tyrtaei
828 2249 922 2285 locis
953 2250 1139 2285 nonnullis
1172 2250 1346 2288 disseruit
1377 2250 1500 2287 Osann
1529 2251 1568 2287 in
1600 2251 1708 2288 Com-

178 2296 371 2333 mentarfis
398 2295 594 2332 Seminarii
620 2296 714 2332 Phil.
743 2296 836 2332 Giss.
864 2309 960 2342 spec.
986 2297 1038 2332 IV
1063 2298 1177 2343 (quod
1202 2309 1277 2334 non
1303 2298 1393 2355 vidi)
1421 2300 1459 2334 et
1484 2299 1543 2334 VI.

271 2345 330 2379 Fr.
357 2348 390 2378 2.
442 2343 576 2379 Strabo
598 2344 683 2379 VIII
709 2357 744 2389 p.
766 2349 851 2380 362:
878 2345 943 2380 καὶ
967 2342 1039 2391 γὰρ
1060 2343 1164 2380 εἷναί
1179 2357 1293 2390 φησιν
1314 2347 1529 2391 (Τυρταιος)
1549 2343 1704 2383 ἐκεῖθεν

177 2393 237 2438 (ex
262 2392 555 2433 Lacedaemone)
582 2389 623 2427 ἐν
649 2392 692 2438 τῇ
721 2389 879 2441 ἐλεγείᾳ,
904 2388 951 2438 ἣν
978 2390 1252 2438 ἐπιγράφουσιν
1279 2389 1530 2439 Εὐνομίαν·
1558 2391 1704 2435 Αὐτὸς

179 2437 260 2485 γὰρ
292 2442 366 2474 κτλ.
418 2434 505 2473 ὥστ’
545 2435 568 2483 ἢ
606 2440 725 2474 ταῦτα
763 2437 979 2485 ἄκυρωτέον
1016 2438 1061 2475 τὰ
1095 2438 1241 2486 ἐλεγεῖα
1278 2437 1509 2486 (ἆκυρωτὲον
1544 2442 1705 2477 correxit

177 2488 327 2531 Porson,
353 2485 440 2520 libri
458 2482 649 2543 ἠκύρωται
669 2483 760 2522 ὅντα
785 2488 846 2522 vel
870 2484 930 2532 ἠκ.
951 2486 1012 2533 τὰ)
1037 2483 1060 2533 ἦ
1090 2486 1277 2536 Φιλοχόρῳ
1303 2485 1529 2546 ἄπιστἠτέον
1554 2489 1604 2536 τῷ
1630 2486 1702 2534 φή-

178 2546 284 2569 σαντι
304 2530 504 2578 Ἀθηναῖον
524 2546 562 2568 τε
589 2534 654 2569 καὶ
676 2531 888 2579 Ἀφιδναῖον
897 2563 908 2579 ,
940 2535 1004 2571 καὶ
1029 2534 1282 2571 Καλλισθένει
1311 2535 1376 2571 καὶ
1406 2538 1530 2577 αλλοις
1559 2537 1705 2572 πλείοσι

178 2587 254 2623 τοῖς
279 2580 452 2617 εἰποῦσιν
486 2579 524 2624 ἐξ,
555 2577 721 2626 Ἀθηνῶν
755 2579 978 2627 ἀφικέσθαι.
1029 2583 1184 2619 Temere
1217 2583 1350 2619 Sssrabo
1384 2582 1462 2619 sive
1493 2583 1702 2619 universam

179 2629 337 2675 elegiam
370 2628 446 2663 sive
482 2629 578 2664 hanc
609 2629 783 2664 carminis
814 2630 1040 2675 particulam
1071 2631 1111 2666 in
1141 2629 1391 2676 suspicionem
1424 2631 1551 2666 vocat:
1582 2642 1703 2676 neque

177 2677 277 2711 enim
314 2675 581 2711 animadvertit
619 2676 821 2722 Tyrtaeum
854 2689 876 2712 a
906 2677 1210 2714 Lacedaemoniis
1241 2678 1394 2713 civitate
1425 2678 1604 2714 donatum
1636 2690 1702 2714 suo

177 2723 257 2759 iure
283 2735 322 2759 se
348 2722 423 2758 illis
449 2734 702 2759 annumerare.
736 2745 779 2750 —
812 2725 855 2760 V.
877 2729 908 2760 2.
931 2726 1010 2761 cod.
1031 2725 1207 2771 Palimps.
1226 2737 1343 2771 nuper
1369 2725 1510 2761 Romae
1534 2728 1702 2771 repertus

180 2771 310 2806 vitiose
335 2768 403 2815 τὴν
430 2773 640 2806 ΔΕΔῼΚΕ
666 2769 752 2807 πόλι
772 2800 779 2807 .
796 2800 824 2809 ..
847 2775 969 2808 ΙΑΜΑ
996 2771 1249 2818 προλιπόντες.
1292 2772 1362 2808 vid.
1385 2772 1503 2808 Cobet
1524 2772 1701 2810 Mnemos.

179 2819 224 2852 N.
251 2818 313 2861 IV,
340 2820 396 2854 51.
867 2817 906 2847 κ·
1209 2842 1213 2846 -

275 2925 308 2973 *)
334 2925 488 2961 Numeri
514 2926 652 2963 adiecti
677 2928 763 2963 sunt
787 2927 961 2964 editionis
985 2927 1206 2965 Bachianae.
