1890 3216
200 181 287 224 202
741 183 834 219 POE
840 183 934 220 TAE
961 182 1197 220 ELEGJACI.

347 294 356 306 ι
442 288 452 304 5
502 288 512 304 ²
605 288 614 303 ἱ
697 293 707 305 ι
821 287 831 304 2
878 291 888 307 5
975 294 985 307 p
1127 285 1144 304 5‘
1306 290 1318 305 ο·
1358 290 1369 306 Ι

301 293 376 343 Τις
399 293 434 347 ,δ
489 307 621 348 αρετη
654 305 813 334 πινοντ
866 306 1084 335 επιοινιον
1116 295 1264 335 αθλον
1296 295 1495 345 ελεσθαι;

355 360 543 406 πολλάκι
574 377 643 405 τοι
674 363 778 420 νικᾷ
809 361 882 406 καὶ
914 360 1048 414 κακὸς
1079 361 1211 420 ἄνδρ’
1247 360 1434 420 ἀγαθόν.

300 502 460 556 Οὐδεὶς
491 502 771 561 ἀνθρώπων,
806 501 859 548 ὃν
891 501 1019 548 πότν’
1042 495 1124 549 Γε’πὶ
1156 513 1260 561 γαῖα
1291 504 1467 564 καλύψῃ

354 578 398 628 ἔς
429 572 465 618 τ’
490 573 675 633 ’Ἐρεβος
706 578 898 634 καταβῇ,
932 575 1115 633 δώματα
1147 576 1460 634 Περσεφόνης,

199 659 269 691 975
294 647 495 705 τέρπεται
529 644 630 690 οὔτε
662 645 800 704 λύρης
832 644 927 691 οὔτ’
963 644 1212 704 αὐλητῆρος
1243 644 1442 704 ἀκούων,

355 715 456 762 οὔτε
489 716 733 761 Διωνύσου
766 720 916 776 δῶρον
948 716 1219 776 ἀειρόμενος.

306 786 430 833 ταῦτ’
467 790 638 847 ἐσορῶν
669 792 839 847 κραδίῃ
864 784 914 834 εὖ
946 793 1172 846 πείσομαι,
1206 787 1314 848 ὄφρ’
1351 788 1409 834 ἔτ’
1445 789 1615 848 ἐλαφροί

353 859 551 917 γούνατα
581 860 651 905 καὶ
685 859 892 918 κεφαλὴν.
917 859 1137 920 ἀτρεμέως
1167 862 1391 920 προφέρω.

297 1003 376 1060 M&
410 1021 484 1060 μοι
516 1001 632 1060 ἀνὴρ
665 1008 732 1060 εἴη
764 1002 944 1061 γλώσσῃ
977 1006 1127 1060 φίλος,
1160 1002 1272 1048 ἀλλὰ
1306 1004 1379 1048 καὶ
1411 1007 1543 1064 ἔργῳ·

199 1089 269 1120 980
355 1078 507 1133 χερσίν
538 1092 584 1119 τε
617 1074 827 1120 σπεύδειν
858 1074 1058 1135 χρήμασί.
1081 1076 1136 1131 τ’,
1169 1073 1409 1133 ἀμφότερα.

202 1229 293 1275 quid
320 1228 443 1265 dicere
463 1228 628 1265 voluerit
645 1230 811 1287 planum,
838 1229 1080 1266 nihilominus
1099 1241 1209 1274 aegre
1228 1229 1372 1266 verba
1362 1242 1401 1265 111
1421 1231 1619 1289 integrum
1627 1232 1734 1267 resti-

198 1280 294 1314 tuas.
347 1276 498 1312 Conieci
523 1278 616 1317 ναῦς
641 1274 703 1312 ἅτ’
735 1276 823 1322 ε”ρας
855 1277 916 1323 (cf.
949 1278 1108 1334 Hesych.
1141 1277 1243 1321 5'·9019
1271 1279 1351 1323 γῆς)
1377 1279 1436 1313 vel
1463 1279 1534 1314 νῦν
1535 1277 1735 1337 πέτρης

199 1325 294 1366 ναῦς
319 1320 394 1360 ἅθ’
431 1321 522 1365 ἑκὰς
547 1323 848 1370 διέχω,Α111ε1118
873 1325 945 1360 νῦν
977 1323 1023 1370 δὴ
1055 1326 1138 1370 γῆς,
1172 1325 1236 1360 sed
1262 1325 1362 1360 idem
1388 1325 1502 1362 etiam
1528 1321 1589 1362 ατ’
1617 1323 1736 1372 ἄκρας

200 1372 374 1419 protulit,
407 1371 580 1418 Hartung
611 1386 683 1407 νυν
716 1369 753 1407 δ’
786 1369 860 1419 ᾔδη
886 1373 981 1417 νηῦν
1012 1386 1046 1408 τε
1081 1372 1219 1429 πέτρας
1244 1372 1368 1433 διέχω.
1418 1374 1590 1410 Meineke
1629 1374 1733 1410 disti-

200 1421 294 1456 chon
325 1401 556 1455 intercidisse
590 1420 800 1465 suspicatur
824 1418 944 1477 διέχω
977 1419 1130 1480 πέτρης,
1163 1416 1188 1466 ἥ
1226 1417 1259 1455 τ’
1297 1418 1352 1456 ἐνὶ
1390 1418 1515 1478 πόντῳ
1554 1419 1733 1480 ἄπειρίτῳ

201 1466 413 1525 ἐστήρικται
443 1470 518 1502 κτλ.
553 1488 596 1492 -
630 1468 671 1503 V.
710 1472 789 1503 973.
822 1462 865 1502 ὃν
894 1465 1003 1503 πότν’
1033 1465 1095 1503 ἐπὶ
1120 1473 1210 1513 γαῖα
1237 1468 1385 1514 scripsi,
1419 1468 1448 1504 O
1475 1466 1519 1504 ὅν
1545 1466 1630 1504 ποτ’
1660 1466 1733 1512 ἐπὶ,

199 1517 230 1550 Α
257 1511 301 1550 ὃν
328 1511 447 1560 πρωτ’
475 1528 549 1557 επι,
578 1515 656 1551 rell.
679 1510 723 1550 ὃν
745 1512 832 1551 ἐπεί
852 1515 1180 1551 ποτε.Μθ11(111111
1206 1516 1384 1561 antiquae
1410 1516 1612 1561 paraclesis,
1633 1518 1734 1561 quod

198 1562 426 1608 Byzantinus
445 1544 626 1608 magister
646 1575 775 1608 parum
803 1574 979 1609 prospero
1007 1574 1177 1599 successu
1212 1563 1344 1599 tollere
1371 1563 1524 1609 studuit,
1549 1565 1736 1600 corrector

200 1611 281 1647 cod.
316 1611 348 1645 A
387 1610 479 1646 scite
505 1610 705 1645 admodum
729 1611 956 1656 procuravit,
983 1612 1048 1646 sed
1072 1622 1147 1646 una
1171 1613 1319 1646 tantum
1344 1611 1472 1647 littera
1496 1613 1636 1647 inserta
1661 1612 1734 1657 pri·
1785 1626 1790 1630 ·

199 1658 338 1694 stinum
377 1658 547 1693 decorem
584 1659 718 1703 poetae
756 1658 1027 1714 elegantissimi
1066 1658 1228 1694 sermoni
1258 1658 1463 1694 reddidisse
1500 1659 1646 1700 videon
1687 1659 1732 1695 cf.

200 1705 431 1751 poematium
457 1705 697 1741 Homericum
724 1703 861 1741 πότνια
886 1707 945 1751 γῆ,
971 1704 1160 1750 πάνδωρε,
1187 1703 1337 1762 δότειρα
1363 1707 1588 1765 μελίφρονος
1607 1687 1734 1766 ὄλβου,

203 1754 242 1789 et
266 1754 393 1811 hymn.
421 1757 478 1796 30,
506 1757 544 1797 6;
581 1753 675 1788 adde
702 1753 877 1799 Aeschyli
903 1753 1065 1800 Choeph
1095 1758 1160 1790 707
1189 1747 1217 1789 ῶ
1248 1751 1385 1789 πότνια
1409 1751 1527 1799 χθων,
1554 1748 1584 1789 ὦ
1609 1752 1734 1790 πότνι’

197 1798 294 1845 ἀκτὴ
333 1798 513 1857 χώματος.
551 1821 593 1825 -
620 1798 770 1858 καλύψῃ
793 1801 1004 1843 Turnebus,
1036 1801 1125 1836 libri
1156 1798 1329 1844 καλύψει.
1364 1822 1403 1826 -
1441 1802 1485 1836 V.
1513 1806 1592 1837 974.
1627 1800 1666 1842 ε”ς
1695 1799 1731 1837 τ’

200 1848 373 1893 0111,εἰ’ς
405 1844 439 1882 τ’
474 1848 539 1883 rel.
574 1869 619 1874 -—-
643 1845 806 1905 δωματα
839 1848 924 1891 AO,
956 1831 1064 1893 δῶμα
1091 1848 1168 1885 τε*.
1198 1869 1240 1874 -
1274 1849 1316 1884 V.
1345 1852 1423 1884 975.
1456 1852 1587 1893 λυρης,
1618 1846 1734 1906 λύρας

199 1907 269 1933 em.
291 1915 336 1922 -—
357 1896 400 1932 V.
417 1899 497 1931 976.
526 1893 735 1941 Διωνύσου,
761 1894 940 1932 διονύσου
962 1893 1299 1940 Αεὶι1,διωνύσσου
1321 1908 1377 1942 cg.
1401 1917 1444 1922 —
1465 1898 1587 1942 δωρον
1607 1893 1732 1941 αειρό-

200 1956 314 1989 μενος
339 1942 484 1988 scripsi,
511 1942 598 1978 libri
623 1941 715 1989 δῶρ’
751 1941 1019 1989 ἐσαειραμενος
1045 1925 1091 1987 (A
1118 1940 1211 2001 δῶρ’
1239 1957 1517 2001 εςαειρομενος,
1545 1944 1610 1979 sed
1634 1943 1734 1980 inter

199 1992 278 2027 oet
297 2004 322 2037 μ
342 1993 426 2036 ras.)
454 2002 498 2026 ex
517 1991 716 2027 manifesta
735 1991 1027 2037 interpolatione
1053 1988 1160 2037 (δῶρ’
1189 1988 1414 2037 αειράμενος
1433 1991 1614 2027 traditum
1633 1990 1733 2037 fuit),

200 2050 288 2074 nam
306 2050 426 2083 neque
447 2038 540 2074 alias
565 2039 637 2074 hoc
661 2039 818 2074 verbum
844 2040 1093 2085 compositum
1118 2039 1274 2084 legitur,
1303 2041 1340 2074 et
1360 2040 1431 2075 hoc
1449 2039 1532 2074 loco
1552 2038 1734 2075 sermonis

199 2085 467 2122 consuetudine
482 2086 593 2131 plane
616 2086 850 2130 adversatur,
875 2086 949 2122 vid.
972 2087 1019 2122 ad
1041 2100 1073 2123 v.
1101 2090 1181 2123 501.
1220 2088 1400 2122 Praesens
1420 2087 1568 2145 tempus
1594 2087 1734 2142 requiri

198 2134 273 2170 iam
300 2133 475 2169 Schaefer
499 2133 595 2169 vidit
627 2131 891 2190 ἐσαειρόμενος
918 2134 1122 2180 cmorrigens
1153 2135 1380 2170 Herwerden
1412 2130 1466 2170 ἔτ’
1499 2131 1734 2180 ἀειρόμενος,

198 2181 370 2226 Hartung
390 2182 512 2226 δῶρον
533 2178 803 2236 ἔπαυρόμενος.
827 2203 866 2208 -
882 2183 927 2218 V.
943 2186 1022 2218 977.
1043 2183 1192 2228 κραδίῃ,
1213 2183 1244 2216 Α
1264 2183 1435 2243 κραδιην,
1461 2182 1561 2226 quod
1579 2193 1654 2218 non
1673 2181 1733 2218 de-

200 2229 336 2264 bebam
363 2229 401 2263 in
427 2229 596 2264 ordinem
622 2229 801 2274 1·eciper,e
828 2230 873 2265 cf.
902 2229 1015 2265 Solon
1041 2233 1098 2273 24,
1124 2233 1146 2264 4
1171 2231 1306 2275 γαστρί
1327 2243 1364 2265 τε
1393 2229 1456 2264 καὶ
1483 2229 1643 2276 πλευρῇς
1669 2230 1734 2265 καὶ

201 2277 312 2312 ποσὶν
339 2273 439 2324 αβρά
468 2277 875 2313 παθειν.Ηθ1’ννθΥᾶο11
895 2273 1003 2312 ταῦτ’
1033 2274 1186 2334 ἐσορῶν,
1206 2278 1356 2335 κραδίη,
1377 2270 1420 2312 εὖ
1439 2278 1618 2320 πείσομαι
1637 2288 1735 2312 com-

202 2324 366 2360 mendat.
394 2344 436 2349 --
465 2321 557 2380 ὄφρ’
588 2320 642 2360 5''v
671 2324 942 2380 Schneidewin,
969 2324 1056 2360 libri
1083 2322 1186 2370 ὄφρα
1211 2322 1245 2359 τ’
1251 2325 1384 2379 ,quod
1411 2323 1582 2370 quamvis
1601 2323 1734 2360 simili—

203 2371 332 2407 tudine
358 2371 475 2416 (velut
501 2367 577 2407 ότε
590 2385 641 2417 τε,
668 2367 730 2407 ὅτε
759 2385 828 2418 περ
854 2386 906 2417 τε,
934 2371 1014 2408 ἕστε
1042 2372 1106 2417 al.)
1131 2372 1228 2407 tueri
1254 2373 1390 2418 possis,
1420 2373 1548 2408 tamen
1572 2371 1732 2407 alterum

201 2431 350 2475 quoque
383 2420 601 2476 exemplum
626 2431 659 2454 v.
690 2423 780 2454 1128
816 2420 862 2455 de
893 2420 985 2456 vitio
1017 2420 1240 2478 suspectum.
1276 2441 1318 2445 —
1351 2419 1394 2454 V.
1430 2423 1510 2455 978.
1543 2416 1734 2465 ἀτρεμέως
1797 2437 1802 2441 ·

200 2467 276 2510 ΑΟ,
309 2463 480 2511 ατρομέω
493 2478 544 2523 g,
578 2463 812 2524 ἆτρομέων*.
844 2488 883 2494 -
917 2465 1094 2512 προφέρω
1120 2467 1151 2502 si
1183 2466 1267 2503 vitii
1301 2471 1358 2502 est
1383 2478 1527 2520 expers,
1566 2478 1732 2503 accomo-

201 2515 331 2550 datum
357 2515 416 2550 est
434 2511 603 2559 γούνασι,
625 2526 710 2549 nam
731 2511 828 2560 ανὴρ
848 2513 1016 2561 γούνατα
1035 2513 1236 2559 προφέρει,
1261 2516 1304 2550 ut
1323 2514 1447 2549 Latini
1462 2513 1592 2549 dicunt
1609 2515 1734 2571 pedem

195 2562 374 2619 proferre,
402 2560 513 2622 φέρει
539 2559 721 2619 κεφαλὴν.
774 2562 847 2598 Sed
872 2562 1026 2599 fortasse
1047 2562 1281 2598 scribendum
1307 2558 1398 2607 ὄφρ’
1428 2557 1482 2596 ἔτ’
1520 2557 1680 2606 ἐλαφρ’
1706 2555 1732 2608 ᾗ

199 2607 381 2669 γούνατα
394 2608 458 2644 καὶ
483 2606 656 2654 κεφαλὴν
688 2606 878 2655 ατρεμέως
903 2609 1073 2655 φορέω,
1100 2610 1414 2654 quemadmodum
1440 2608 1556 2644 Attici
1581 2609 1731 2654 κρανία,

200 2656 323 2702 σκέλη,
338 2654 483 2702 ρύγχος,
498 2658 664 2702 γλῶτταν
679 2663 813 2702 φορεῖν
828 2657 967 2693 dicunt.
985 2679 1028 2683 -
1043 2658 1086 2694 V.
1101 2660 1277 2701 979-82,
1291 2657 1356 2702 qui
1369 2656 1482 2701 vulgo
1497 2656 1732 2701 copulantur,

201 2704 350 2748 diremi3
364 2716 451 2739 nam
466 2707 626 2749 utroque
640 2704 801 2741 disticho
814 2705 913 2741 idem
929 2706 1117 2741 decretum
1131 2704 1274 2740 variato
1287 2706 1436 2739 tantum
1450 2714 1618 2739 sermone
1629 2715 1732 2749 repe-

199 2753 305 2795 titur,
331 2751 646 2806 quemadmodum
673 2753 795 2788 solent
820 2753 859 2788 in
883 2754 954 2789 hac
981 2753 1124 2798 sylloge
1150 2751 1316 2805 capitula
1336 2751 1501 2787 eiusdem
1519 2750 1732 2803 argumenti

200 2800 376 2844 deinceps
403 2811 442 2834 se
469 2799 648 2853 excipere.
688 2799 742 2835 Ac
768 2801 800 2835 si
820 2812 854 2836 v.
876 2804 989 2836 981-
995 2805 1015 2836 2
1036 2802 1264 2845 separantur,
1290 2799 1365 2834 iam
1386 2798 1626 2834 confirmatur
1644 2797 1732 2834 scri-

200 2848 312 2892 ptura
328 2845 480 2892 θέλγοις
494 2850 533 2882 et
545 2846 703 2892 proximi
717 2858 845 2884 versus
859 2847 1085 2891 emendatio,
1101 2859 1188 2883 nam
1201 2847 1238 2882 in
1252 2846 1431 2891 peculiari
1453 2846 1586 2890 ecloga
1596 2845 1732 2881 tertiae

200 2905 382 2939 personae
402 2894 527 2929 nullus
549 2897 606 2930 est
626 2895 738 2930 locus.
760 2916 804 2921 --
825 2895 867 2932 V.
890 2900 958 2931 979
980 2894 1089 2931 affert
1107 2894 1233 2930 Floril.
1254 2893 1396 2931 Monac.
1420 2897 1499 2930 147.
1522 2914 1561 2918 -
1586 2893 1628 2929 V.
1651 2896 1732 2929 980.

200 2943 307 2987 χερσί
323 2940 365 2976 O.
388 2962 430 2967 -
451 2940 631 2977 σπεύδειν
652 2941 794 2988 scripsi,
821 2943 850 2979 O
872 2940 1040 2987 σπεύδει,
1064 2941 1098 2977 Α
1117 2943 1295 2987 σπευδου,
1315 2941 1378 2977 rel.
1401 2938 1568 2977 σπεύδοι.
1608 2941 1748 2995 Antea..
