1890 3216
181 163 271 206 454
772 166 1126 203 IAMBOGRAPHI.

837 275 1054 330 ·11.[16]

281 352 391 400 Οἶόν
423 373 468 400 τε
500 354 637 413 χηνὸς
668 353 782 401 ὤεον
814 359 1119 416 Μαιανδρίου.

850 454 1055 509 12-[17]

280 532 510 593 Σπλοέγχν’
547 530 816 593 ἆμῗτέχοντες
848 535 991 581 αὐτίκ’
1028 539 1199 582 ἰκτίνου
1232 541 1375 596 δίκην.

853 634 1058 688 13.[18]

283 716 405 771 Οίοῖ,
436 713 532 760 τόδ’
568 713 676 772 ἡμῖν
709 713 894 773 ἑρπετὸν
925 716 1196 775 παρέπτατο,

279 785 329 831 τὸ
364 789 506 841 ζωΐων
538 785 750 832 κάκιστον
781 790 956 845 ἔκτηται
987 792 1103 846 βίον.

779 888 781 890 ’
852 886 1057 940 14.[19]

283 966 378 1012 Οὐκ
411 966 467 1013 ἄν
499 984 565 1020 τις
597 965 713 1012 οὕτω
748 969 950 1021 δασκίοις
982 969 1030 1014 ἐν
1063 968 1247 1027 οὔρεσιν

283 1037 398 1099 ἀνὴρ
431 1039 575 1085 λέοντ’
612 1043 781 1085 ἔδεισεν
815 1038 922 1085 οὐδὲ
952 1040 1199 1100 πάρδαλιν,

281 1118 450 1170 μοῦνος
482 1113 702 1170 στενυγρῇ
734 1109 974 1169 συμπεσών
1006 1113 1054 1157 ἐν
1087 1110 1281 1175 ἀτραπῷ.

924 1208 990 1252 15.
1655 1223 1724 1258 746

284 1291 504 1337 Θύννοισι
535 1294 708 1349 τευθίς,
740 1297 941 1350 κωβιοῖσι
973 1294 1171 1350 κωρίδες.

187 1422 251 1458 sed
278 1424 348 1459 cet.
376 1421 439 1458 διὰ
467 1424 633 1469 μακρῶν.
678 1423 851 1459 Ceterum
877 1423 938 1460 vel
964 1424 1016 1459 sic
1041 1423 1154 1459 lectio
1180 1435 1308 1459 versus
1332 1424 1494 1470 incerta,
1523 1425 1554 1461 si
1574 1425 1726 1471 quidem

188 1471 398 1507 Simonides
424 1471 518 1507 alias
542 1483 726 1517 nusquam
753 1471 939 1508 solulzione
964 1472 1099 1517 longae
1111 1471 1294 1531 syllabae
1319 1483 1407 1508 usus
1434 1475 1502 1510 est.

284 1519 342 1554 Fr.
367 1523 420 1554 11.
463 1520 597 1556 Alzhen.
628 1519 787 1555 1157D:
814 1521 1077 1577 Σιμωνίδης
1104 1517 1150 1554 ἐν
1178 1518 1378 1577 δευτέρῳ
1406 1518 1585 1575 ἰαμβων
1614 1518 1726 1558 Οἷόν

187 1580 225 1602 τε
254 1570 327 1602 κτλ.
381 1567 433 1603 Cf.
460 1568 563 1603 Eust.
592 1568 658 1603 Od.
689 1572 791 1612 1686,
819 1572 873 1603 51.
902 1588 946 1593 -
974 1564 1088 1613 ὤεον,
1116 1566 1234 1603 Cobet
1259 1565 1348 1603 ὤιον
1369 1568 1539 1625 requirit.

283 1615 343 1650 Fr.
367 1619 421 1651 1.2
463 1614 593 1651 Choei.
590 1615 742 1673 Epim.
757 1616 880 1651 1278:
907 1612 989 1651 αλλ’
1014 1614 1114 1651 ἔστιν
1135 1612 1315 1672 ἴκτινοςὴ
1336 1612 1491 1651 εὐθεῖα·
1514 1645 1522 1653 .
1563 1614 1726 1653 ,τούτου

188 1659 369 1708 ἡγενικὴ
392 1662 549 1720 ἰκτίνου,
576 1660 625 1704 ὡς
644 1660 747 1709 παρὰ
767 1664 1021 1721 Σιμωνίδῃ·
1048 1659 1280 1709 Σπλάγχν’
1302 1666 1376 1699 κτλ
1414 1663 1471 1699 Et.
1492 1645 1589 1700 Flor.
1605 1665 1730 1701 Miller

189 1710 388 1746 Misc.167
416 1708 438 1756 ἡ
463 1709 594 1757 γενικὴ
623 1710 765 1747 ίκτίνου
791 1708 840 1752 ὡς
865 1708 968 1757 παρὰ
995 1712 1199 1766 Σιμωνίδῃ.
1251 1711 1410 1747 Videtur
1435 1709 1730 1758 αμφέποντες

191 1758 426 1795 scribendum
453 1770 543 1795 esse.
590 1759 764 1795 Fortasse
791 1770 875 1795 cum
900 1759 944 1795 fr.
971 1763 1017 1795 30
1041 1759 1082 1794 111
1106 1757 1207 1795 hunc
1232 1759 1383 1795 modum
1411 1760 1727 1807 coniungendam.

761 1820 921 1864 Μηρίων
947 1816 1195 1877 δεδαυμένων

476 1862 659 1912 σπλαγχν’
688 1863 932 1913 αμφέποντες
957 1862 1083 1901 αὐτίκ’
1111 1864 1255 1902 ἰκτίνου
1282 1867 1403 1912 δίκην.

190 1939 233 1974 111,
263 1938 460 1996 iambpgra
486 1938 557 1973 hus
582 1938 823 1973 Homericum
855 1937 967 1973 illud:
1006 1932 1131 1983 Αὐτὰρ
1165 1934 1248 1973 ἐπεὶ
1283 1936 1380 1973 κατὰ
1412 1934 1498 1985 μῆρ’
1536 1936 1631 1986 ἐκάη
1663 1940 1729 1976 καὶ

190 1982 373 2032 σπλαγχν’
403 1983 593 2021 ἐπασαντο
618 1986 789 2021 imitatus
815 1985 875 2021 sit.

284 2034 343 2071 Fr.
374 2038 427 2071 13.
479 2034 550 2079 Ety
553 2046 600 2069 m.
627 2033 676 2070 M.
704 2037 791 2090 413,
818 2037 863 2068 28
897 2034 935 2068 eb
960 2034 1203 2070 Zona1.967:
1249 2035 1430 2092 ζῳδίον·
1463 2032 1653 2080 γράφεται
1684 2034 1744 2072 δὲ·

191 2095 285 2135 μετα
311 2082 379 2117 τοῦ
407 2080 516 2127 ι’ὧτα,
527 2046 683 2126 γέπειδὴ
720 2078 876 2126 εὕρηται
901 2079 997 2116 κατὰ
1025 2078 1239 2138 διάστασιν,
1272 2080 1321 2123 ὡς
1345 2079 1447 2127 παρὰ
1475 2085 1729 2140 Σιμωνίδῃ,

192 2129 273 2166 οἷον
302 2130 386 2174 (hoc
414 2140 485 2165 om.
506 2111 545 2164 M
566 2130 605 2165 eh
623 2131 666 2164 ub
685 2129 833 2165 videssur
851 2128 918 2172 D)·
947 2125 1054 2164 Τόδ’
1083 2125 1189 2174 ἡμῖν
1216 2110 1478 2190 (’Ζο113,1·.φησὶ
1505 2128 1593 2176 γάρ·
1619 2129 1661 2166 τὸ
1689 2129 1726 2168 δ’

191 2176 268 2224 ὴμ.)
296 2175 324 2213 ἕ.
346 2190 382 2212 π.
406 2177 539 2220 §mov
565 2174 796 2213 κάκιστον.
838 2176 959 2212 Schol.
980 2176 1088 2212 Hom.
1109 2177 1150 2213 Il.
1172 2181 1298 2213 64:07
1325 2191 1418 2223 μετα
1441 2176 1482 2214 δε
1503 2179 1571 2214 τοῦ
1593 2186 1618 2223 Z,
1645 2176 1728 2216 ἐπεὶ

192 2225 256 2261 καὶ
275 2226 539 2270 Σιμωνίδης
565 2223 749 2270 φησί·τό
778 2226 890 2278 ζῷον
916 2221 1136 2260 κάκιστον
1162 2223 1386 2270 κέκτηται
1412 2227 1528 2272 βίον,
1555 2239 1626 2272 περ
1629 2226 1757 2263 ὶτοῦ’

192 2271 446 2318 κανθάρου.
481 2294 524 2298 -
559 2273 603 2308 V.
634 2278 663 2311 1.
700 2272 779 2309 οἰοῖ
799 2271 947 2318 scripsi,
983 2271 1127 2307 librarii
1160 2271 1240 2308 οἷον
1272 2254 1561 2319 subsffituerun't,
1595 2273 1728 2311 inutile

193 2321 509 2357 addilsamentum:
535 2320 662 2366 potius
682 2321 871 2366 integrum
889 2332 1037 2356 versum
1058 2319 1288 2364 adscriptum
1307 2320 1422 2357 fuisse
1437 2303 1728 2358 conseiitaneum

193 2371 259 2405 ess.
300 2367 390 2404 Οἰοί
410 2369 572 2404 testatur
598 2368 720 2414 Apoll.
748 2369 794 2404 de
819 2368 904 2404 adv.
926 2371 1007 2411 535,
1032 2367 1132 2403 idem
1158 2367 1275 2404 οἰοιοῖ
1296 2372 1375 2405 588.
1420 2368 1590 2406 Fortasse
1615 2372 1730 2416 poeta

193 2417 394 2462 apologum
433 2416 598 2461 aliquem
634 2416 837 2461 Aesopium
875 2416 920 2451 de
959 2415 1139 2450 cantharo
1178 2416 1375 2453 enarravit.
1416 2437 1459 2442 —
1490 2417 1728 2472 παρέπτατο,

193 2465 341 2500 Hecker
365 2462 612 2520 προσέπτατο.
645 2483 691 2489 -
729 2463 772 2500 V
800 2468 832 2500 2.
869 2462 988 2506 ζωΐων
1015 2464 1053 2498 et
1079 2461 1232 2509 ἔκτηται
1257 2464 1404 2500 Bekker
1430 2464 1595 2510 scripsit,
1628 2465 1727 2502 idem

193 2514 389 2558 praeterea
415 2511 509 2547 coni.
537 2507 556 2546 ὃ
582 2522 649 2557 pro
676 2508 729 2547 τὸ.

288 2561 355 2595 Fr.
370 2563 424 2595 14.
461 2559 590 2595 Galen.
611 2558 716 2594 XVII
739 2563 769 2602 1,
784 2563 851 2594 897
874 2559 930 2594 ed.
946 2559 1074 2594 Kuhn:
1101 2556 1150 2604 μὴ
1177 2557 1369 2615 γινώσκων
1395 2557 1471 2595 ὑπὸ
1496 2560 1570 2595 τῶν
1592 2556 1728 2596 Ἰωνων

193 2605 234 2644 τὸ
275 2605 408 2643 στενὸν
441 2603 706 2663 ὀνομάζεσθαι
743 2604 962 2652 στενυγρόν·
1002 2602 1095 2642 αλλὰ
1133 2603 1267 2642 τούτου
1306 2620 1346 2652 γε
1384 2604 1588 2666 μαρτύριόν
1627 2605 1728 2644 ἔστιν

194 2653 382 2713 αὔταρκες
412 2652 453 2690 τὸ
481 2653 583 2700 παρὰ
611 2655 846 2712 Σιμωνίδῃ
878 2653 1138 2700 γεγραμμένον
1165 2651 1207 2690 ἐν
1232 2656 1386 2690 τοισδε
1419 2659 1515 2696 τοῖς
1550 2653 1726 2691 ἐΜπεσιν

196 2701 290 2740 Οὐκ
316 2716 370 2738 αν
397 2716 462 2743 τις
488 2705 563 2738 κτλ.
589 2699 729 2738 ταυτὸν
755 2703 930 2761 σημαίνει
954 2702 1006 2747 τῷ
1032 2702 1154 2754 στενῇ.
1193 2701 1297 2737 Idem
1321 2702 1443 2738 XVIII
1470 2706 1502 2748 1,
1528 2706 1596 2738 411.
1622 2714 1727 2760 repe-

194 2751 258 2787 tib:
286 2748 447 2808 ευδηλον
469 2748 511 2786 δὲ
532 2750 644 2786 τοῦτο
665 2747 735 2793 καξ
757 2744 809 2785 ὧν
829 2738 1044 2807 Σιμωνίδης
1064 2747 1181 2806 εἶπεν,
1203 2742 1278 2785 ὧδέ
1298 2763 1377 2791 πως
1397 2730 1577 2795 ἐχόντων·
1605 2748 1726 2787 οὔπω

196 2827 203 2834 .
227 2825 234 2833 .
257 2826 265 2834 .
291 2795 493 2856 ἀτραπῷ·
524 2798 702 2842 ψιλοῦται
727 2796 769 2833 δὲ
794 2795 971 2855 δηλονότι
996 2810 1092 2833 κατα
1119 2794 1186 2843 τὴν
1212 2796 1395 2855 δευτέραν
1421 2795 1618 2846 συλλαβήν.
1663 2799 1728 2835 ubi

195 2859 229 2881 v.
259 2850 276 2881 1
312 2843 416 2882 ούπω
450 2835 561 2890 (unde
587 2846 733 2881 Ahrens
766 2841 867 2881 οὔκω
899 2858 956 2886 τις
986 2841 1118 2892 ουτω),
1155 2857 1190 2880 v.
1217 2848 1238 2880 2
1264 2842 1438 2890 λέγονται
1463 2845 1520 2886 δὶς
1547 2842 1606 2891 ἐν,
1644 2858 1679 2884 v.
1705 2851 1727 2883 3

195 2894 382 2940 στενυγρῷ
408 2893 556 2939 legitur.

291 2942 348 2977 Fr.
373 2944 427 2977 15.
467 2940 674 2977 Athen.111
695 2941 824 2977 1061)·
851 2941 1042 2987 Κουρίδας
1067 2938 1109 2977 δὲ
1137 2937 1204 2982 τὰς
1228 2941 1388 2987 καρῖδας
1407 2941 1534 2987 εἴρηκε
1554 2938 1728 2987 Σώφρων
