1890 3216
197 189 281 231 128
730 188 925 226 POETAE
949 187 1190 230 ELEGIACI.

349 297 615 354 νοσφισθεὶς
647 294 689 340 δ’
725 295 837 355 ἄλλῃ
869 299 1077 353 γλῶσσαν
1110 298 1203 353 ι”ῆσι
1234 295 1396 353 κακήν,

220 381 265 413 95
291 368 495 420 τοιοῦτός
525 386 594 412 τοι
626 368 799 424 ἑταῖρος
830 366 946 426 ἀνὴρ
975 372 1108 429 νφίλος
1141 365 1240 411 οὔτι
1271 365 1373 424 μάλ’
1411 365 1593 422 ἐσθλός,

352 438 400 491 ὅς
430 437 471 482 κ’
508 444 607 497 εἴπῃ
639 438 818 497 γλώσσῃ
851 441 968 499 λῷα,
1001 440 1149 496 φρονῇ
1183 435 1224 482 δ’
1259 439 1395 497 ἕτερα.

288 556 406 602 Ἀλλ’
442 563 509 615 εἴη
542 561 744 610 τοιοῦτος
776 557 874 615 ἐμοὶ
907 561 1053 615 φίλος,
1087 554 1136 610 ὃς
1166 556 1247 602 τὸν
1280 557 1456 615 ἑταῖρον

350 629 585 686 γινώσκων
619 628 760 688 ὀργὴν
792 629 866 673 καὶ
898 627 1042 687 βαρὸν
1074 627 1183 674 ὄντα
1215 629 1338 686 φέρει

292 700 392 746 ἀντὶ
423 701 716 758 κασιγνήτου,
750 700 806 745 σὺ
841 701 893 745 δέ
922 718 1017 758 μοι,
1051 704 1173 758 φίλε,
1204 699 1328 744 ταῦτ’
1364 700 1431 745 ἐνὶ
1462 702 1595 760 θυμῷ
1662 711 1731 744 491

199 787 265 818 100
353 772 541 832 φράζεο,
573 777 652 816 καί
679 771 777 817 ποτ’
814 773 923 829 ἐμοῦ
956 771 1144 829 μνήσεαι
1178 773 1376 825 ἐξοπίσω.

294 895 468 950 Μήδείς
499 891 540 936 σ’
577 890 836 951 ἀνθρώπων
867 895 995 950 πείσῃ
1028 890 1168 936 κακὸν
1200 890 1346 949 ἄνδρα
1378 894 1584 948 φιλῆσαι,

351 963 528 1022 Κύρνε·
559 967 605 1007 τί
634 962 674 1007 δ’
711 961 799 1008 ἔστ’
836 962 999 1020 ὄφελος
1031 962 1178 1016 δειλὸς
1209 961 1327 1021 ἀνὴρ
1359 966 1489 1020 φίλος
1522 961 1607 1016 ὤν;

294 1034 388 1080 οὔτ’
424 1034 482 1080 ἄν
515 1034 558 1079 σ’
595 1036 642 1080 ἐκ
673 1040 882 1093 χαλεποῖο
913 1034 1058 1079 πόνου
1090 1033 1274 1091 ῥύσαιτο
1306 1034 1380 1078 καὶ
1411 1034 1538 1091 ἄτης,

355 1106 459 1151 οὔτε
489 1124 566 1151 κεν
598 1100 766 1152 ἐσθλὸν
798 1109 911 1164 ἔχων
943 1108 1023 1150 τοῦ
1055 1108 1279 1162 μεταὸοὗν
1312 1107 1473 1151 ἐθέλοι.

202 1240 268 1272 105
296 1225 491 1279 Δειλοὺς
522 1220 572 1270 εὖ
606 1227 783 1284 ἕρδοντι
815 1226 1084 1282 ματαιοτοέτῃ
1112 1224 1239 1282 χάρις
1271 1226 1406 1269 ἐστίν’

360 1297 459 1343 ἴσον
491 1297 566 1341 καὶ
598 1301 795 1355 σπείρειν
826 1296 995 1341 πόντον
1027 1294 1133 1349 ἁλὸς
1163 1299 1330 1349 πολιῐς.

299 1369 401 1415 οὔτε
432 1368 517 1428 γὰρ
550 1366 607 1413 ἂν
639 1368 808 1413 πόντον
840 1372 1034 1426 σπείρων
1065 1366 1188 1424 βαθὺ
1221 1367 1351 1424 λήϊον
1384 1366 1527 1425 ἀμῷς,

206 1525 379 1561 Welcker
404 1521 455 1569 ἤν
481 1537 545 1565 τις.
596 1512 780 1569 Harbung,
801 1523 866 1568 qui
889 1523 983 1558 haec
1004 1534 1087 1557 cum
1107 1521 1294 1566 prioribus
1319 1521 1456 1566 iunxit,
1481 1517 1554 1566 κῆν
1579 1521 1736 1568 scripsit.

204 1595 245 1600 —
293 1570 477 1619 ἐπαινήσῃ
494 1601 503 1618 ,
548 1568 733 1616 επαινήση
772 1572 822 1614 A,
868 1567 1065 1616 ἑπαινήσει
1102 1568 1218 1615 Oelp,
1263 1567 1457 1604 ἐπαινέσει
1494 1568 1738 1615 bedfhimqrt,

204 1632 397 1680 ἐπαινεῧει
428 1656 470 1687 n,
509 1641 726 1678 ἐπαινέσσει
757 1653 848 1679 corr.
881 1655 917 1688 g.
950 1642 1069 1677 Cobeb
1100 1638 1299 1687 ἐπαινῇσιν
1331 1640 1496 1685 requirit..
1533 1661 1577 1666 —
1612 1638 1735 1685 τόσον,

201 1689 335 1727 τόσσον
361 1692 384 1728 i.
411 1712 457 1717 —
483 1687 620 1738 ὁρῴης,
655 1688 792 1735 ὁρώιης
816 1692 866 1734 A,
899 1686 1023 1734 ὁρώης
1049 1688 1091 1732 O,
1131 1685 1229 1736 ὁρῴη
1263 1688 1379 1723 ceteri
1410 1689 1517 1732 quod‘
1539 1690 1739 1735 praeoptat

203 1740 338 1783 Cobet,
371 1738 466 1774 mihi
497 1749 600 1775 secus
631 1738 789 1773 videtur.
829 1758 875 1763 —
912 1737 955 1771 V.
983 1741 1039 1773 94.
1066 1734 1177 1780 ἄλλη,
1203 1734 1319 1780 ἄλλην
1344 1734 1421 1770 ΑΟ.
1458 1757 1502 1761 -
1541 1734 1635 1780 ἷῆσι,
1662 1734 1739 1784 ἴῇσι

201 1787 361 1830 Bekker,
393 1787 469 1831 ἵησι
493 1785 709 1831 Adeglnpq,
737 1786 815 1830 ἵησι
832 1783 1004 1819 bcfhimt.
1025 1805 1069 1810 -—
1089 1783 1133 1818 V.
1155 1787 1210 1819 95.
1234 1779 1390 1827 ἑταῖρος,
1411 1783 1539 1818 malim
1561 1781 1736 1830 ἑταίρῳ.

203 1855 247 1860 ——
270 1834 312 1871 V.
340 1838 397 1869 96.
424 1836 523 1880 εἴπῃ,
550 1834 651 1868 εἴποι
678 1833 717 1868 O.
742 1853 785 1858 —
816 1829 972 1878 γλώσσῃ,
998 1828 1143 1876 γλώσσα
1168 1842 1198 1866 c.
1232 1852 1276 1856 —
1307 1831 1385 1878 λῷα
1410 1831 1559 1866 restitzui
1591 1842 1636 1866 ex
1660 1831 1738 1873 AO,

203 1882 267 1927 qui
292 1879 384 1917 λώια
418 1881 610 1924 exhibent,
645 1880 758 1916 ceteri
783 1881 916 1927 λῷστα.
950 1878 1076 1915 confer
1106 1891 1140 1914 v.
1167 1882 1246 1914 800.
1290 1899 1333 1903 -
1373 1878 1495 1924 φρονῇ
1530 1878 1592 1923 Ai,
1626 1878 1739 1914 ceteri

204 1934 350 1975 φρονεῖ.
378 1950 422 1955 -
451 1929 495 1964 V.
523 1932 687 1963 97—100
714 1927 884 1973 separavi
910 1938 933 1961 a
956 1926 1152 1972 prioribus.
1179 1926 1368 1970 Hal-’tung‚
1400 1925 1463 1969 qui
1494 1925 1739 1961 necessitudi-

203 1989 287 2013 nem
323 1978 466 2019 hufflmr,
504 1977 613 2021 putat
645 1977 757 2010 antea
791 1974 976 2010 distichon
1012 1973 1255 2009 inbercidisse.
1306 1972 1497 2018 Repetunss
1530 1973 1624 2008 haec
1653 1975 1740 2018 post

202 2038 237 2061 v.
266 2029 358 2060 1164
390 2023 656 2067 AObdefhmn,
687 2023 752 2057 ubi
778 2034 810 2059 v.
838 2026 882 2058 97
914 2022 969 2057 ita
993 2021 1147 2067 legitur:
1184 2017 1366 2060 Τοιοῦτός
1390 2033 1448 2055 τοι
1479 2022 1548 2065 (τις
1573 2033 1630 2065 m,
1665 2031 1738 2058 om.

205 2073 250 2117 O)
277 2069 378 2117 ἀνὴρ
407 2070 498 2106 ἔστω
519 2072 626 2115 φίλος
645 2073 720 2105 κτλ.
740 2091 786 2095 -
808 2067 901 2115 ἐμοὶ,
923 2066 1013 2115 ἐμὸς
1033 2069 1074 2105 O.
1092 2089 1135 2094 -
1150 2068 1195 2104 V.
1211 2073 1266 2104 98.
1288 2065 1480 2113 γινώσκων
1500 2070 1544 2112 A,
1565 2070 1607 2104 ut
1626 2068 1735 2114 solet,

202 2121 295 2156 item
316 2119 359 2164 Ο,
379 2116 595 2164 γιγνώσκων
616 2118 741 2153 ceteri.
757 2138 799 2143 -
817 2116 937 2163 φέρει,
959 2115 1090 2162 φέρειν
1112 2116 1154 2152 Ο.
1185 2116 1343 2152 fortasse
1364 2114 1502 2160 φέροι
1521 2115 1732 2161 legendum.

205 2189 249 2194 —
275 2167 319 2202 V.
346 2171 402 2203 99.
435 2163 557 2209 ταῦτ’,
589 2161 691 2201 τοῦτ’
720 2164 786 2200 AO
821 2165 919 2200 infra
952 2167 993 2210 (s.
1020 2164 1151 2210 Bekk.)
1184 2184 1227 2189 -—
1261 2160 1335 2207 ἐνὶ,
1363 2161 1405 2199 ἐν
1432 2163 1471 2198 Ο.
1507 2184 1550 2188 -
1582 2162 1626 2198 V.
1657 2167 1735 2198 100.

207 2211 293 2250 ποτ’
324 2212 417 2260 ἐμοῦ
443 2213 590 2259 scripsi,
621 2226 792 2258 ποταμου
820 2225 844 2247 α
876 2224 968 2249 corr.
994 2212 1033 2247 in
1060 2225 1076 2247 ε
1103 2223 1126 2247 a
1150 2223 1205 2257 pr.
1230 2223 1278 2246 m.
1308 2212 1354 2254 A,
1386 2209 1477 2245 ποτέ
1508 2223 1579 2256 μου
1613 2211 1738 2247 ceteri.

207 2284 251 2288 —
275 2263 316 2297 V.
340 2266 418 2297 101.
446 2258 483 2296 σ’
510 2263 542 2295 Α
567 2262 608 2295 ut
626 2259 800 2295 Neander
825 2259 997 2304 coniecit,
1022 2271 1094 2295 om.
1121 2259 1246 2295 ceteri.
1273 2279 1316 2284 —
1345 2257 1387 2292 V.
1417 2262 1495 2293 102.
1521 2259 1561 2293 τί
1582 2254 1619 2293 δ’
1648 2254 1739 2303 ἔστ’,

205 2310 336 2345 malim
361 2310 401 2344 τί
422 2305 518 2354 δῆτ’.
546 2329 591 2334 —-
617 2306 741 2348 δειλὸς
765 2309 813 2351 Α,
841 2319 911 2343 om.
939 2306 986 2351 Ο,
1013 2304 1131 2347 κακὸς
1155 2306 1186 2350 i,
1218 2310 1344 2345 κεῖνος
1369 2305 1500 2349 ceteri,
1526 2305 1627 2350 quod
1650 2305 1737 2341 fort.

206 2357 466 2393 revocandum.
497 2377 539 2382 -—
566 2356 609 2391 V.
633 2360 711 2391 103.
739 2352 835 2400 οὔτ’,
862 2351 918 2390 ὅτ’
949 2355 1020 2400 bq‚'
1036 2350 1115 2389 ἅττ’
1143 2354 1218 2389 din.
1244 2353 1417 2397 Leusssch.
1438 2349 1530 2388 οὐδέ
1549 2365 1616 2388 κεν
1636 2349 1738 2398 (οὔτε

206 2407 311 2450 κενῖ)
348 2401 390 2439 ἐκ
416 2407 593 2450 χαλεποῖο
625 2400 745 2438 πόνου
772 2402 968 2446 desiderat,
994 2413 1201 2447 perperam.
1229 2422 1272 2427 —
1306 2398 1439 2445 πόνου,
1465 2398 1597 2436 πόνοιο
1625 2400 1667 2436 Ο.
1694 2421 1738 2426 —-

205 2452 250 2487 V.
277 2456 355 2488 104.
383 2452 450 2486 τοῦ
476 2451 666 2497 μεταδοῦν
688 2448 817 2486 ἐθέλοι
841 2449 1046 2485 Buttmann
1073 2449 1299 2494 (optativum
1324 2447 1399 2482 iam
1424 2447 1573 2483 Brunck
1601 2447 1739 2493 aliique

205 2500 475 2544 restituerunt),
503 2500 629 2533 erranh
663 2498 727 2543 qui
753 2494 959 2543 μεταδοῦν’
987 2494 1047 2532 ἐθ.
1073 2497 1306 2542 praeoptant,
1332 2506 1418 2530 nam
1444 2495 1538 2530 δοῦν
1564 2506 1606 2531 ac
1633 2495 1737 2530 simi-

208 2548 263 2582 les
283 2547 424 2582 formae
450 2557 526 2581 non
552 2558 596 2581 ex
631 2546 785 2591 δοῦναι,
817 2545 882 2581 sed
914 2556 959 2580 ex
991 2542 1107 2590 δόμεν
1139 2543 1432 2589 proficiscuntur.
1466 2543 1532 2578 τοῦ
1558 2540 1740 2588 μεταδού-

209 2608 274 2629 ναι
295 2596 328 2640 (τ
345 2606 368 2630 a
389 2605 460 2629 sec.
475 2605 523 2628 m.
539 2605 629 2629 corr.
647 2604 691 2628 ex
710 2606 731 2638 γ
752 2605 778 2629 s.
800 2592 914 2637 Jord.‚
934 2606 959 2627 α
979 2602 1123 2627 erasum
1143 2592 1212 2634 est)
1231 2589 1341 2625 θέλοι
1361 2591 1409 2632 Α,
1429 2591 1497 2625 τοῦ
1512 2588 1608 2635 μέγα
1628 2586 1738 2625 ἃοῦν’

208 2639 334 2678 ἐθέλει
347 2641 555 2686 bdefhlmn‚
574 2643 641 2676 τοῦ
662 2637 825 2685 μεγάλου
847 2641 984 2675 δοῦναι
1003 2637 1111 2674 θέλει
1126 2638 1169 2682 Ο,
1191 2635 1319 2674 ἐθέλει
1339 2637 1452 2672 etiam
1467 2637 1528 2682 cgi
1545 2658 1583 2662 -—
1599 2636 1643 2672 V.
1661 2641 1738 2672 105.

211 2684 255 2725 εὗ
275 2690 319 2734 Α,
341 2689 456 2724 ceteri
475 2685 512 2723 δ’
538 2682 600 2724 εὗι
626 2688 745 2724 nescis
765 2688 803 2722 in
822 2687 880 2722 his
899 2697 1174 2733 saepenumero,
1195 2684 1330 2730 copula
1342 2686 1468 2719 utrum
1482 2685 1611 2719 addita
1625 2684 1674 2719 sih
1692 2685 1740 2719 ab

207 2737 266 2782 iis,
288 2737 353 2782 qui
367 2748 451 2771 cum
470 2736 656 2782 prioribus
678 2735 902 2780 coniungere
922 2735 1118 2779 volebant,
1143 2745 1191 2769 an
1204 2733 1352 2768 abiecta
1365 2733 1412 2766 ab
1427 2733 1489 2776 iis,
1515 2732 1579 2776 qui
1594 2734 1741 2767 senten-

209 2786 303 2820 tiam
317 2795 498 2830 compage
518 2783 678 2829 solutam
698 2783 745 2818 ab
758 2782 870 2827 omni,
897 2782 996 2827 quod
1010 2781 1195 2826 reliquum
1209 2780 1300 2822 erat,
1326 2778 1473 2814 vinculo
1492 2779 1650 2814 liberare
1665 2781 1740 2814 stu-

209 2833 362 2876 debant3
379 2830 425 2866 cf.
441 2835 522 2868 955.
542 2831 714 2876 Harbung
734 2830 826 2865 haec
840 2841 923 2865 cum
937 2829 1123 2875 prioribus
1137 2827 1337 2864 coniunxit.
1362 2846 1401 2852 ——
1419 2825 1578 2871 ἔρδοντι,
1594 2825 1742 2870 ἔρδοντι

210 2880 387 2915 bcdefmn
411 2881 454 2915 ut
472 2879 564 2915 alibi
585 2889 732 2924 quoque
753 2888 1028 2923 saepenumero.
1048 2897 1092 2903 —
1112 2873 1234 2922 χάρις,
1255 2871 1342 2920 χάρι
1362 2885 1391 2909 e.
1413 2873 1522 2908 —-V.
1546 2877 1624 2911 106.
1645 2871 1740 2918 ἴσον,

210 2953 314 2989 ἴσσον
340 2951 364 2988 i.
386 2971 429 2976 —-
449 2949 493 2985 V.
517 2953 595 2993 107.
621 2946 687 2994 ἂν,
713 2946 779 2984 τὸν
801 2949 842 2984 Ο.
865 2969 907 2974 -
930 2944 1050 2997 βαθὺ,
1079 2943 1206 2996 βαθὺν
1232 2945 1273 2983 Ο.
1296 2967 1338 2971 -
1366 2942 1485 2993 ἆμῷς,
1511 2921 1611 2990 ἆμᾷς
1633 2944 1675 2982 Ο.
1697 2965 1739 2970 -
