1890 3216
812 175 1073 215 THEOGNIS.
1623 174 1708 219 195

165 298 236 334 880
322 285 513 345 ἄμπελοι
545 284 765 345 ἤνεγκαν,
796 284 875 340 τὰς
906 283 1114 344 ἐφύτευσ’
1151 282 1174 330 ὁ
1208 285 1354 344 γέρων

261 357 420 417 οὔρεος
452 360 500 404 ἐν
532 358 747 418 βήσσῃσι,
778 364 929 403 θεοῖσι
961 362 1093 416 φίλος
1124 357 1357 416 Θεότιμος,

320 432 367 476 ἐκ
398 434 807 484 πλατανιστοῦντος
837 429 1013 489 ψυχρὸν
1044 428 1169 489 ὕδωρ
1203 429 1393 488 ἐπάγων.

259 505 342 550 τοῦ
373 507 518 547 πίνων
550 500 637 546 ἀπὸ
671 501 753 559 μὲν
784 500 978 560 χαλεπὰς
1009 501 1241 555 σκεδάσεις
1273 500 1547 560 μελεδώνας,

320 573 580 632 θωρηχθεὶς
613 572 654 618 δ’
691 577 811 618 ἔσεαι
843 571 1012 619 πολλὸν
1045 573 1352 632 ἐλαφρότερος.

162 696 233 729 885
259 682 434 741 Εἰρήνη
467 682 540 726 καὶ
572 684 766 734 πλοῦτος
797 684 889 739 ἔχοι
921 680 1075 736 πόλιν,
1107 679 1228 738 ὄφρα
1260 680 1355 739 μετ’
1391 680 1542 726 ἄλλων

317 754 580 813 κωμάζοιμι·
613 756 754 798 κακοῦ
788 751 831 798 δ’
867 751 950 797 οὐκ
983 756 1142 811 ἔραμαι
1175 753 1383 810 πολέμου.

258 874 392 932 Μηδὲ
423 872 529 932 λίην
555 872 752 931 κήρυκος
783 869 857 916 ἀν’
894 866 974 924 οὖς
1006 874 1077 930 ἔχε
1108 871 1255 930 μακρὰ
1289 874 1506 929 βοῶντος·

318 944 374 991 οὐ
405 944 492 1003 γὰρ
523 943 731 1006 πατρῴας
760 946 842 1002 γῆς
873 943 974 1002 πέρι
1004 945 1285 1002 μαρνάμεθα.

253 1063 370 1110 Ἀλλ’
405 1063 595 1123 αἰσχρὸν
626 1062 851 1122 παρεόντα
882 1063 956 1108 καὶ
989 1061 1239 1108 ὠκυπόδων
1271 1064 1486 1121 ἐπιβάντα

163 1151 234 1184 890
319 1139 468 1182 ἵππων
500 1135 560 1195 μὴ
593 1135 792 1194 πόλεμον
825 1133 1087 1194 δακρυόεντ’
1123 1137 1302 1181 ἐσιδεῖν.

261 1262 322 1302 Ol'
348 1274 424 1315 μοι
456 1254 714 1312 ἀναλκείης·
746 1253 834 1300 ἀπὸ
869 1254 952 1313 μὲν
986 1254 1222 1314 Κήρινθος
1249 1254 1440 1314 ὄλωλεν,

319 1328 558 1387 Ληλάντου
590 1326 632 1372 δ’
668 1324 850 1385 ἀγαθὸν
880 1331 1071 1385 κείρεται
1105 1326 1369 1384 οίνόπεδον,

260 1403 308 1446 οί
337 1399 377 1445 δ’
413 1399 582 1458 ἀγαθοὶ
614 1398 856 1458 φεύγουσι,
886 1398 1021 1444 πόλιν
1053 1398 1104 1444 δὲ
1134 1399 1264 1445 κακοὶ
1296 1401 1542 1446 διέπουσιν.

319 1470 379 1525 ὡς
410 1471 467 1530 δὴ
501 1471 798 1525 Κυψελιδέων
833 1469 946 1524 Ζεὺς
978 1469 1147 1516 ὀλέσειε
1177 1472 1319 1529 γένος.

165 1603 323 1661 Spartae
348 1603 468 1647 urbis,
497 1604 562 1649 qui
594 1590 858 1643 Πλατανιστας
890 1602 1013 1638 dictus
1046 1605 1114 1639 est.
1148 1603 1206 1638 Ad
1239 1603 1398 1640 eundem
1424 1604 1578 1640 modum
1604 1607 1707 1642 Πλα-

163 1649 348 1688 τανιστὼν
374 1652 562 1688 vocitatus
581 1654 640 1686 est
658 1650 760 1686 rivus
786 1650 1003 1694 Arcadiam,
1029 1651 1121 1687 item
1147 1651 1245 1686 alius
1270 1651 1309 1687 in
1330 1651 1538 1689 Messeniae
1563 1653 1709 1690 finibus.

167 1721 209 1726 —
239 1699 280 1736 V.
307 1702 387 1736 883.
415 1697 632 1746 μελεδώνας
658 1697 802 1744 scripsi,
821 1700 865 1734 1111
889 1698 966 1734 iam
987 1698 1233 1744 Camerarius,
1260 1699 1457 1746 legebatur
1483 1702 1709 1746 μελεδῶνας.

165 1769 209 1774 -
236 1747 280 1783 V.
307 1749 388 1784 884.
414 1749 475 1783 θω
478 1746 652 1793 ρ,ηχθεὶς
684 1748 816 1792 θωρυχ
817 1745 905 1787 θεὶς
931 1746 1124 1782 bedfhmn.
1150 1767 1197 1773 —
1223 1759 1350 1783 εσσεαι
1376 1749 1416 1783 et
1447 1745 1711 1793 ἐλαφρότερως

164 1797 196 1830 Α
236 1795 362 1841 (-ε’ρως
400 1806 471 1831 sec.
511 1794 648 1838 Bekk„
685 1793 784 1829 unde
831 1795 944 1829 antea
980 1793 1198 1830 adverbium
1242 1795 1418 1841 restitui).
1465 1817 1508 1822 —
1548 1796 1589 1832 V.
1628 1801 1709 1833 885.

165 1842 261 1889 ἔχοι,
297 1842 374 1889 ἔχει
410 1842 544 1888 chhl.
571 1863 615 1868 —
639 1821 966 1885 ἅλλων,Α111-θι18
999 1840 1160 1879 αὐλῶν.
1197 1864 1239 1868 ——
1273 1843 1314 1878 V.
1343 1845 1424 1879 887.
1456 1840 1522 1878 αν’
1560 1837 1643 1890 οὖς,
1676 1846 1709 1880 A

165 1903 337 1938 ανιοῦσιν
370 1904 405 1960 (ι
433 1905 471 1938 et
506 1915 542 1938 ιν
574 1898 820 1958 81.),ἆνοῦς
843 1913 889 1957 e,
928 1899 1046 1943 ἄνούς
1077 1902 1183 1937 1.-
1223 1900 1368 1948 μακρὰ,
1406 1917 1556 1962 μακραν
1596 1904 1636 1940 Ο.
1664 1925 1710 1932 --

163 1950 208 1988 V.
229 1953 309 1987 888.
337 1963 382 1986 ου
407 1947 491 2011 γὰρ
523 1949 718 1995 Emperius
750 1943 773 1995 ἦ
805 1946 880 1995 γὰρ
900 1949 963 1986 vel
993 1950 1064 1985 νῦν
1096 1948 1178 2007 γὰρ
1215 1972 1258 1976 -
1285 1950 1328 1986 V.
1352 1954 1432 1988 889.
1459 1948 1556 1996 ἀλλ’,
1582 1952 1707 1988 Heim-

166 1999 273 2035 soeth
305 1995 419 2044 ἄνδρ’
453 1997 578 2034 1188010
613 2008 679 2032 our
717 1996 914 2033 desiderat.
951 2018 996 2024 -—
1028 1994 1257 2043 ὠκυπόδων,
1296 1996 1506 2056 ὠκυπόρων
1537 2000 1569 2045 l,
1612 1996 1709 2035 ωκύ-

165 2059 283 2092 πορον
318 2046 343 2081 f.
372 2067 414 2072 —
442 2045 486 2082 V
515 2050 594 2082 891.
630 2042 835 2090 ἆναλκείης
869 2044 1554 2103 Βο111181,1838ὒαί1111·ἆναλκιής,11
1561 2029 1708 2083 ἀναλι-

165 2095 258 2139 κίης.
294 2115 338 2119 -
370 2091 565 2140 Κήρινθος
597 2091 647 2138 A,
686 2091 919 2138 κήρυνθοςῆ
952 2114 996 2119 --
1036 2093 1079 2129 V.
1112 2097 1194 2130 892.
1226 2092 1422 2140 Ληλάντου
1462 2107 1593 2140 agrum
1633 2106 1709 2131 me-

165 2141 330 2178 moravit
365 2142 481 2178 etiam
521 2140 828 2186 Α11111ςο11.Η181-,.
868 2120 1028 2178 Μ11.78
1061 2141 1127 2176 καὶ
1166 2139 1207 2178 ἐν
1245 2109 1394 2201 Εὐβοία
1427 2141 1469 2179 δὲ
1508 2141 1605 2178 κατὰ
1640 2141 1710 2200 τὴν

162 2186 345 2246 Ἰταλικὴν
371 2188 439 2235 τὴν
466 2189 736 2246 συνορίζουσαν
763 2189 806 2235 τῇ
829 2189 989 2224 Χαλκίδι
1015 2187 1086 2225 δύο
1111 2190 1274 2236 ποταμοὶ
1295 2189 1427 2236 Κέρων
1453 2190 1519 2226 καὶ
1545 2189 1710 2236 Νηλεύς,

165 2237 230 2274 ubi
256 2234 324 2283 τὴν
350 2234 643 2283 Ληλαντικὴν
670 2236 905 2272 scribendum
927 2248 1006 2272 esse
1027 2239 1200 2291 appareb3
1233 2239 1383 2274 eosdem
1410 2249 1539 2274 amnes
1565 2238 1710 2274 Plinius

166 2285 211 2321 H.
238 2284 284 2321 N.
321 2284 441 2320 XXXI
475 2288 518 2320 13
554 2283 822 2320 Hestiaeotidis
854 2295 934 2319 esse
966 2284 1074 2330 dicit,
1106 2297 1179 2330 quo
1211 2285 1363 2322 nomine
1393 2297 1548 2333 graecus
1579 2289 1711 2323 auctor

165 2331 367 2369 Hestiaeae
392 2344 524 2380 agrum
551 2332 805 2378 appellavisse
833 2331 992 2376 videtur,
1019 2332 1092 2368 nisi
1117 2332 1213 2369 forte
1246 2333 1388 2370 Plinius
1414 2334 1588 2370 Euboeae
1616 2334 1709 2370 eivi—

165 2382 284 2416 tatem
310 2392 394 2416 cum
421 2379 640 2416 Thessalica
662 2379 818 2436 regione
845 2360 1024 2416 confudit.
1052 2402 1098 2406 —
1123 2380 1168 2416 V.
1195 2385 1275 2417 894.
1302 2379 1352 2422 ὡς
1383 2379 1430 2426 δὴ
1460 2381 1709 2439 Κυψελιδέων

166 2427 300 2474 scripsi
325 2428 528 2472 (Hermann
554 2425 603 2469 ὡς
626 2424 675 2485 δὴ
703 2428 964 2472 Κυψελιδῶν),
1001 2426 1050 2469 ὡς
1075 2425 1122 2473 δὴ
1149 2431 1361 2486 κυψελίζων
1387 2430 1464 2475 An,
1497 2427 1547 2471 ὡς
1571 2433 1708 2474 κυψελ-

121 2494 125 2499 ·
165 2475 306 2521 λίζον*,
331 2476 479 2518 Hecker
503 2473 593 2517 τοὺς
612 2472 661 2516 ὥς
682 2475 908 2519 Κυψελιδῶν
929 2478 1002 2511 κτλ.
1024 2472 1085 2517 ,Ως
1111 2474 1164 2522 δὴ
1186 2477 1387 2512 barbarum
1406 2476 1559 2514 dicizitat
1578 2477 1710 2522 Cobet,

167 2525 207 2559 et
229 2523 308 2564 πῶς
332 2520 381 2559 ἂν
414 2524 591 2568 coniecit,
623 2523 685 2559 sed
719 2523 764 2559 of.
793 2521 938 2559 Gallim.
966 2524 1010 2560 fr.
1038 2527 1126 2560 463·
1160 2525 1233 2560 Ζεῦ
1266 2522 1404 2570 πάτερ,
1440 2522 1490 2566 ὡς
1520 2522 1708 2580 Χαλυβων

166 2571 245 2606 πᾶν
283 2567 462 2611 ἀπόλοιτο
500 2570 621 2618 γένος.
672 2570 807 2606 Batavi
851 2571 951 2616 quod
982 2572 1159 2618 populari
1197 2583 1262 2608 suo
1301 2554 1404 2608 dicto'
1439 2584 1513 2608 non
1552 2573 1709 2608 audlens

166 2618 321 2663 fuerim,
353 2630 413 2654 me
445 2619 634 2665 oastiganiz
663 2618 879 2664 indignum3
914 2631 1001 2654 nam
1036 2630 1157 2665 neque
1189 2620 1377 2665 Theognis
1409 2619 1611 2663 ammissum,
1643 2631 1708 2656 ne—

166 2678 238 2712 que
277 2667 458 2703 Homerus
495 2666 719 2702 barbarismi
761 2677 846 2701 reus
882 2665 1099 2712 faciendus,
1138 2668 1239 2712 quod
1279 2667 1391 2712 dixit,
1440 2665 1490 2709 ὡς
1527 2665 1708 2703 ἀπόλοιτο

167 2714 232 2750 καὶ
276 2711 403 2771 ἄλλος,
442 2711 520 2756 ὅτις
557 2712 715 2750 τοιαῦτά
733 2726 791 2771 γε
829 2711 949 2771 ῥέζοι,
984 2715 1045 2751 vel
1081 2696 1132 2756 ὥς
1171 2714 1247 2759 ἔρις
1286 2713 1327 2751 ἔκ
1366 2728 1404 2750 τε
1445 2716 1551 2751 θεῶν
1590 2714 1632 2751 ἔκ
1670 2712 1705 2751 τ’

167 2757 384 2806 ἀνθρώπων
410 2759 606 2806 ἀπόλοιτο,
631 2762 693 2798 vel
719 2758 768 2802 ὡς
794 2757 843 2806 μὴ
875 2759 1011 2806 θάνοι,
1045 2774 1147 2803 οστις
1179 2762 1305 2808 ἔμοιγε
1340 2760 1484 2798 ἐνθάδε
1518 2760 1708 2799 ναιετάων

168 2810 277 2854 φίλος
308 2811 366 2856 εἴη
397 2809 463 2845 καὶ
495 2811 589 2856 φίλα
621 2808 736 2854 ερδοι.
787 2808 934 2845 Pariter
964 2810 1090 2846 Latini
1122 2815 1163 2847 ut
1193 2811 1297 2846 illum
1329 2811 1371 2846 di
1400 2812 1576 2854 perdant,
1609 2815 1651 2847 ut
1675 2815 1709 2847 te

168 2857 210 2892 di
243 2868 363 2894 omnes
392 2858 580 2902 infelicent
612 2858 689 2893 alia
721 2856 869 2902 dicunt,
901 2859 940 2893 et
970 2869 1038 2893 nos
1069 2859 1156 2894 dass
1185 2858 1285 2894 doeh.
1336 2857 1410 2893 Sed
1442 2856 1489 2918 δὴ
1522 2869 1707 2905 gramma-

167 2903 234 2939 11101
260 2905 409 2941 videtur
434 2906 754 2952 supplementum,
787 2904 907 2949 possis
937 2906 1013 2941 alia
1044 2906 1275 2947 coniectare
1308 2906 1412 2942 velut
1444 2904 1494 2947 ὥς
1525 2907 1627 2942 πᾶν.
1660 2926 1707 2934 —-

169 2951 272 2987 Haeo
297 2952 370 2988 duo
396 2953 561 2988 disticha
585 2964 608 2988 a
633 2952 850 2997 Theognide
875 2953 1015 2990 aliena:
1049 2954 1187 2990 rectius
1213 2954 1330 2998 enim,
1362 2965 1475 2999 quam
1503 2954 1709 3000 Hertzberg

1351 3012 1420 3049 13*
