1890 3216
794 191 1154 229 ARCHILOGHUS.
1663 189 1752 233 395

939 327 1010 371 47.
1681 335 1750 368 695

630 420 745 467 Ἀλλ’
782 420 1075 481 ἆπερρώγασί
1102 440 1179 480 μοι

272 494 422 552 μύκεω
454 495 669 548 τένοντες.

868 594 938 636 48.
972 593 1097 647 [28.]-

633 689 771 733 Παῖὃ’
795 687 940 748 ’Ἁρεω
973 687 1216 747 μιηφόνου.

941 811 1012 853 49.

321 909 493 951 Pausan.
513 911 594 950 VII
617 913 682 963 10,
706 913 749 950 6:
781 910 933 961 Περσεῖ
953 910 1006 964 τῷ
1029 909 1231 950 Φιλίππου
1257 906 1357 963 πρὸς
1371 905 1591 962 Ῥωμαίους
1616 905 1754 962 ἄγοντι

200 972 366 1028 εἰρήνην
397 973 495 1016 κατὰ
528 972 756 1029 συνθήκας,
788 971 837 1024 ἃς
869 969 890 1015 ὁ
916 970 1045 1027 πατήρ
1072 975 1115 1015 οἵ
1137 976 1335 1025 Φίλιππος
1366 972 1602 1028 ἐποιήσατο,
1634 973 1753 1029 ἐπῆλ-

199 1045 276 1082 θεν
301 1037 525 1094 ὖπερβῆναι
550 1038 642 1091 τοὺς
667 1038 826 1094 ὅρκους,
851 1039 918 1081 καὶ
944 1039 1012 1080 ἐπί
1033 1056 1071 1081 τε
1090 1042 1287 1083 Σαπαίων
1311 1038 1381 1083 τὸν
1400 1041 1564 1095 βασιλέα
1584 1038 1753 1095 Ἀβρού-

199 1111 317 1149 πολιν
343 1104 561 1161 στράτευμα
587 1101 763 1162 ἀγαγών,
794 1106 982 1159 ἐποίησεν
1007 1103 1271 1160 ἀναστάτους,
1291 1104 1497 1161 Ῥωμαίων
1523 1104 1757 1162 συμμάχους

198 1170 328 1222 ὄντας.
390 1173 622 1214 Σαπαίων
662 1171 704 1213 δὲ
735 1169 888 1214 τούτων
919 1171 984 1212 καὶ
1012 1168 1236 1228 Ἀρχίλοχος
1268 1174 1311 1216 ἐν
1350 1175 1551 1231 ἰαμβείῳ
1591 1171 1754 1228 μνήμην
1783 1222 1786 1225 ,

199 1239 296 1294 ἔσχε.
361 1240 511 1281 Contra
543 1240 689 1280 Strabo
721 1240 966 1290 Sapacorum
1003 1254 1141 1280 recens
1181 1254 1268 1281 esse
1306 1256 1452 1282 nornen
1491 1256 1646 1292 eorum,
1685 1242 1755 1292 qui

199 1307 425 1359 antiquitus
445 1307 535 1347 δαῖτ’
554 1307 650 1346 dicti
671 1307 763 1357 sint,
789 1307 978 1357 perhibet
998 1307 1033 1344 X
1054 1308 1160 1348 457:
1192 1305 1295 1356 τινὲς
1322 1305 1365 1347 δὲ
1385 1304 1527 1360 Σαμον
1546 1308 1758 1348 καλεῖσθαί

200 1384 326 1451 ῳασιν
357 1369 436 1413 ἀπὸ
470 1374 630 1424 Σαΐων,
668 1375 747 1413 τῶν
785 1368 1005 1413 οἰκούντων
1041 1373 1211 1428 Θρακῶν
1251 1370 1463 1427 πρότερον,
1502 1375 1542 1414 οἰ
1577 1373 1644 1414 καὶ
1681 1371 1754 1427 τήν

199 1436 368 1492 ἤπειρον
407 1437 522 1492 ἔσχον
558 1435 632 1491 τὴν
669 1440 862 1492 προσεχῆ,
901 1438 974 1478 εἴτε
1012 1439 1053 1479 οἱ
1087 1435 1200 1480 αὐτοὶ
1237 1444 1319 1489 τοῖς
1350 1440 1549 1488 Σαπαίοις
1586 1436 1696 1489 ὄντες
1727 1457 1752 1493 η

199 1509 284 1555 τοῖς
314 1508 495 1557 Σιντοΐς,
528 1501 599 1554 οὓς
630 1506 793 1554 Σίντιας
825 1508 938 1545 καλεῖ
966 1499 987 1545 ὃ
1007 1499 1207 1558 ποιητής,
1240 1503 1318 1546 εἴθ’
1355 1505 1488 1559 ἕτεροι.
1539 1505 1754 1559 Μέμνηται

201 1570 245 1613 δὲ
275 1574 355 1612 τῶν
380 1573 520 1612 Σαΐων
541 1565 780 1625 Ἀρχίλοχος·
808 1567 976 1611 Ἀσπίδα
996 1574 1072 1611 κτλ.
1095 1566 1163 1626 (fr.
1186 1570 1250 1626 6);
1282 1574 1331 1613 cf.
1359 1573 1482 1613 etiam
1509 1574 1654 1613 Strabo
1675 1574 1753 1613 XII

203 1639 287 1679 549
317 1640 359 1677 eb
384 1637 464 1677 VII
491 1638 536 1678 Τ.
556 1638 597 1677 II
623 1652 660 1688 p.
681 1640 736 1678 87
766 1639 827 1677 cd.
852 1638 1029 1678 Cramer.
1082 1638 1159 1678 Sed
1185 1640 1301 1680 Eusss.
1329 1641 1380 1679 ad
1406 1640 1572 1691 Dionys.
1597 1640 1753 1692 Porieg.

206 1706 308 1745 767:
354 1698 434 1743 εἶτα
471 1699 580 1756 παρὰ
614 1699 824 1759 Ἀρχιλόχῳ
867 1700 1072 1759 (Αἰσχύλῳ
1107 1700 1157 1759 C)
1195 1702 1316 1746 Σάϊοι
1351 1704 1419 1745 καὶ
1456 1703 1578 1747 πάλιν
1616 1703 1754 1747 Σάπαι

201 1766 340 1825 (hacc
353 1771 434 1810 tria
465 1771 590 1810 verba
622 1784 698 1810 om.
731 1766 776 1825 d)
820 1772 1038 1822 utrumque
1080 1784 1227 1810 nomen
1263 1772 1505 1812 Archilocho
1549 1773 1753 1813 vindicare

199 1838 372 1879 videtur.
409 1859 459 1864 —
501 1837 566 1876 Ab
599 1838 674 1877 hoc
705 1837 791 1877 loco
825 1837 1002 1876 alienum
1032 1838 1211 1888 videtur,
1251 1839 1358 1890 quod
1390 1838 1591 1907 significab
1623 1838 1751 1879 Oeno-

201 1918 317 1944 maus
349 1903 638 1943 Archilochum
670 1904 856 1944 deridens
889 1918 952 1955 ap.
981 1905 1131 1945 Euscb.
1156 1905 1220 1944 Pr
1246 1905 1318 1945 Ev
1338 1904 1376 1942 V
1400 1918 1438 1955 p.
1461 1906 1564 1945 229:
1598 1900 1647 1944 οὗ
1677 1921 1753 1959 γαρ

203 1965 253 2022 δὴ
282 1966 357 2010 ούκ
382 1969 456 2008 εἰσι
480 1967 548 2008 καὶ
573 1971 650 2008 νῦν
676 1967 822 2022 ἕτοιμοι
842 1971 1124 2025 κωμῳδεῖσθαι
1149 1969 1215 2010 καὶ
1234 1970 1409 2023 Σαβαῖοι
1428 1965 1552 2023 (CFG
1573 1971 1753 2023 Σαζαῖοι,

202 2035 480 2076 Schneidewin
510 2037 690 2076 Σαπαῖοι
721 2031 928 2091 corrigit),
966 2035 1033 2077 καὶ
1064 2033 1295 2089 Λυκαμβαι.
1357 2050 1470 2086 nam,
1509 2050 1753 2088 quamquam

201 2102 311 2141 haud
336 2101 456 2140 dubie
483 2114 532 2140 ex
550 2102 793 2142 Archilocho
825 2104 1001 2153 potitum
1030 2105 1110 2154 esis,
1142 2103 1276 2154 potius
1310 2103 1471 2142 videtur
1502 2116 1648 2142 nomen
1679 2104 1751 2143 im-

200 2167 336 2219 pudici
366 2167 539 2207 hominis
572 2181 670 2218 esse,
706 2169 754 2208 cf.
774 2169 828 2210 ib.
847 2183 885 2219 p.
908 2171 1011 2209 228:
1044 2168 1276 2221 λοιδορῆσαι
1302 2165 1374 2220 μὲν
1398 2171 1548 2220 πικρῶς
1577 2165 1647 2218 τὰς
1678 2166 1753 2210 οὐκ

201 2229 420 2282 ἐθελούσας
450 2228 547 2286 ἡμῖν
584 2237 818 2287 γαμεῖσθαι,
856 2231 1045 2287 ἅψασθαι
1078 2231 1121 2274 δὲ
1153 2233 1219 2275 καὶ
1250 2234 1463 2286 κιναίδων,
1505 2231 1642 2288 ἐπειδὴ
1674 2238 1753 2276 τῶν

166 2323 169 2325 Α
201 2297 333 2341 ἄλλων
362 2302 553 2352 πονηρῶν
584 2296 686 2342 πολὺ
718 2298 982 2355 πονηρότεροί
1010 2301 1119 2341 εἰσιν.

300 2476 360 2512 Fr
387 2479 445 2512 47.
472 2474 738 2512 Choerobosc
759 2477 864 2512 1139
891 2473 1590 2534 (Bekk.An.1111393):M15nnae„-..
1618 2477 1751 2534 σημαί-

204 2537 264 2560 νει
290 2523 332 2560 ὃὲ
362 2523 427 2559 καὶ
452 2521 494 2560 τὸ
523 2523 672 2560 αἰδοῖον
698 2525 765 2560 τοῦ
788 2521 1029 2584 ανθρώπου,
1061 2521 1155 2571 ὅπερ
1188 2523 1440 2570 ἰσοσυλλάβως
1474 2523 1620 2560 ε’κλινεν
1644 2521 1752 2571 Ἀρχί-

205 2575 314 2619 λοχος
340 2569 475 2608 εἰπών·
511 2567 615 2607 Ἀλλ’
643 2585 714 2608 απ.
742 2569 892 2630 μύκεω
919 2571 1147 2614 τένοντες.
1188 2572 1253 2608 ubi
1279 2573 1360 2608 cod.
1387 2572 1503 2608 Marc.
1539 2568 1752 2618 Ἀντίλοχος,

205 2621 252 2657 cf.
275 2620 395 2658 Cram.
416 2621 484 2656 An.
509 2620 576 2656 ΟΧ.
595 2620 649 2655 ΙΙΙ
668 2624 750 2666 231,
771 2624 810 2656 5:
840 2617 1058 2667 Ἀντίλοχος·
1085 2617 1166 2656 ἄλλ
1196 2617 1389 2666 απερρώσι
1414 2617 1552 2666 μύκεω.
1582 2641 1626 2646 -
1653 2620 1697 2656 V.
1719 2626 1751 2657 2.

206 2682 270 2715 μοι
295 2667 435 2705 adiecit
461 2668 591 2704 Cobet.

301 2740 359 2776 Fr.
388 2743 446 2777 48.
496 2739 601 2775 Eunt.
628 2739 671 2776 11.
698 2743 779 2785 518,
806 2744 869 2776 22·
905 2741 1073 2776 κλίνεται
1099 2738 1142 2776 ὃε
1169 2740 1233 2775 καὶ
1260 2737 1310 2781 ὡς
1335 2738 1611 2782 σπονδειακόν,
1637 2737 1753 2786 ’Ἀρης,

197 2785 323 2835 ’Ἀρου,
362 2783 459 2825 ὅθεν
491 2784 580 2824 κατ’
605 2784 709 2824 Ἰάδα
743 2786 942 2824 διαλεκτον
975 2785 1198 2829 ἐπεκτεινας
1225 2784 1430 2834 Ἀρχίλοχος
1462 2786 1537 2834 ε”φη
1572 2785 1620 2824 ἐν
1658 2794 1753 2831 τοις

206 2834 485 2883 τριμέτροις·
511 2838 643 2872 Παῖὃα
662 2834 708 2872 ''A.
736 2850 772 2883 μ.
