1890 3216
229 161 314 206 180
353 163 355 165 ·
767 161 958 200 POETAE
983 161 1220 219 01001101.

383 274 591 328 ζητοῦσιν
622 273 787 329 χαλεπῇ
819 270 1068 335 τειρόμενοι
1099 275 1240 330 πενίῃ.

227 354 295 388 685
323 344 469 400 ἕρδειν
503 340 544 386 δ’
580 341 902 400 ἀμφοτέροισιν
934 341 1156 400 ἀμηχανίη
1189 342 1464 400 παράκειται·

381 419 516 471 εἴργει
549 411 634 470 γὰρ
666 412 772 465 τοὺς
803 413 884 470 μὲν
915 414 1136 471 χρήματα,
1167 413 1274 467 τοὺς
1305 415 1354 459 δὲ
1385 415 1501 467 νόος.

324 530 419 576 Οὐκ
451 535 542 576 ἔστι
572 538 782 588 θνητοῖσι
814 530 925 591 πρὸς
957 531 1213 585 ἀθανάτους
1244 535 1521 591 μαχέσασθαι

382 602 489 647 οὐδὲ
522 606 652 660 δίκην
685 606 843 648 εἰπεῖν·
877 601 1030 647 οὐδενὶ
1062 607 1194 648 τοῦτο
1227 606 1366 662 θέμις.

320 720 387 766 Οὐ
419 721 501 779 χρὴ
536 725 775 779 πημαίνειν
808 721 833 766 ὅ
864 740 905 766 τι
938 721 996 780 μὴ
1030 724 1283 780 πημαντέον
1316 722 1394 782 ἥῃ,

224 807 292 838 690
318 825 326 832 .
379 791 477 837 οὐδ’
514 794 661 851 ε’ρδειν
695 811 718 837 ο
752 811 793 837 τι
822 792 884 850 μὴ
920 794 1057 838 λώϊον
1090 796 1116 851 ᾖ
1150 795 1333 839 τελέσαι.

320 924 364 960 V.
392 927 471 959 684
505 925 658 969 ζητοῦσι
687 923 764 960 AO
803 945 849 950 —
881 926 1041 972 χαλεπῇ,
1074 926 1106 960 Α
1138 924 1305 971 χαλεποὶ.
1345 946 1388 951 -—
1426 926 1559 961 Har-tel
1593 925 1635 961 οι
1660 924 1702 962 δε
1728 940 1759 964 τ.

295 972 484 1015 ζητοῦσιν,
523 973 664 1019 χαλεπῇ
698 986 727 1007 τ.
760 986 797 1008 π.
836 974 879 1008 ut
911 972 1158 1032 participium
1191 973 1231 1008 in
1263 972 1419 1017 apodosi
1444 973 1549 1009 verbi
1573 975 1761 1019 τείρονται

224 986 349 1054 locum
388 1019 566 1055 obtineat.
606 1040 650 1045 -—
689 1020 733 1055 V.
766 1024 845 1056 685.
882 1018 935 1063 δ’,
967 1018 1002 1055 τ’
1037 1020 1078 1057 Ο.
1113 1041 1154 1046 -
1193 1033 1438 1077 παρακειται,
1475 1021 1604 1056 malim
1635 1023 1759 1078 περί-

224 1079 387 1102 κειται.
427 1088 469 1092 -
509 1066 552 1101 V.
588 1071 667 1103 686.
708 1069 841 1113 εἴργει,
879 1069 996 1113 εἴργει
1026 1081 1144 1103 11.-
1177 1065 1248 1113 γὰρ
1286 1065 1374 1108 τοὺς
1411 1081 1499 1114 μεν,
1538 1066 1762 1110 81ο1).τούς

225 1128 293 1160 μεν
321 1112 386 1159 δὴ,
422 1114 487 1149 sed
522 1112 568 1159 δὴ
603 1126 672 1150 010.
700 1115 806 1151 Voss.
841 1136 882 1140 —
924 1117 966 1152 V.
994 1119 1074 1151 687.
1114 1114 1192 1151 ἐστι
1224 1115 1307 1160 ΑΟ,
1338 1115 1401 1161 leg
1404 1117 1535 1150 ebatur
1569 1114 1680 1152 ἔστιν.
1715 1136 1760 1142 -—

225 1163 268 1197 V.
285 1166 363 1197 688.
386 1160 519 1207 εἰπεῖν,
546 1162 804 1198 Heimsoethio
826 1161 974 1198 αἰτεῖν
995 1163 1253 1218 corrigendum
1275 1174 1354 1198 esse
1374 1163 1532 1198 videtur.
1548 1184 1592 1190 —-
1618 1163 1663 1200 V.
1680 1166 1761 1200 689.

226 1211 462 1313 ἶᾏμέἆζὲἑῖῃ
485 1211 813 1314 ποιμὲΐίἆῖρὲἕι,
823 1209 1083 1317 “afflat
1103 1209 1186 1304 02⁷3..
1195 1207 1593 1315 “⁷⁷12‘55135W013'801If‘us·⁰
1618 1207 1761 1294 {aii}

228 1301 272 1340 οὐ
301 1302 368 1361 χρὴ
397 1306 672 1360 δειμαίνειν
691 1301 712 1339 ὅ
732 1318 767 1340 τι
786 1302 835 1351 μὴ
863 1304 1149 1351 ὃειμαντέον.
1188 1306 1359 1351 Hartung
1383 1303 1428 1342 οὐ
1437 1304 1523 1363 χρὴ
1544 1307 1761 1363 ποιμαίνειν

226 1348 286 1387 ὅτε
315 1349 364 1397 μὴ
393 1350 622 1397 ποιμαντέον
648 1346 672 1399 ᾗ
698 1366 734 1387 τι
758 1353 918 1397 scripsit.
961 1354 1187 1389 Herwerden
1213 1355 1410 1399 σημαίνειν
1436 1350 1456 1389 ό
1482 1367 1517 1389 τι
1543 1351 1592 1400 μὴ
1619 1366 1760 1400 σημαν-

225 1398 312 1435 τέον
339 1401 398 1444 εἴη
426 1400 713 1436 commendavit.
748 1421 790 1425 ——
828 1398 878 1447 ἥῃ
906 1400 1054 1446 scripsi,
1079 1400 1167 1436 libri
1193 1402 1268 1445 εἴη,
1294 1402 1407 1437 antea
1433 1403 1491 1448 εἴῃ
1518 1412 1761 1446 correxeram,

226 1447 325 1491 quod
355 1447 469 1481 etiam
498 1447 538 1482 O
567 1447 769 1501 Schneider
792 1448 1003 1494 proposuit,
1036 1449 1191 1484 eandem
1218 1449 1488 1484 correctionem
1514 1448 1759 1485 adhibueram

225 1495 323 1529 infra
342 1505 377 1529 v.
396 1499 498 1536 1179,
524 1494 588 1529 ubi
614 1494 690 1530 iam
715 1495 926 1551 optativum
951 1497 1076 1539 tueor3
1103 1496 1167 1532 sed
1193 1496 1264 1532 hoc
1289 1496 1372 1531 loco
1398 1496 1597 1542 paradosin
1622 1497 1654 1532 si
1678 1497 1761 1542 quis

228 1541 428 1577 defendere
447 1542 562 1598 velit,
590 1542 825 1578 scribendum
852 1539 925 1579 ὅτε
953 1541 1069 1589 μὴ..
1092 1573 1099 1580 .
1126 1545 1203 1589 εἴη,
1229 1544 1298 1579 at
1287 1556 1327 1578 111
1346 1544 1515 1589 proximo
1540 1555 1650 1580 versu
1675 1555 1759 1580 con-

225 1590 412 1624 iunctivus
437 1583 461 1636 ᾗ
488 1589 535 1634 (Α
554 1569 600 1635 ἦ)
631 1594 770 1633 certus,
810 1593 847 1626 et
878 1591 1049 1639 quamvis
1080 1591 1135 1626 ibi
1165 1591 1278 1626 liceat
1309 1587 1371 1627 ὅτε
1403 1602 1597 1635 revocare,
1634 1594 1762 1627 tumen
1815 1634 1823 1641 ·

227 1637 479 1681 inaequalitas
506 1637 580 1672 ieta
605 1639 679 1683 (είη
706 1639 744 1673 et
769 1638 944 1683 deinceps
963 1633 1002 1684 ῄ)
1028 1639 1066 1674 10
1091 1639 1162 1674 1100
1186 1639 1311 1693 poesis
1331 1650 1478 1685 genere,
1504 1620 1604 1684 quod
1625 1650 1760 1684 aequa-

228 1684 416 1720 bilitatem
456 1685 620 1720 studiose
658 1687 838 1730 sectatur,
878 1686 1063 1735 displicet.
1114 1687 1210 1721 Item
1244 1686 1283 1721 in
1315 1689 1440 1722 vetere
1470 1686 1670 1745 proverbio
1701 1698 1759 1733 ap.

227 1732 500 1786 Β103111100001
528 1731 614 1767 VIII
635 1736 681 1768 22
707 1735 823 1769 τίκτει
849 1747 906 1769 τοι
932 1733 1043 1778 κόρος
1069 1730 1197 1782 ὕβριν,
1223 1729 1316 1769 ὅταν
1343 1735 1446 1781 κακῷ
1473 1732 1585 1779 ἀνδρὶ
1608 1735 1760 1780 παρείη,

227 1781 290 1823 qui
318 1791 444 1815 versus
470 1780 567 1825 epici
592 1782 727 1825 poetae
753 1781 901 1817 videtur
927 1793 1007 1817 esse
1034 1781 1234 1826 (01.011010
1259 1782 1306 1817 ad
1332 1794 1365 1817 V.
1395 1785 1494 1826 153),
1523 1780 1760 1818 scribendum

168 1830 171 1831 ’
227 1825 366 1874 παρήῃ.
414 1827 537 1872 Epieis
563 1828 663 1863 enim
690 1828 951 1874 elegiographi
975 1827 1023 1875 ἤῃ
1051 1833 1092 1864 ut
1117 1829 1193 1864 alia
1218 1829 1337 1864 multa
1363 1832 1558 1875 acceptum
1582 1829 1765 1865 referunt.

226 1875 331 1910 Hanc
363 1875 589 1910 coniunctivi
627 1877 782 1911 formam
822 1878 1060 1922 productam
1097 1888 1209 1920 quam
1242 1879 1386 1912 veteres
1418 1877 1654 1923 grammatici
1686 1888 1759 1913 non

225 1922 403 1958 videntur
429 1922 645 1968 agnovisse,
673 1925 702 1958 si
728 1925 829 1959 recte
856 1925 1007 1960 memini
1032 1924 1173 1970 primus
1202 1923 1420 1960 Schaeferus
1445 1924 1656 1969 indagavit,
1685 1924 1760 1960 Ho-

224 1981 327 2005 mero
364 1970 533 2014 pluribus
572 1950 664 2006 10010
701 1971 969 2007 restituendam
1002 1971 1146 2007 censuit
1176 1972 1409 2008 Hei-mannus
1442 1971 1510 2017 Op.
1538 1971 1588 2007 VI
1613 1976 1658 2007 32
1692 1984 1760 2008 000

225 2019 351 2053 tamen
377 2017 582 2053 diiudirare
608 2029 718 2053 ausus
744 2019 818 2063 est,
850 2023 973 2055 utrum
1001 2021 1058 2066 εἵῃ
1084 2031 1132 2054 an
1156 2016 1205 2065 ἤῃ
1233 2019 1393 2055 scribere
1419 2022 1602 2065 praestet,
1631 2031 1760 2064 quem-

226 2064 426 2100 admodum
453 2066 566 2100 etiam
587 2066 747 2101 Bekkeri
772 2066 951 2102 iudicium
977 2067 1147 2112 fluctuat,
1174 2070 1287 2112 atque
1313 2068 1426 2102 etiam
1453 2067 1546 2103 alias
1573 2067 1619 2102 de
1645 2069 1759 2113 scrip-

223 2118 308 2148 tura
341 2112 518 2148 s1milium
551 2115 753 2149 formai-um
788 2115 1002 2159 ambigitur.
1048 2115 1167 2150 Litem
1197 2115 1340 2150 dirimit
1358 2114 1491 2150 titulus
1510 2114 1759 2160 Aegostheni-

226 2163 366 2204 tarum,
400 2171 510 2204 quem
543 2160 693 2196 Boeckh
726 2161 844 2197 edidit
874 2162 913 2197 in
944 2162 1063 2198 diario
1089 2163 1203 2198 Acad.
1230 2162 1350 2197 Beiol.
1381 2166 1483 2206 1857,
1508 2175 1543 2208 p.
1570 2166 1658 2206 484,
1694 2162 1759 2198 ubi
1796 2163 1800 2167 “

227 2220 259 2242 v.
289 2211 332 2242 14
358 2189 452 2243 haec
478 2208 653 2249 leguntur
680 2206 746 2244 ἐπί
768 2222 816 2245 κα
842 2207 884 2245 τὸ
911 2207 1092 2256 ’ψάφισμα
1118 2211 1362 2267 κουρωθείει,
1394 2210 1459 2254 qui
1489 2211 1642 2254 titulus,
1675 2221 1759 2245 cum

226 2255 451 2291 Boeotorum
477 2267 686 2291 sermonem
710 2268 800 2302 prae
827 2269 865 2292 se
890 2257 1003 2303 ferat,
1029 2269 1101 2293 non
1129 2259 1206 2304 sep,
1233 2258 1297 2292 sed
1323 2254 1371 2304 ἤῃ
1399 2259 1646 2302 commendat,
1670 2268 1759 2293 nam

224 2304 451 2346 κουρωθείει
477 2304 676 2338 secundum
709 2305 811 2340 illius
840 2305 994 2341 dialecti
1025 2305 1329 2341 consuetudinem
1355 2305 1534 2351 scriptum
1558 2317 1626 2351 pro
1651 2318 1758 2340 κου-

226 2348 381 2396 ρωθήῃ
407 2350 430 2385 i
458 2362 487 2386 0.
516 2352 616 2396 quod
642 2351 754 2397 vulgo
781 2353 935 2407 κυρωθῇ
969 2353 1043 2388 dici
1075 2353 1186 2388 solet:
1222 2354 1320 2388 unde
1351 2352 1426 2388 iam
1462 2354 1602 2388 certum
1629 2355 1688 2388 est
1719 2352 1759 2387 in

225 2397 413 2443 epicorum
428 2400 622 2442 poetarum
642 2400 890 2435 monumentis
909 2390 1002 2436 talia
1020 2411 1086 2446 per
1099 2405 1121 2445 ῆ
1143 2411 1223 2435 0000
1242 2400 1437 2436 scribenda
1456 2400 1542 2444 (nisi
1562 2399 1643 2445 quis
1661 2400 1758 2435 forte

225 2445 325 2490 apud
356 2445 560 2481 Hesiodum
589 2447 767 2482 Boeotum
802 2447 870 2493 Op.
897 2451 966 2483 556
990 2449 1080 2495 θείῃ
1106 2447 1203 2483 tueri
1227 2449 1287 2483 vel
1320 2449 1434 2483 etiam
1466 2449 1568 2483 θείει
1598 2448 1758 2483 scribere

224 2493 334 2527 malit
357 2504 423 2538 pio
449 2491 528 2539 θήῃ
539 2496 562 2537 ,)
595 2494 705 2529 simul
731 2497 855 2530 autem
883 2498 1042 2541 apparet
1072 2495 1351 2541 productionem
1386 2507 1460 2531 non
1492 2507 1537 2530 ex
1559 2496 1757 2550 poetarum

227 2539 383 2575 arbitrio
409 2541 475 2575 sed
502 2553 545 2575 ex
572 2542 745 2587 populari
772 2543 1038 2579 consuetudine
1062 2554 1141 2579 esse
1167 2544 1420 2588 repetendam.
1462 2543 1504 2578 In
1529 2543 1652 2588 prima
1676 2554 1758 2588 per-

227 2599 318 2623 sona
350 2590 494 2623 veteres
534 2590 771 2634 grammatici
809 2592 960 2626 tuentur
995 2590 1271 2636 diphthongum
1305 2598 1354 2631 εῖ
1393 2591 1542 2625 rectene
1573 2602 1622 2626 an
1653 2601 1757 2625 secus

225 2646 321 2670 nunc
352 2635 393 2670 in
425 2636 549 2671 medio
581 2636 771 2682 relinquo,
803 2640 909 2674 velut
933 2651 1068 2684 μετειω
1092 2649 1167 2674 non
1192 2638 1311 2673 solum
1336 2619 1377 2672 1⁸1
1410 2640 1449 2672 Ψ
1469 2642 1514 2674 47
1542 2639 1660 2682 extat,
1692 2637 1757 2673 sed

227 2684 341 2718 etiam
369 2684 406 2717 in
433 2684 537 2719 varia
563 2684 746 2729 scriptura
770 2687 808 2719 Χ
824 2690 893 2722 388
920 2685 1121 2722 delitescit.
1148 2682 1239 2729 ὄφρ’
1262 2699 1309 2720 αν
1335 2684 1450 2730 ε’γωγε
1477 2683 1570 2728 ζωὸς
1596 2683 1637 2720 ἐν
1663 2685 1756 2730 (c-or

224 2730 325 2775 rigas
353 2728 400 2765 ἔτ
405 2726 432 2774 ’)
455 2728 646 2776 Ἀργείοισι
673 2732 978 2789 φιλοπτολέμοισι
1003 2734 1147 2779 μετείω.
1185 2732 1332 2768 Tertiae
1358 2743 1538 2778 personae
1562 2735 1757 2778 praeterea

226 2777 366 2822 passim
392 2778 569 2823 leguntur
593 2779 734 2815 formae
762 2779 844 2837 ε”ῃσι
868 2787 906 2816 et
929 2777 1009 2836 ἦ,σι
1036 2781 1170 2826 quibus
1188 2780 1267 2816 iota
1287 2780 1572 2824 detrabendum,
1598 2791 1684 2815 nam
1712 2791 1757 2815 ex

225 2826 391 2859 ΕΣΗΣΙ
410 2826 651 2871 descendunt,
680 2826 722 2874 ε”ῃ
743 2822 822 2863 et
798 2840 958 2875 317,quae
984 2810 1160 2864 sibilante
1185 2828 1312 2863 littera
1331 2827 1466 2862 extrita
1490 2808 1654 2862 retinent
1676 2828 1757 2863 iota

225 2873 394 2915 quamvis
426 2877 588 2932 mutum,
626 2875 696 2910 nisi
723 2876 823 2920 quod
854 2877 1060 2921 antiquitus
1090 2887 1172 2911 cum
1203 2875 1324 2911 brevis
1355 2875 1416 2910 litt
1420 2886 1484 2910 era
1509 2877 1541 2910 E
1567 2877 1756 2919 (ΕΣΕΣΙ)

226 2919 431 2964 sufficent,
461 2919 516 2955 ἐέι
542 2925 580 2958 et
605 2920 644 2956 εἷ
663 2933 737 2957 non
764 2923 884 2958 solum
911 2925 1108 2969 scriptum,
1138 2922 1203 2958 sed
1228 2924 1342 2958 etiam
1366 2922 1650 2968 pronuntiatum
1675 2933 1755 2958 0000
