1890 3216
214 160 300 203 314
747 163 938 200 ΡΟΕΤΑΕ
966 163 1203 212 ELEGIACI.

284 270 469 322 πολλάκις
501 269 549 314 ὃν
580 272 775 329 θυμέλῃσι
806 273 871 327 καὶ
902 273 945 314 ἐν
977 277 1140 330 σκηνῇσι
1170 272 1344 328 τεθηλώς
1668 285 1735 317 631

343 335 501 390 βλαισὸς
527 335 754 391 Ἀχαρνίτης
785 335 917 388 κισσὸς
949 338 1064 392 ἔρεψε
1094 337 1235 419 κόμην,

243 411 263 443 5
283 400 430 456 τύμβος
461 403 550 456 ἔχει,
582 403 646 443 καὶ
679 407 752 458 γῆς
784 401 916 458 ὀλίγον
947 404 1078 458 μέρος·
1110 402 1179 446 ἆλλ
1228 402 1248 447 6
1281 402 1461 460 περισσός

343 466 443 509 αι’ὠν
474 466 691 518 ἀθανάτοις
723 468 897 523 δέρκεται
929 470 971 511 ἐν
1003 471 1158 511 σελίσιν.

955 601 993 642 2.

278 680 412 736 Ἠρέμ’
447 680 545 737 ὑπὲρ
576 681 740 738 τύμβοιο
773 683 1015 736 Σοφοκλέος,
1045 681 1184 738 ἠρέμα,
1215 684 1336 736 κισσέ,

342 745 521 801 ἕρπύζοις
553 746 736 802 χλοεροὺς
768 748 989 803 ε’κπροχέων
1019 747 1265 803 πλοκάμους,

281 813 347 854 καὶ
377 813 544 856 πέταλον
575 812 704 870 πάντῃ
735 813 875 856 θάλλοι
907 812 1049 869 ῥόδου,
1080 812 1107 868 ἥ
1138 830 1176 855 τε
1210 812 1405 869 φιλορρώξ

341 877 530 933 ἄμπελος,
563 877 662 934 ὑγρὰ
693 880 803 934 πέριξ
834 878 1008 934 κλήματα
1039 879 1251 934 χευαμένη,

352 1041 589 1104 Σωφροσυνῃ
615 1042 818 1101 προφέρων
844 1044 997 1102 θνητῶν
1023 1041 1116 1089 ἤθει
1140 1056 1178 1079 τε
1206 1031 1340 1092 δικαίῳ

402 1088 545 1127 ἐνθάδε
572 1095 694 1127 κεῖται
719 1088 816 1138 άνὴρ
841 1094 951 1132 θεῖος
972 1089 1236 1150 Ἀριστοκλέης·

354 1137 390 1174 εἰ
413 1137 455 1174 δέ
481 1153 535 1180 τις
563 1137 604 1174 ἐκ
631 1137 783 1175 πάντων
810 1140 944 1185 σοφίης
969 1137 1087 1196 μέγαν
1116 1138 1224 1184 ἔσχεν
1252 1137 1426 1196 ε’παινον,

399 1200 508 1228 ουτος
535 1185 613 1232 ἔχει
637 1190 811 1222 πλεῖστον
838 1187 881 1233 (Ρ
906 1185 1075 1232 πουλὺν),
1101 1186 1166 1221 καὶ
1192 1184 1343 1231 φθόνον
1370 1167 1426 1222 οὗ
1443 1184 1612 1231 φέρεται.

208 1257 307 1314 apud
332 1257 439 1302 Diog.
467 1257 508 1294 L.
535 1270 568 1293 v.
597 1261 617 1292 2
645 1254 788 1293 ἐνθάδε
815 1255 862 1303 δὴ
889 1261 1012 1293 κεῖται
1038 1259 1118 1298 διος
1142 1259 1180 1293 et
1204 1270 1238 1295 v.
1265 1261 1288 1292 4
1319 1257 1452 1293 τοῦτον
1479 1255 1557 1302 ἔχει
1588 1259 1647 1292 πλ.
1674 1257 1739 1292 καὶ

209 1302 357 1350 φθόνος
384 1303 452 1350 οὐχ
479 1304 610 1341 ἕπεται
635 1305 775 1351 legitur
801 1306 902 1350 (nam
928 1305 1047 1341 Cobet
1070 1305 1119 1341 ad
1145 1305 1355 1351 exemplum
1381 1304 1632 1359 Anthologiae
1658 1317 1736 1340 mu-

207 1353 346 1389 tavisse
372 1353 544 1397 videtur).
596 1352 772 1388 Simmiae
798 1364 935 1388 nomen
955 1365 999 1389 ex
1018 1363 1140 1388 errore
1167 1353 1386 1388 correctoris
1406 1355 1528 1389 ortum
1554 1350 1737 1396 existimo,

207 1400 271 1446 qui
298 1412 381 1436 cum
406 1401 445 1436 in
477 1400 672 1436 Michaelis
703 1401 798 1436 libro
831 1401 896 1436 CM
927 1401 988 1436 vel
1020 1401 1115 1436 (ΗΜ
1148 1400 1374 1446 adscriptum
1408 1402 1523 1445 esset,
1554 1400 1589 1435 h.
1617 1411 1648 1436 e.
1675 1412 1737 1444 ση-

208 1449 366 1494 μείωσαι
391 1449 476 1492 (hae
502 1448 601 1484 enim
626 1451 715 1484 nota
741 1448 973 1494 epigramma
991 1448 1030 1483 in
1055 1447 1250 1484 Platonem
1276 1448 1467 1484 commode
1492 1447 1738 1493 insignitum),

206 1496 355 1542 putavit
386 1497 520 1542 poetae
551 1507 687 1532 nomen
719 1496 891 1531 additum
917 1507 995 1531 esse
1028 1497 1067 1531 et
1097 1493 1256 1541 ἄδηλον,
1288 1495 1388 1540 quod
1414 1494 1598 1541 Cephalas
1630 1505 1736 1540 prae-

209 1543 364 1580 miserat
388 1542 588 1589 poematio,
617 1543 764 1579 delevit.
816 1543 989 1579 Errorem
1015 1543 1113 1578 hunc
1144 1543 1255 1579 facile
1282 1542 1591 1588 condonabimus,
1623 1541 1738 1588 siqui-

209 1592 294 1627 dem
320 1591 432 1626 etiam
460 1590 659 1627 Simonidis
683 1603 819 1627 nomeu
843 1591 883 1626 in
909 1591 998 1627 Cod.
1019 1591 1097 1626 Pal.
1124 1590 1301 1636 scriptum
1328 1591 1398 1637 (ϊμ
1373 1605 1411 1637 μ,
1441 1590 1512 1626 vid.
1539 1590 1669 1626 Iacobs
1694 1589 1737 1626 T.

208 1639 261 1674 111
286 1651 322 1684 p.
351 1643 382 1674 5.
433 1639 564 1684 Neque
589 1639 688 1674 enim
715 1639 760 1674 de
787 1638 943 1674 Simmia
968 1638 1190 1684 philosopho
1224 1638 1482 1684 cogitandum,
1515 1648 1626 1683 quem
1652 1648 1737 1673 con-

208 1687 426 1722 sentaneum
452 1687 508 1721 est
538 1686 618 1722 vita
647 1686 723 1722 iam
749 1686 889 1721 dudum
916 1687 1149 1730 defunctum,
1177 1698 1289 1731 quum
1315 1686 1423 1721 Plato
1449 1687 1606 1721 mortem
1632 1684 1737 1721 obiit.

208 1734 333 1779 Ipsum
359 1743 509 1769 carmen
533 1736 618 1779 post
642 1732 809 1769 Platonis
842 1736 1001 1769 mortem
1027 1745 1050 1769 a
1075 1733 1258 1778 discipulo
1291 1734 1416 1779 aliquo
1448 1733 1487 1768 in
1518 1732 1738 1768 memoriam

207 1781 378 1827 magistri
403 1781 594 1817 conditum
620 1781 778 1818 videtur
830 1781 878 1816 Os
882 1793 956 1817 ann
983 1781 1031 1827 Sy
1034 1781 1146 1816 mbol.
1172 1780 1261 1817 Litt.
1288 1780 1305 1814 I
1330 1784 1398 1816 307
1419 1792 1496 1825 seq
1530 1779 1736 1826 Speusippo

208 1828 387 1873 vindicat,
414 1829 519 1864 cuius
545 1829 777 1874 epigramma
801 1828 841 1864 in
860 1829 1055 1864 Platonem
1083 1829 1196 1872 extat,
1215 1828 1289 1864 vid.
1310 1828 1408 1863 infra
1426 1827 1553 1863 XLIV.
1575 1849 1618 1853 —
1638 1827 1682 1862 V.
1706 1831 1736 1863 1.

208 1877 399 1921 Σοφίλλου
428 1877 467 1921 Ρ,
493 1878 580 1921 Σοφ
585 1877 665 1911 ιλου
700 1875 755 1912 Pl.
782 1896 826 1902 —-
855 1876 896 1911 V
924 1880 956 1911 2.
990 1875 1099 1912 affert
1131 1856 1230 1911 Sui'd.
1256 1887 1290 1911 v.
1317 1874 1482 1920 Κέκροψ.
1510 1896 1554 1900 -
1581 1874 1626 1910 V.
1653 1879 1674 1910 3
1699 1877 1737 1910 et

210 1928 232 1959 4
258 1923 367 1959 affert
392 1936 419 1958 s.
445 1925 544 1969 poet.
573 1937 608 1959 n.
635 1923 734 1959 Suid.
762 1936 796 1960 v.
819 1921 1067 1969 Ἆχαρνείτης,
1093 1920 1267 1968 Βλαισός,
1302 1921 1462 1980 Θυμέλη.
1492 1943 1534 1948 —
1561 1919 1738 1963 πολλάκις

209 1967 254 2006 ὃν
281 1970 422 2017 scripsi,
451 1971 552 2016 quod
579 1971 694 2007 etiam
719 1971 867 2007 Hecker
890 1971 1097 2016 proposuit,
1123 1971 1318 2016 legebatur
1342 1968 1519 2011 πολλάκις
1546 1967 1597 2006 ἐν.
1638 1970 1736 2005 Olim

207 2019 364 2054 duorum
391 2018 706 2064 epigrammatum
732 2019 910 2063 reliquias
935 2019 1076 2054 temere
1102 2017 1282 2054 coaluisse
1308 2016 1583 2063 existimabam,
1602 2016 1737 2063 prioris

207 2066 409 2102 novissimo
442 2065 618 2111 disticho,
653 2065 911 2112 subsequentis
947 2065 1097 2102 exordio
1129 2066 1353 2112 intercepto,
1387 2065 1427 2100 id
1459 2065 1559 2111 quod
1589 2065 1736 2100 firmare

205 2114 404 2150 videbatur
429 2114 509 2149 cod.
536 2114 577 2158 P,
602 2096 641 2149 111
673 2114 777 2149 cuius
803 2126 850 2149 m.
876 2114 915 2149 in
940 2125 1059 2150 novae
1085 2113 1245 2160 paginae
1278 2112 1427 2149 exordio
1460 2113 1508 2147 ad
1532 2125 1567 2148 v.
1593 2116 1613 2147 5
1641 2123 1664 2148 a
1687 2124 1735 2148 m

207 2173 277 2197 sec
304 2161 474 2198 additum
507 2160 560 2202 εἰς
590 2159 655 2196 τὸν
682 2158 800 2197 αὐτὸν
835 2159 1049 2206 Σοφοκλέα.
1078 2182 1121 2187 -
1148 2161 1324 2220 ounvy'jft,
1354 2159 1456 2197 Plan.
1484 2160 1566 2195 edd.
1593 2159 1738 2204 aliquot

207 2210 377 2254 σκανῇσι.
410 2230 453 2235 —
488 2209 532 2244 V.
559 2212 590 2245 4.
627 2207 795 2257 βλαισός,
827 2209 965 2244 Kiister
1003 2205 1168 2263 βλαστός.
1195 2228 1241 2235 —
1262 2205 1471 2254 Ἀχαρνίτης
1501 2207 1530 2242 Ρ
1563 2209 1601 2243 et
1634 2207 1735 2242 Suid.

206 2256 317 2292 tertio
343 2257 380 2301 1.,
402 2253 633 2310 Ἀχαρνείτης
657 2256 712 2291 Pl.
741 2256 840 2292 Suid.
867 2256 1052 2314 prioribus
1079 2256 1181 2301 locis,
1207 2255 1302 2291 illud
1328 2256 1540 2301 Stephanus
1567 2255 1652 2301 Byz.
1678 2256 1735 2290 te-

207 2305 335 2349 statur,
363 2305 433 2340 hoc
459 2301 691 2339 simillimum
719 2304 929 2351 exemplum
951 2285 1188 2360 Ἀταρνείτης
1205 2303 1452 2347 commendat,
1473 2314 1517 2338 ac
1542 2302 1665 2338 nescio
1687 2313 1734 2338 an

207 2351 256 2386 sit
281 2352 544 2396 revocandum,
569 2363 656 2386 nam
682 2352 781 2398 apud
802 2351 1049 2409 Stephanum
1057 2351 1156 2396 quod
1177 2347 1386 2396 Ἀχαρνίτης
1411 2350 1561 2407 legitur,
1587 2349 1736 2386 videtur

208 2398 444 2435 libraiiorum
472 2410 573 2435 erior
598 2410 687 2435 esse.
716 2419 759 2425 -‹
787 2399 830 2434 V.
858 2403 889 2434 5.
918 2395 1000 2434 ἀλλ’
1035 2396 1055 2434 6
1081 2397 1257 2444 περισσὸς
1292 2397 1387 2434 αἰὼν
1413 2394 1626 2438 ἀθανάτοις
1651 2396 1733 2443 δέρ-

205 2459 312 2481 κεται
338 2443 379 2483 ἐν
405 2443 543 2482 σελίσιν
570 2447 631 2483 vix
655 2447 844 2505 integrum
870 2450 938 2490 est,
967 2447 1031 2483 sed
1057 2446 1190 2482 vitium
1216 2457 1290 2482 non
1315 2445 1469 2481 sustulit
1486 2445 1646 2489 Hecker,
1671 2444 1735 2490 qui

205 2490 288 2529 ἀλλ’
316 2491 335 2530 6
363 2491 539 2551 περισσὸς
565 2491 692 2530 αἰῶν’
727 2492 794 2531 άθ.
822 2475 1010 2539 δέρκεαι
1042 2491 1083 2530 ἐν
1110 2494 1266 2537 σελίσιν,
1298 2494 1438 2541 postea
1454 2489 1548 2528 αλλὰ
1574 2503 1732 2537 περισ-

206 2539 283 2576 σὸν
316 2539 540 2577 αἰῶν’
575 2541 765 2587 δέρκεαι
799 2541 965 2598 scripsit,
999 2541 1097 2587 quod
1131 2541 1274 2587 recepit
1303 2536 1490 2600 Harturig,
1529 2539 1601 2575 nisi
1636 2540 1735 2584 quod

206 2587 380 2635 δέρκεται
406 2589 579 2625 servavit.
630 2590 781 2626 Diibner
806 2588 983 2635 τέρπεται
1008 2588 1186 2634 coniecit,
1218 2599 1287 2634 ego
1315 2585 1558 2624 ἐνδέδεται
1584 2588 1732 2622 σελίσιν.

301 2654 333 2685 2.
372 2648 484 2685 Anth.
512 2649 589 2684 Pal.
616 2649 684 2684 VII
711 2654 773 2685 22.
809 2648 841 2683 Α
869 2649 947 2684 Τοῦ
974 2645 1104 2693 αὐτοῦ,
1132 2647 1158 2683 C
1185 2645 1240 2688 εἰς
1271 2644 1336 2683 τὸν
1370 2643 1488 2682 αὐτὸν
1520 2644 1735 2691 Σοφοκλέα,

206 2693 271 2731 τὸν
297 2698 506 2741 Σοφι’,λλου
547 2695 612 2732 τὸν
649 2693 864 2742 Ἀθηναῖον,
897 2694 963 2732 τὸν
998 2696 1292 2741 συνχρονίσαντα
1325 2690 1524 2741 Εὐριπίδῃ.
1577 2694 1650 2730 Sed
1675 2705 1733 2739 ap.

206 2744 337 2779 Iriaite
365 2745 443 2780 Cit.
470 2745 578 2780 Matr.
607 2748 650 2780 95
678 2745 743 2780 et·
734 2757 771 2780 m
791 2745 871 2780 cod.
893 2743 1002 2779 Vind.
1025 2748 1092 2779 301
1114 2744 1184 2779 hoc
1210 2742 1325 2799 epigr.
1353 2741 1589 2799 subiungitur
1616 2740 1734 2777 Simo-

206 2792 302 2826 nidis
329 2803 375 2837 ep
413 2791 528 2827 Anth.
556 2792 713 2827 V1120:
745 2789 952 2852 Ἐσβέσθης
984 2804 1114 2837 γηραιε
1147 2787 1381 2835 Σοφοκλέες,
1420 2786 1543 2829 ανθος
1579 2786 1733 2847 ἀοιδῶν,

207 2804 382 2874 Οἰνωπὸν
411 2836 559 2884 Βάκχου
588 2837 724 2897 βότρυν
761 2837 1023 2885 ἐρεπτόμενος.
1049 2859 1096 2865 -
1122 2838 1165 2873 V.
1195 2841 1224 2873 1.
1251 2836 1410 2892 τύμβοιο
1435 2834 1655 2882 Σοφοκλέος
1678 2836 1754 2876 Pl„

207 2885 317 2922 Vind.
327 2884 505 2933 ,τύμβου
541 2885 771 2931 σοφοκλέους
803 2887 842 2923 Ρ.
870 2907 913 2912 -—
941 2887 985 2922 V.
1011 2891 1044 2922 3.
1071 2883 1212 2932 πάντῃ,
1243 2897 1277 2921 ν.
1305 2881 1438 2929 πάντη.
1466 2905 1508 2909 ——
1536 2881 1733 2929 φιλορρώξ,

205 2944 281 2969 non
307 2934 494 2979 φιλόρρωξ
520 2933 560 2969 P.
590 2955 631 2960 —
659 2934 703 2970 V.
730 2939 762 2970 4.
790 2931 976 2981 κλήματα,
1014 2933 1042 2969 Ρ
1067 2934 1238 2979 κλίματα.
1265 2953 1308 2959 -
1335 2930 1526 2978 χευαμένη
1551 2931 1601 2977 Ρ,
1634 2931 1733 2977 lege-
