1890 3216
209 157 295 200 218
744 160 938 196 POETAE
964 161 1202 202 ELEGIACI.

210 278 300 310 1155
329 265 422 311 Οὐκ
455 270 613 325 ἔραμαι
645 272 859 317 πλουτεῖν,
886 266 985 313 οὐδ’
1022 267 1228 326 εὔχομαι,
1260 269 1373 320 ἄλλοί
1406 288 1481 328 μοι
1513 276 1580 328 εἴη

387 340 464 394 ζῆν
498 336 584 382 ἀπὸ
617 340 708 383 τῶν
740 337 927 396 ὀλίγων,
958 339 1100 397 μηδὲν
1132 343 1278 397 ἔχοντι
1309 342 1460 387 κακόν.

327 457 551 514 (Πλοῦτος
582 457 656 501 καὶ
688 461 824 515 σοφίη
857 464 1047 515 θνητοῖς
1076 455 1365 516 ἀμαχώτατον
1398 464 1503 506 αἰεί·
1673 474 1741 507 555

386 527 488 572 οὔτε
518 527 603 587 γὰρ
636 525 694 573 ὅέν
726 528 924 573 πλούτου
955 529 1107 587 θυμὸν
1139 528 1494 592 ὑπερκορε’σαις·)

326 597 384 652 ὡς
416 598 457 644 δ’
494 598 639 653 αὕτως
671 604 838 659 σοφίην
871 599 894 646 ὁ
929 601 1187 659 σοφώτατος
1219 602 1300 648 οὐκ
1331 601 1598 662 ἀποφεύγει,

209 684 298 716 1160
385 670 482 716 ἀλλ’
518 674 690 730 ἔραται,
722 670 874 729 θυμὸν
907 671 949 717 δ’
985 671 1040 718 οὐ
1073 672 1262 719 δύναται
1294 677 1476 720 τελέσαι.

327 789 506 836 Οὐδένα
536 790 775 850 θησαυρὸν
806 787 1080 850 καταθήσειν
1111 794 1266 838 παισὶν
1298 793 1503 852 ἄμεινον·

386 865 590 908 αἰτοῦσιν
623 862 664 908 δ’
699 862 892 921 ἀγαθοῖς
923 863 1139 922 ἀνδράσι,
1172 864 1346 923 Κύρνε,
1379 869 1522 911 δίδου.

206 1018 265 1062 (cf.
305 1019 413 1054 Hom.
452 1019 497 1054 H.
537 1019 576 1054 in
613 1019 724 1054 Mero.
752 1023 820 1054 393
858 1015 920 1054 ἐπ’
956 1016 1159 1078 ἀβλαβίῃσι
1183 1018 1323 1066 νόοιο),
1361 1021 1535 1057 convenit
1565 1031 1654 1057 sane
1687 1020 1743 1057 in-

205 1065 361 1102 stitutae
386 1066 621 1123 sententiae,
662 1066 707 1102 cf.
748 1078 863 1112 supra
895 1079 927 1102 v.
964 1071 1053 1103 1121
1093 1066 1196 1113 ὄφρα
1229 1069 1347 1115 δίκῃ.
1365 1065 1495 1114 ζώοιμι
1524 1069 1652 1104 κακῶν
1685 1067 1743 1106 ἔκ-

205 1116 344 1149 τοσθεν
376 1110 555 1149 ἁπάντων
588 1114 904 1158 quemadmodum
944 1115 981 1150 in
1020 1115 1053 1149 A
1090 1116 1291 1161 scriptum,
1330 1116 1395 1151 sed
1426 1116 1575 1152 laborat
1614 1128 1742 1153 versus

205 1161 463 1206 ambiguitate,
498 1162 538 1197 id
572 1162 670 1206 quod
707 1162 828 1198 vitare
860 1162 1023 1198 studiose
1055 1163 1181 1208 potius
1215 1174 1327 1209 quam
1358 1163 1456 1199 ultro
1492 1163 1625 1200 sectari
1656 1175 1743 1210 poe-

206 1211 283 1244 tam
311 1208 479 1245 decebat.
529 1210 701 1245 Fortasse
734 1206 972 1266 ἁρπαλέως
1005 1209 1281 1256 corrigendum3
1318 1222 1405 1246 nam
1438 1211 1594 1247 obscura
1623 1211 1742 1258 Hesy-

205 1255 280 1291 chii
316 1256 442 1302 glossa
480 1253 693 1305 αβλαδέως·
726 1253 850 1301 ἡδέως
880 1258 1012 1314 procul
1044 1257 1229 1304 habenda,
1259 1269 1328 1294 nec
1363 1258 1489 1304 placet
1519 1225 1742 1307 ζαβλεμέως,

207 1304 309 1348 quod
335 1303 623 1350 lexicographus
649 1303 802 1340 liberius
829 1302 997 1350 μεγαλως
1022 1287 1229 1346 πεποιθὼς
1243 1305 1527 1365 interpretatur,
1557 1307 1657 1352 quod
1682 1318 1737 1343 re-

209 1351 324 1387 stituo
350 1351 388 1386 in
414 1352 635 1397 Panyasidis
661 1352 704 1386 fr.
733 1363 791 1398 ap.
820 1353 908 1388 Ath.
930 1354 963 1388 II
990 1356 1034 1388 38
1059 1354 1180 1388 πίνων
1208 1352 1465 1408 ζαβλεμέως
1490 1354 1602 1400 (male
1628 1354 1741 1401 vulgo

205 1396 414 1456 ἀβλεμέως,
442 1398 584 1436 ibidem
609 1412 643 1435 v
673 1403 690 1434 1
718 1397 915 1459 πρώτην
942 1401 1056 1447 vulgo
1082 1401 1238 1446 πρῶται,
1264 1401 1428 1447 corrigas
1455 1402 1494 1437 et
1518 1414 1551 1437 v.
1579 1405 1599 1437 5
1627 1403 1667 1437 εἶ’
1685 1415 1741 1443 τις

205 1445 286 1504 τήν
318 1460 367 1506 γε
402 1448 517 1493 πίοι,
551 1447 664 1493 vulgo
690 1460 777 1493 μεν
785 1449 913 1491 πίνοι).
965 1449 1007 1483 In
1033 1448 1187 1484 Homeri
1212 1448 1256 1484 H.
1282 1449 1321 1484 111
1346 1449 1459 1485 Mero.
1486 1453 1531 1485 83
1556 1449 1739 1485 traditum

204 1491 402 1552 ἀβλαβέως
422 1496 522 1530 certa
540 1496 583 1530 ut
606 1495 739 1541 opinor
759 1488 1019 1532 emendatione
1046 1491 1246 1550 αβλαυτο
1257 1510 1294 1537 ις
1320 1493 1393 1532 ὑπὸ
1420 1496 1552 1532 ποσσὶν
1580 1494 1741 1542 ἐδήσατο

206 1540 377 1578 σανδαλα
398 1543 538 1602 κοῦφα
559 1542 712 1579 removi.
763 1542 982 1579 Heimsoeth
1001 1544 1073 1579 hoc
1093 1543 1279 1579 distichon
1299 1544 1447 1580 refinxit
1466 1545 1524 1589 εἴη
1544 1557 1608 1590 μοι
1626 1547 1742 1628 715λουὸ

207 1595 287 1626 τεῖν
307 1590 438 1626 πασῶν
459 1588 493 1625 τ’
516 1587 713 1635 ἄπατερθε
735 1589 946 1636 μεριμνέων
966 1594 1041 1628 κτλ.
1057 1612 1101 1617 -
1115 1588 1248 1637 κακόν,
1267 1592 1286 1627 f
1302 1591 1442 1627 κακῶν.
1458 1613 1501 1618 -
1518 1591 1559 1627 V.
1578 1595 1714 1628 1155—

204 1648 277 1674 om.
299 1650 355 1684 cg.
377 1638 546 1674 Extant
536 1650 577 1674 m
589 1639 702 1674 Anth.
724 1638 802 1674 Pal.
818 1638 934 1674 X113
957 1639 1034 1684 (ubi
1053 1636 1195 1684 ἄδηλον
1216 1641 1301 1685 est),
1327 1651 1385 1684 ap.
1413 1639 1563 1675 Maxim.
1583 1639 1680 1676 conf.
1707 1640 1741 1675 Π

205 1689 273 1721 572
301 1690 340 1721 et
365 1697 423 1731 ap.
451 1686 631 1722 Basilium
658 1686 704 1722 de
730 1686 802 1731 leg.
829 1686 959 1732 gentil.
985 1686 1019 1721 II
1046 1653 1128 1724 183η
1160 1686 1265 1722 Adde
1293 1687 1414 1723 Schol.
1442 1687 1529 1722 Luc.
1556 1688 1602 1723 de
1627 1698 1740 1723 merc.

206 1734 311 1769 cond.
339 1745 369 1769 0.
399 1737 459 1769 10:
487 1730 556 1770 οὐκ
583 1731 743 1780 εὔχομαι
768 1734 931 1769 πλοῦτον
958 1730 1048 1770 οὐδὲ
1077 1732 1225 1780 ἔ,ραμαι
1251 1748 1287 1771 α.
1315 1748 1350 1778 μ.
1379 1735 1437 1778 εἴη
1463 1733 1533 1780 μὲν
1559 1731 1638 1770 ἀπὸ
1665 1735 1740 1770 τῶν

206 1778 420 1837 ἐλαχίστων.
447 1781 615 1817 Βο133011.
641 1780 710 1816 An.
737 1782 754 1816 I
780 1785 841 1817 67:
878 1777 949 1817 οὐκ
975 1779 1134 1827 εὔχομαι
1160 1785 1218 1817 πλ.
1245 1778 1335 1817 ουδὲ
1363 1779 1404 1828 ἐρ
1384 1783 1524 1828 ρῶμαι,
1557 1779 1652 1818 ἀλλά
1678 1795 1742 1828 μοι

201 1822 250 1873 ἦν
277 1830 354 1871 ζεῖν
379 1831 454 1864 κτλ.
475 1826 528 1865 cf.
555 1829 671 1864 etiam
697 1829 801 1865 Orac.
829 1828 961 1888 Sibyll.
986 1828 1020 1864 II
1047 1833 1124 1864 110.
1144 1829 1325 1888 Hartung
1356 1830 1427 1865 hoc
1463 1829 1650 1865 distichon
1675 1830 1741 1866 So-

204 1878 282 1912 loni
306 1876 557 1912 111ηὰ101113.-
585 1873 672 1920 οὐκ
705 1873 787 1912 ουτ’
817 1888 846 1911 0.
875 1897 917 1901 -
947 1875 1101 1936 ε’ραμαι,
1137 1874 1257 1912 ἐθέλω
1283 1877 1395 1912 Anth.
1424 1898 1467 1902 -
1480 1873 1594 1936 οὐδ’,
1621 1874 1690 1913 οὐκ
1717 1878 1739 1912 h

202 1925 329 1967 Anth„
358 1920 440 1959 οὔτ’
470 1936 489 1959 0
515 1924 629 1962 Basil
657 1945 700 1950 —
729 1924 772 1959 V.
802 1927 903 1960 1156.
931 1925 1044 1959 Anth.
1072 1921 1114 1960 ἐκ
1141 1925 1214 1959 τῶν
1241 1921 1377 1970 ὀλίγων
1410 1938 1446 1970 μ.
1475 1905 1609 1974 ἔχοντα
1634 1938 1669 1961 κ
1697 1946 1737 1951 -

202 1972 247 2008 V.
278 1975 466 2007 1157-60
493 1971 602 2007 affert
628 1971 729 2007 Stob.
755 1971 837 2007 XCI
864 1975 920 2015 26,
948 1971 1178 2017 Theognidis
1204 1972 1309 2009 codd
1336 1985 1369 2007 v.
1399 1975 1534 2008 1157-
1540 1975 1561 2007 8
1581 1982 1739 2018 prorsus

202 2020 385 2063 omittunt,
412 2031 505 2064 quos
530 2018 672 2065 primus
699 2019 894 2054 Turnebus
921 2019 982 2055 hic
1013 2019 1179 2056 inseruit.
1231 2019 1337 2063 Quod
1369 2019 1536 2056 omnium
1569 2019 1739 2056 ordinum

202 2066 290 2102 libri
316 2048 545 2113 conspirant,
582 2068 831 2103 inveteratum
854 2078 943 2102 ·0330
981 2066 1115 2103 vitium
1146 2069 1366 2113 argumento
1399 2068 1475 2111 est,
1505 2066 1635 2113 itaque
1665 2079 1741 2104 non

202 2113 338 2150 mirum
366 2114 451 2150 aliis
477 2126 624 2160 quoque
657 2114 750 2151 locis
781 2114 923 2169 passim
955 2115 1104 2162 eclogas
1136 2125 1202 2161 per
1233 2114 1470 2150 librariorum
1502 2114 1741 2151 oscitantiam

202 2162 429 2198 detrimenta
460 2161 620 2207 cepisse,
662 2162 879 2208 praesertim
911 2162 951 2197 in
989 2163 1059 2198 hac
1097 2162 1287 2209 postrema
1324 2162 1588 2217 gnomologiae
1622 2164 1741 2210 p‚arte

207 2220 302 2254 quae
329 2221 442 2255 quam
473 2210 570 2246 male
605 2210 655 2245 sit
686 2210 817 2246 habita
841 2208 967 2256 arguit
992 2209 1125 2268 ecloga
1142 2222 1176 2246 v.
1200 2213 1337 2246 1095—
1343 2215 1375 2255 6,
1400 2212 1444 2246 ut
1468 2210 1545 2246 aha
1571 2221 1701 2257 exemp
1702 2210 1741 2246 la

203 2257 515 2303 praetermittam.
548 2279 595 2284 —
619 2257 664 2293 V.
693 2262 784 2294 1160
810 2269 882 2293 0111.
909 2269 940 2293 e.
968 2278 1011 2284 —
1043 2255 1208 2303 τελέσαι,
1241 2257 1343 2293 Stob.
1372 2257 1537 2303 κορέσαι,
1567 2223 1743 2304 probavit

202 2305 394 2351 Hartung,
428 2317 501 2341 non
539 2305 839 2341 animadvertens
864 2306 935 2341 hoc
950 2305 1137 2363 germani
1159 2305 1335 2341 vocabuli
1366 2306 1739 2351 interpretamentum

202 2363 291 2388 esse.
343 2353 568 2398 Heirnsoeth
594 2366 690 2388 κατα
717 2354 812 2389 νοῦν
845 2350 882 2388 δ’
918 2350 962 2388 οὗ
996 2349 1157 2388 δύναται
1188 2351 1337 2388 τελέσαι
1374 2353 1573 2399 legendum
1601 2354 1739 2389 censet.

203 2419 247 2427 --
274 2399 364 2436 Post
389 2401 424 2438 h.
455 2413 488 2436 v.
514 2401 689 2446 repetunt
714 2399 896 2446 AObdefg
896 2401 1002 2436 hlmn
1027 2403 1256 2436 v.1095—6.
1292 2422 1336 2426 -—
1370 2400 1414 2436 V.
1437 2404 1569 2436 1161-
1578 2405 1609 2435 2.
1637 2400 1740 2436 Libri

203 2447 298 2483 nihil
323 2448 473 2484 variant
503 2449 576 2484 nisi
610 2448 710 2494 quod
742 2449 775 2483 A
800 2448 931 2487 παισὶν
962 2444 1197 2494 καταθήσειν
1231 2460 1298 2494 pro
1330 2445 1567 2492 καταθήσειν
1598 2447 1739 2492 παισὶν,

202 2508 235 2531 ν.
273 2499 363 2532 1062
398 2496 428 2531 Ο
462 2495 608 2532 αἰτοῦσι
646 2498 688 2531 ut
724 2496 829 2533 solet.
885 2495 985 2532 Vera
1021 2495 1204 2542 scriptura
1237 2508 1349 2542 supra
1383 2508 1418 2532 v.
1451 2499 1574 2532 409-—
1592 2500 1635 2531 10
1667 2506 1739 2532 ser-

204 2543 293 2578 vata
319 2543 382 2579 ubi
409 2544 502 2579 haec
527 2543 612 2589 ipsa
637 2543 769 2590 ecloga
795 2544 915 2579 extat:

492 2611 644 2651 Οὐδένα
669 2611 870 2674 θησαυρὸν
895 2614 1026 2651 παισὶν
1051 2612 1250 2673 καταθήση
1276 2611 1420 2674 αμείνω

537 2662 682 2708 αἰδοῦς,
708 2659 770 2708 ἤτ’
796 2660 966 2708 ἀγαθοῖς
990 2658 1165 2709 ανδράσι,
1191 2665 1326 2707 Κυρν,
1353 2661 1494 2698 επεται.
1656 2660 1672 2678 ’

201 2733 225 2770 i.
255 2745 287 2769 0
316 2733 379 2780 qui
405 2745 494 2770 suae
520 2733 787 2770 existimationi
819 2732 1007 2779 consulat,
1041 2734 1159 2770 multo
1191 2732 1324 2769 melius
1353 2733 1481 2769 liberis
1512 2732 1737 2779 prospicere,

203 2793 319 2826 quam
346 2781 411 2827 qui
437 2793 542 2830 opes
552 2783 741 2828 congerat
791 2781 871 2817 Hoc
897 2783 1139 2829 praeceptum
1163 2781 1225 2817 hie
1249 2780 1287 2816 in
1313 2780 1427 2817 aliam
1453 2781 1565 2834 longe
1590 2782 1737 2827 partem

204 2829 414 2865 detortum.
448 2826 564 2865 satius
598 2841 679 2865 esse
703 2829 920 2875 petentibus
952 2829 1046 2865 bene
1079 2829 1220 2873 facere,
1255 2839 1367 2873 quam
1402 2827 1530 2875 liberis
1568 2828 1737 2874 amplum

202 2877 479 2921 patrimonium
508 2876 730 2922 relinquere.
779 2876 998 2912 Immutavit
1021 2878 1114 2913 haec
1139 2877 1340 2921 corrector,
1370 2887 1443 2911 non
1473 2878 1517 2911 ut
1547 2888 1614 2921 pro
1640 2875 1737 2911 arbi-

202 2924 276 2960 trio
304 2926 439 2970 poetae
466 2924 691 2960 sententiam
717 2924 889 2970 variaret,
915 2925 980 2961 sed
1006 2927 1050 2962 ut
1072 2936 1141 2971 pro
1161 2924 1273 2970 captu
1299 2935 1365 2960 suo
1389 2924 1604 2960 restitueret
1623 2924 1737 2960 verba
