1890 3216
21 98 36 126 ι.
0 0 60 80 ,fb-&33

0 922 3 931 ,
0 797 17 897 ..m-..4
12 762 16 770 ἡ

0 673 14 717 ‘⁷'
14 654 18 662 -
0 592 27 633 “T
0 53 45 577 *ww-:ww

842 153 1096 190 CALLlNUS
1719 155 1746 194 5

271 262 328 310 οὐ
358 263 445 323 γάρ
476 281 565 317 κως
595 249 802 308 θάνατόν
834 281 883 320 γε
916 273 1079 321 φυγεῖν
1112 264 1383 322 ειμαρμένον
1416 265 1537 308 ἐστίν

332 335 465 396 α’νδρ’
472 372 483 394 ,
517 334 619 381 οὐδ’
655 338 696 381 ει’
725 335 966 395 προγόνων
1000 337 1027 395 ᾖ
1061 337 1189 393 γένος
1222 336 1481 382 ἀθανάτων.

270 408 459 455 πολλάκι
492 412 706 467 δηιοτῆτα
739 407 901 467 φυγὼν
932 408 1007 453 καὶ
1041 411 1215 454 δοῦπον
1248 408 1452 454 ἀκόντων

201 493 259 542 15,
331 484 526 539 ἔργεται,
560 482 608 526 ἐν
641 478 683 525 δ’
721 486 827 542 οἴκῳ
861 485 1152 557 μοῖραοκίχεν
1185 480 1412 526 θανάτου·

139 578 149 587 ι
203 555 206 559 ’
269 550 370 598 ἀλλ’
407 551 430 597 ὁ
463 552 546 611 μὲν
579 553 662 598 οὐκ
694 556 833 611 ἔμπας
866 552 992 614 δήμῳ
1026 557 1158 611 φίλος
1190 552 1300 599 οὐδὲ
1331 553 1567 608 ποθεινός,

327 622 410 670 τὸν
443 624 486 669 δ’
524 623 676 683 ὀλίγος
707 625 912 683 στενάχει
945 626 1019 670 καὶ
1051 626 1211 683 μέγας,
1243 625 1301 683 ἥν
1333 643 1374 670 τι
1407 626 1555 684 πάθῃ·
1679 639 1740 669 391

268 700 361 756 λαῷ
393 696 480 756 γὰρ
514 697 739 755 σύμπαντι
771 697 918 750 πόθος
948 696 1313 755 κρατερόφρονος
1345 695 1514 756 ἀνδρός

327 764 629 828 θνήσκοντος·
663 769 788 824 ζώων
822 767 864 814 δ’
901 767 1024 823 ἄξιος
1055 767 1278 826 ἱμιθέων·

195 855 242 887 20
268 840 416 900 ω’σπερ
448 841 532 901 γάρ
566 860 643 899 μιν
675 840 851 900 πύργον
885 842 934 886 ἐν
968 839 1280 899 ὀφθαλμοῖσιν
1313 842 1501 901 ὁρῶσιν·

329 916 449 974 ἔρδει
480 914 568 972 γὰρ
599 915 782 960 πολλῶν
814 911 917 967 ἄξια
949 916 1119 971 μοῦνος
1151 913 1249 960 ε’ών.

820 1051 945 1098 ΕΙΣ
986 1053 1118 1099 ΔΙΑ.

897 1155 936 1197 2.
971 1155 1047 1208 [4.]

268 1240 560 1296 Σμυρναίους
592 1235 634 1281 δ’
672 1236 856 1294 ε’λέησον
889 1273 897 1281 .
932 1273 940 1281 .
974 1272 982 1280 .

328 1311 515 1366 Μνῆσαι
548 1307 590 1353 δ’
627 1313 671 1353 εἴ
697 1309 801 1353 κοτέ
828 1326 898 1353 τοι
930 1313 1068 1367 μηρία
1099 1307 1212 1353 καλὰ
1245 1311 1381 1365 βοῶν.

896 1431 936 1472 3.
971 1431 1047 1485 [2.]

267 1515 373 1558 Νῦν
406 1511 447 1557 δ’
485 1512 554 1557 ἐπὶ
588 1515 851 1577 Κιμμερίων
885 1511 1072 1570 στρατὸς
1104 1515 1276 1570 ἔρχεται
1310 1511 1632 1572 ὀβριμοεργῶν.

291 1645 325 1681 V
365 1649 421 1681 12.
454 1658 539 1690 κως,
566 1645 599 1679 Α
630 1657 719 1685 πως.
749 1665 792 1672 -
819 1657 881 1690 γε,
913 1657 952 1680 τε
986 1644 1107 1680 Trinc.
1134 1665 1179 1670 —
1206 1644 1250 1679 V.
1283 1649 1337 1680 13.
1372 1645 1417 1690 εἰ,
1446 1645 1594 1680 Brunck
1618 1642 1678 1691 ἣν.
1702 1667 1743 1671 -

194 1694 237 1731 V.
262 1697 315 1730 15.
345 1691 495 1739 ἔργεται
517 1692 554 1737 (i.
575 1704 605 1729 e.
627 1693 808 1738 εἴργεται)
830 1692 974 1738 scripsi,
1000 1692 1201 1739 legebahur
1227 1691 1387 1738 ἔρχεται,
1414 1694 1454 1728 at
1473 1693 1545 1727 hoc
1566 1692 1681 1728 etiam
1707 1693 1746 1729 in

192 1742 315 1778 virum
341 1741 495 1786 fortem,
533 1741 599 1785 qui
631 1741 755 1776 salvus
789 1752 834 1776 ex
858 1740 960 1776 bello
986 1740 1155 1785 revertit,
1182 1740 1295 1785 cadit,
1327 1741 1455 1786 itaque
1484 1740 1745 1777 Schneidewin

195 1789 389 1826 existimat
419 1790 508 1835 posia
537 1801 571 1824 v.
608 1793 650 1824 16
682 1790 962 1834 pentametrum
988 1799 1074 1824 cum
1099 1789 1317 1825 hexametro
1350 1788 1550 1832 excidisse,
1584 1791 1626 1824 ut
1651 1789 1746 1825 haec

193 1838 332 1874 dixerit
356 1839 486 1884 poeta:
521 1849 606 1874 eum
632 1847 708 1872 non
721 1849 857 1873 carum
877 1847 956 1873 esse
977 1836 1064 1880 suis,
1087 1838 1135 1881 (si
1154 1838 1219 1883 qui
1237 1838 1394 1883 turpiter
1412 1848 1448 1872 se
1462 1817 1642 1882 periculis
1660 1838 1744 1873 sub-

193 1887 361 1923 duoeerit:
380 1886 442 1922 sed
461 1886 526 1931 qui
543 1885 689 1929 fortiter
707 1885 988 1944 depuynaverit)
1008 1896 1093 1920 eum
1113 1896 1202 1920 vero
1223 1885 1354 1942 lugeri.
1396 1885 1597 1943 Compares
1611 1885 1745 1920 Demo-

195 1933 338 1970 sthenis
370 1933 465 1969 illud
497 1933 543 1969 de
576 1933 722 1969 Corona
753 1937 773 1976 ξ
800 1936 862 1969 97:
895 1931 1015 1978 πέρας
1046 1931 1116 1990 μὲν
1149 1932 1221 1979 γὰρ
1249 1930 1391 1968 ἅπασιν
1417 1930 1641 1979 ἀνθρώποις
1667 1930 1744 1969 ἐστὶ

193 1982 262 2018 τοῦ
289 1983 372 2031 βίου
398 1979 571 2022 θάνατος
596 1977 669 2017 κᾶν
697 1977 739 2016 ἐν
766 1980 920 2029 οἰκίσκῳ
946 1994 1000 2022 τις
1026 1977 1146 2016 αὑτὸν
1172 1982 1383 2026 καθείρξας
1407 1995 1519 2041 τηρΙη.
1552 1981 1644 2017 Cum
1670 1993 1745 2026 quo

194 2030 293 2066 Plut.
319 2030 365 2067 de
397 2029 504 2076 poesi
533 2029 643 2065 Hom.
673 2033 740 2065 157
772 2018 966 2086 compdnit
991 2028 1221 2084 Aeschyleos
1254 2041 1400 2065 versus.
1437 2018 1519 2065 ovt’
1558 2026 1599 2065 ἐν
1633 2028 1742 2076 στέγῃ

193 2091 249 2120 τις
273 2074 430 2137 ἥμενος
445 2073 537 2123 παρ’
574 2073 678 2127 ἑστία
711 2074 848 2123 φεύγει
879 2090 915 2112 τι
939 2077 1082 2134 μᾶλλον
1113 2074 1180 2113 τὸν
1207 2076 1456 2123 πεπρωμένον
1484 2074 1613 2123 μόρον.
1652 2077 1743 2112 Mei-

192 2126 288 2162 neke
315 2137 382 2172 pro
410 2123 560 2171 ἕρχεται
583 2113 787 2171 legendum
812 2125 932 2160 suasit
956 2122 1126 2171 εὔχεται,
1149 2126 1249 2171 quod
1268 2137 1343 2161 non
1363 2126 1484 2171 magis
1505 2125 1742 2161 commodum

194 2186 307 2221 quam
332 2174 433 2219 quod
459 2173 572 2209 facile
598 2173 735 2218 aliquis
755 2173 1065 2209 commentaverib
1084 2172 1296 2218 σπέρχεται.
1319 2194 1364 2199 -
1385 2178 1514 2219 μοῖρα,
1542 2174 1574 2208 Α
1594 2178 1741 2219 μοῖραν.

198 2243 239 2248 -—
266 2221 310 2257 V.
341 2225 394 2257 16.
423 2219 561 2267 ἐ’,μπας
593 2221 744 2256 Brunck
776 2219 906 2267 ἐ’.μπης
935 2242 977 2246 -
1006 2221 1050 2257 V.
1080 2226 1135 2257 17.
1162 2219 1302 2267 ὀλίγος,
1329 2221 1437 2257 Voss.
1466 2223 1568 2267 (am
1590 2223 1741 2267 s.)A1·s.

142 2308 146 2312 ,
195 2266 333 2316 ὀλίγον.
368 2291 411 2295 -—
437 2269 482 2306 V.
512 2272 567 2306 18.
601 2266 800 2314 σύμπαντι,
826 2269 950 2304 Ursin-
978 2265 1176 2326 ξύμπαντι.

291 2318 349 2354 Fr.
371 2321 403 2354 2.
432 2316 565 2353 Strabo
591 2316 679 2352 XIV
699 2321 786 2353 633:
813 2313 948 2374 ἡνίκα
953 2317 1018 2352 καὶ
1044 2314 1204 2363 Σμύρνα
1231 2314 1401 2353 ἐκαλεῖτο
1427 2314 1460 2374 ἡ,
1471 2314 1649 2362 ”Ἐφεσος
1678 2317 1743 2352 καὶ

194 2363 379 2407 Καλλῐνός
410 2377 484 2401 που
519 2361 637 2406 οὕτως
669 2361 868 2423 ὠνόμακεν
901 2361 1038 2410 αὐτήν,
1070 2366 1314 2425 ΣμυΗρναίους
1339 2363 1428 2405 τοὺς
1450 2361 1650 2421 Ἐφεσίους
1674 2378 1741 2400 κα-

194 2414 268 2448 λῶν
295 2410 344 2450 ἐν
369 2413 425 2461 τῷ
451 2410 562 2471 πρὸς
589 2414 675 2448 Δία
699 2416 834 2460 λογῳ·
862 2413 1105 2459 Σμυρναίους
1126 2411 1162 2448 δ’
1193 2410 1361 2458 ἐλέησον,
1381 2412 1445 2448 καὶ
1471 2410 1604 2448 παλιν·
1631 2413 1742 2458 Μνῆ-

194 2473 258 2497 σαι
288 2462 376 2497 κτλ.
397 2450 476 2507 (καὶ
508 2458 622 2496 πάλιν
649 2462 687 2496 et
719 2474 754 2497 v.
781 2465 802 2496 2
830 2472 903 2497 om.
930 2460 1027 2497 Med.
1056 2465 1087 2496 3.
1115 2462 1163 2507 4).
1194 2482 1233 2487 —-
1263 2460 1307 2497 V.
1335 2465 1367 2497 2.
1395 2461 1643 2507 probabiliter
1674 2460 1741 2496 Ca-

194 2509 380 2545 saubonus
414 2508 522 2544 addit
555 2510 817 2555 Σμυρναῖοι
850 2506 1096 2554 κατέκηαν.
1149 2509 1207 2544 Ad
1242 2509 1341 2544 hanc
1374 2509 1535 2554 elegiam
1566 2509 1742 2544 videntur

193 2555 237 2592 fr.
264 2561 295 2592 3.
324 2561 357 2592 4.
385 2560 406 2592 5
431 2555 629 2602 pertinere.

290 2605 347 2640 Fr
375 2609 407 2640 3.
459 2604 595 2640 Strabo
620 2604 708 2640 XIV
735 2609 822 2640 647:
855 2603 930 2639 Καὶ
957 2601 999 2640 τὸ
1026 2602 1190 2640 παλαιὸν
1223 2603 1264 2640 δε
1294 2602 1443 2663 συνέβη
1477 2608 1554 2644 τοῖς
1579 2602 1739 2659 Μάγνη-

194 2664 254 2688 σιν
280 2649 354 2688 υπὸ
385 2653 542 2708 Τρηρῶν
568 2649 690 2712 ἄρδην
717 2650 976 2698 ἀναιρεθῆναι
1008 2653 1243 2698 Κιμμερικοῦ
1280 2651 1436 2696 ἔθνους,
1465 2648 1742 2708 εὐτυχήσαντος

193 2697 314 2736 πολυν
340 2697 494 2759 χρόνον·
521 2701 572 2759 τῷ
599 2699 642 2736 δε
668 2697 757 2758 ἑξῆς
783 2699 860 2736 ἔτει
884 2701 1095 2745 Μιλησίους
1120 2705 1324 2746 κατασχεῖν
1360 2697 1426 2735 τὸν
1458 2697 1587 2736 τόπον.
1639 2702 1738 2734 Καλ-

194 2750 298 2789 λῖνος
332 2746 401 2794 μὲν
437 2741 507 2783 οῦν
543 2745 593 2789 ὡς
631 2746 955 2803 εὐτυχούντων
990 2746 1056 2783 ἔτι
1094 2748 1181 2783 τῶν
1215 2745 1474 2793 Μαγνήτων
1514 2746 1739 2804 μέμνηται

195 2795 273 2831 καὶ
307 2793 668 2840 κατορθούντων
702 2793 749 2832 ἐν
784 2796 840 2851 τῷ
875 2792 988 2841 πρὸς
1020 2791 1261 2852 Ἐφεσίους
1296 2794 1488 2851 πολέμῳ,
1536 2791 1740 2854 Ἀρχίλοχος

196 2841 238 2879 δὲ
264 2839 338 2901 ἤδη
365 2845 547 2888 φαίνεται
571 2845 762 2890 γνωρίζων
795 2840 863 2888 τὴν
895 2841 1106 2889 γενομένην
1139 2839 1269 2884 αυτοῖς
1301 2840 1501 2888 συμφοράν
1529 2870 1536 2877 .
1559 2871 1565 2878 .
1588 2871 1596 2879 .
1625 2839 1664 2885 ἐξ
1692 2835 1737 2877 οῦ

196 2890 261 2926 καὶ
285 2888 328 2927 τὸ
354 2889 540 2948 νεώτερον
568 2889 669 2928 εἶναι
693 2892 761 2927 τοῦ
788 2892 976 2926 Καλλίνου
1003 2891 1277 2936 τεκμαίρεσθαι
1303 2889 1537 2946 πάρεστιν..
1561 2918 1567 2925 .
1590 2919 1597 2926 .
1626 2887 1739 2934 ἄλλης

197 2936 241 2975 δέ
267 2951 369 2981 τινος
394 2936 541 2985 ἐφόδου
567 2941 641 2976 τῶν
662 2939 879 2987 Κιμμερίων
900 2937 1087 2986 μέμνηται
1106 2935 1396 2985 πρεσβυτέρας
1381 2949 1413 2973 ο
1422 2940 1615 2983 Καλλῖνος,
1638 2935 1737 2973 ἐπαν
