1890 3216
792 194 1114 231 CLEOBULINA.
1668 197 1724 238 63

936 304 975 348 3.

297 393 403 433 Plut.
424 392 534 444 Sepss.
555 393 648 443 Sap.
670 392 833 433 Conviv.
855 394 902 432 5:
930 386 974 431 ‘0
1000 388 1043 431 δὲ
1070 391 1279 441 Αἴσωπος,
1306 393 1396 446 εἴγε,
1426 388 1548 442 εἶπεν,
1568 392 1725 444 εἰδείης,

177 451 208 500 ὦ
233 457 331 510 ξένε,
361 455 453 516 τοὺς
479 461 555 499 νῦν
580 455 823 508 αὐλοποιοὺς
850 453 903 506 ὡς
928 455 1138 509 προέμενοι
1157 453 1202 497 τὰ
1223 459 1394 511 νεβρεῖα,
1426 454 1619 511 χρώμενοι
1644 462 1725 506 τοῖς

176 520 334 575 ὀνείοις,
360 523 513 578 βέλτιον
537 521 648 578 ἠχεῖν
675 523 868 578 λέγουσιν.
918 519 993 564 Διὸ
1018 522 1085 563 καὶ
1111 525 1384 576 Κλεοβουλίνη
1416 521 1515 577 πρὸς
1533 521 1602 564 τὸν
1623 522 1725 575 Φρύ-

175 605 265 644 γιον
289 586 416 631 αὐλὸν
440 586 618 646 ᾐνίξατο,
651 587 963 644 Νεβρόγονος
994 586 1149 642 κνήμη
1164 582 1258 668 ,ἧσε
1284 587 1584 670 κερασβόλον
1610 582 1725 639 οὖας

120 654 124 658 ’
175 654 304 696 ἕκατι
347 653 604 710 κρούσεως·
651 653 747 697 ὥστε
789 652 1014 708 θαυμάζειν
1055 652 1125 696 τὸν
1163 652 1279 706 όνον,
1325 656 1359 695 εἰ
1400 653 1621 709 παχύτατος
1658 656 1724 697 καὶ

173 717 441 786 ἀμουσότατος
479 718 537 763 ὠν
574 719 714 773 τόἱλλα,
751 718 983 762 λεπτότατον
1020 720 1087 762 καὶ
1125 734 1419 774 μουσικωτατον
1458 719 1594 764 ὀστέον
1624 738 1723 801 παρ-

175 785 310 840 ἔχεται.
342 788 408 829 Ita
427 789 705 841 Wyttenbach
736 789 920 839 coniecit,
945 789 1069 840 vulgo
1097 783 1172 828 Διὸ
1197 786 1263 827 καὶ
1294 784 1595 840 Κλεόβουλον
1573 806 1598 841 η
1624 785 1724 842 πρὸς

173 849 243 894 τὸν
277 855 325 894 Φ.
351 850 415 895 αὖ.
446 856 552 908 νεβρ.
585 851 716 907 κνήμη
742 850 994 907 κερασφόρον
1019 853 1117 902 οὖας
1141 846 1209 908 ᾖξε
1234 850 1488 906 θαυμαζειν““
1475 852 1580 894 ε’κατι
1605 852 1723 907 κρού-

175 931 286 971 σεως,
317 921 366 960 A.
398 921 514 961 Voss.
547 921 646 961 Ven.
679 921 711 960 P
749 917 892 973 ἤρξατο
931 916 1063 972 κνήμη
1095 916 1332 973 νεκρογόνος
1361 915 1458 972 αἷμα
1489 918 1723 974 κερασφόρα)

175 1001 275 1035 ουας
305 985 349 1027 ἔκ
379 1002 417 1027 τε
451 983 502 1041 (Ρ
534 985 587 1040 τι)
618 999 831 1041 κρουσεως,
865 986 1005 1026 eadem
1038 986 1146 1025 TVB
1178 987 1256 1026 nisi
1288 986 1395 1036 quod
1426 983 1724 1035 ἐκτοκειούσεῶς

173 1067 226 1104 τε,
257 1055 359 1094 conf.
393 1067 494 1105 quae
527 1053 610 1093 dixi
642 1053 863 1094 Comment.
903 1054 952 1093 de
985 1051 1173 1093 Comoed.
1205 1052 1290 1092 Att.
1323 1066 1361 1102 p.
1390 1054 1489 1093 113.
1534 1054 1723 1104 Hartung
1738 1061 1805 1092 355

174 1120 272 1159 haec
298 1120 560 1172 excogitavit:

234 1197 430 1288 ’Ἠρξατο
462 1198 739 1257 νεβρογόνος
770 1197 927 1285 κνήμη
953 1197 1047 1256 (καὶ
1080 1195 1246 1251 ἐδέξατ’
1283 1196 1476 1257 ὄνειον),

246 1270 321 1315 καὶ
352 1269 403 1316 τὸ
436 1270 726 1330 κερασφόρον
757 1272 869 1323 οὐας
901 1271 1022 1314 ε’κατι
1053 1269 1265 1329 κρούσιος
1295 1264 1424 1329 ᾖξεν,

245 1343 510 1401 θαυμάζειν.

175 1431 282 1472 idem
320 1436 507 1484 praetera
544 1433 628 1474 sive
667 1432 928 1473 Cleobulinae
961 1431 1045 1471 sive
1078 1430 1272 1471 Cleobulo
1304 1432 1483 1471 vindicat
1514 1445 1562 1470 ex
1595 1431 1722 1471 Theo-

175 1498 331 1549 gnideis
345 1514 381 1540 V.
398 1501 618 1551 257—60,
642 1500 831 1550 261-6,
848 1499 1038 1548 861—4‚
1059 1497 1252 1538 Cleobulo
1270 1500 1408 1537 autem
1420 1512 1456 1538 v.
1474 1499 1721 1548 1209—16,

172 1578 338 1615 prorsus
370 1567 535 1616 temere,
566 1578 660 1604 nam
691 1563 828 1616 griphi
860 1563 1021 1614 quidem
1051 1564 1238 1604 versibus
1276 1564 1465 1615 elegiacis
1498 1563 1564 1603 vel
1594 1563 1722 1602 heroi-

173 1631 230 1670 cis
269 1632 545 1682 comprehensi
585 1631 627 1670 et
671 1629 931 1669 Cleobulinae
970 1631 1011 1669 et
1050 1629 1233 1669 Cleobuli
1271 1631 1431 1670 nomine
1475 1630 1720 1679 ferebantur,

174 1697 246 1736 sed
272 1697 454 1748 elegiaca
479 1697 657 1737 carmina
681 1708 811 1746 neque
836 1695 1099 1746 reliquerunt,
1124 1708 1254 1747 neque
1280 1696 1493 1747 quisquam
1517 1695 1599 1735 illis
1627 1695 1721 1734 sub-

175 1764 269 1804 dere
307 1775 431 1804 ausus
477 1765 551 1803 est.
594 1784 643 1790 -
690 1761 953 1802 Cleobulinae
993 1762 1140 1801 tribuit
1184 1762 1328 1801 suidas
1371 1776 1411 1803 v.
1448 1761 1721 1813 Κλεοβουλίνη

173 1829 374 1882 aenigma,
417 1829 524 1881 quod
561 1829 784 1880 locupletes
816 1831 942 1868 testes
974 1827 1082 1879 patri
1113 1828 1316 1879 tribuunt,
1354 1828 1433 1868 vid.
1472 1827 1578 1866 infra
1610 1826 1721 1866 Cleo-

174 1896 261 1935 buli
291 1896 339 1936 fr.
374 1898 413 1937 2.
