1890 3216
782 154 1050 191 HIPPONAX.
1599 152 1687 196 479

240 260 352 320 αὕτη
384 262 471 321 γάρ
505 264 596 307 ἐστι
628 261 839 321 συμφορή
873 280 918 307 τε
949 261 1024 307 καὶ
1054 260 1236 321 κλῃδών

94 347 101 350 “
168 345 208 389 μ5
241 332 446 392 Νικύρτα
476 333 550 379 καὶ
584 333 795 392 Σάβαυνι
825 337 887 394 τῷ
918 333 1191 393 κυβερνήτῃ,

239 402 298 463 ἢν
330 403 471 451 αὐτὸν
504 404 642 463 ὅπφις
671 404 1000 464 τῶντικνήμιον
1033 404 1159 464 δήκῃ.

813 551 882 595 50.
919 551 1023 605 [35]
1620 561 1689 594 767

228 631 411 678 ”Euaza
443 632 596 693 μάλθῃ
628 632 712 691 τὴν
743 633 903 692 τρόπιν
934 636 1222 692 παραχρίσας.

829 778 898 822 51.
935 779 1009 832 [8.]

231 870 279 916 ‘0
310 873 354 916 δ’
389 870 534 917 αὐτίκ’
570 869 720 917 ἐλθὼν
753 870 840 916 σὺν
870 880 1034 929 τριοῖσι
1066 870 1337 929 μάρτυρσιν,

238 941 350 988 ὅκου
379 942 461 988 τὸν
493 944 623 1001 ἕρπιν
654 941 678 987 ὅ
712 942 872 995 σκότος
895 941 1156 999 καπηλεύει,

236 1013 488 1073 ἄνθρωπον
521 1008 625 1073 εὗρε
655 1013 740 1072 τὴν
773 1014 934 1071 στέγην
968 1012 1219 1071 ὀφέλλοντά

239 1111 290 1118 -
325 1084 382 1131 οὐ
412 1085 499 1145 γὰρ
531 1089 681 1146 παρῆν
714 1085 888 1144 ὅφελμα
925 1113 974 1118 -
1009 1085 1207 1143 πυθμένι
1239 1088 1432 1143 στοιβῆς.

147 1250 360 1300 φεύγοντα,
392 1252 468 1290 Vit.
498 1257 515 1288 1
544 1253 617 1290 Ciz.
650 1250 876 1299 φεύγοντος,
909 1252 1025 1288 Brink
1056 1252 1150 1288 coni.
1182 1249 1356 1288 νεύοντα.
1390 1274 1434 1279 -
1469 1254 1512 1291 V.
1547 1258 1580 1290 4.
1616 1250 1694 1290 ἔστι

146 1301 267 1338 altero
291 1301 375 1337 loco
401 1302 441 1337 et
464 1312 588 1347 pnore
613 1300 697 1337 loco
716 1301 792 1337 Vit.
815 1305 833 1336 1
857 1300 942 1346 Ciz.,
968 1314 1065 1346 αντη
1087 1300 1163 1336 Vit.
1185 1304 1218 1336 3
1244 1301 1376 1336 Malim
1403 1299 1543 1346 ἔσται,
1573 1301 1691 1337 Brink

147 1349 206 1395 εἴη
233 1346 408 1395 συμφορή
433 1361 475 1395 γε
502 1350 567 1385 καὶ
591 1347 753 1406 κληδὼν.
779 1370 824 1375 -
850 1362 889 1384 τε
910 1348 975 1384 καὶ
999 1314 1068 1395 wig
1071 1345 1161 1393 δών,
1187 1347 1307 1384 altero
1327 1348 1350 1384 l.
1377 1362 1419 1394 γε
1440 1348 1505 1384 καὶ
1526 1329 1688 1395 κλύδων,

147 1396 410 1433 Schneidewin
436 1393 611 1443 συμφορὴ
638 1396 701 1432 καὶ
729 1394 914 1443 κληηδών,
940 1396 1086 1432 Hecker
1105 1396 1302 1453 συμφορῆς
1323 1397 1443 1453 κακῆς
1462 1395 1623 1443 κλῃδών.
1643 1418 1688 1424 -

147 1444 191 1480 V.
217 1448 252 1481 5.
286 1442 460 1490 Νικύρτα
491 1444 556 1480 καὶ
582 1442 776 1492 Σάβαυνι,
807 1444 883 1481 Vit.
912 1448 930 1480 1
958 1442 1030 1480 ciz.
1066 1441 1222 1490 νικύρτη
1257 1443 1323 1479 καὶ
1349 1441 1532 1492 σάβαυνϊ,
1563 1444 1640 1481 Vit.
1667 1449 1688 1480 2

146 1490 309 1528 νικαύτα
336 1492 401 1527 καὶ
427 1493 569 1538 σίγωνι,
594 1492 669 1527 Vit.
698 1496 719 1527 3
746 1493 896 1527 νίκαυτι
921 1492 986 1527 καὶ
1011 1492 1153 1537 σίνωνι,
1185 1492 1306 1528 altero
1331 1490 1414 1528 loco
1439 1493 1598 1537 νίκυρτα
1622 1492 1689 1528 καὶ

147 1537 310 1586 σάμαννι
347 1541 579 1586 (σαυβαννί).
624 1539 864 1576 Conieceram
900 1536 1098 1585 νικύρτα
1131 1539 1173 1586 (i.
1207 1551 1238 1575 e.
1270 1536 1441 1595 νικύρτα)
1479 1540 1556 1576 καὶ
1593 1542 1689 1576 σίν-

147 1589 199 1633 δρ
209 1601 290 1623 ωνι
327 1586 416 1633 (vid.
444 1588 543 1633 Hesy
545 1588 621 1624 ch.:
660 1584 872 1632 Νικύρτας·
911 1588 1207 1633 δουλέκδουλος,
1234 1588 1274 1622 et
1306 1576 1480 1623 similiter
1513 1587 1689 1624 Seleucus

147 1635 247 1682 apud
271 1635 407 1672 Athen.
434 1635 484 1671 VI
510 1639 579 1671 267
595 1635 621 1671 C
647 1635 916 1681 interpretatur
939 1635 1137 1682 σίνδρων),
1164 1646 1391 1680 quamquam
1417 1636 1533 1671 etiam
1557 1636 1691 1682 γιγῶνι

147 1683 183 1719 i.
197 1694 228 1719 e.
260 1684 434 1731 παταίκῳ
466 1683 506 1719 111
536 1684 702 1719 mentem
733 1682 855 1727 venit,
886 1682 962 1719 vid.
988 1683 1147 1729 Hesych.
1174 1695 1208 1719 v.
1243 1683 1403 1728 Γιγνῶν.
1453 1682 1578 1729 Atque
1613 1684 1690 1719 σίν-

147 1732 264 1788 δρωνι
301 1720 502 1777 legendum
540 1741 622 1767 esse
660 1730 775 1767 etiam
815 1731 932 1766 Maur.
972 1730 1144 1767 Schmidt
1179 1731 1218 1766 et
1254 1730 1368 1766 Brink
1408 1731 1489 1776 (qui
1527 1731 1688 1777 denique

123 1775 305 1836 ,νικύρτα
336 1779 387 1827 τῷ
419 1779 598 1824 σίνδρωνι
628 1779 882 1825 praeoptavit)
915 1778 1170 1823 coniecerunt,
1201 1777 1374 1814 Meineke
1400 1776 1575 1824 Νικύρτα
1600 1791 1689 1815 κασ-

93 1871 96 1873 ·
145 1824 350 1929 352225223‘5.
361 1815 420 1910 ¹31¹}
435 1826 607 1910 ῗὲοἶῗῗὲῑ
620 1827 712 1910 {3⁸33
732 1826 891 1930 ἲιῖἲρῗὲ
914 1805 1308 1931 Ξξῗῗὲἒὲἶὶἦᾛθέ
1324 1826 1690 1931 3355123353m1335z?

147 1923 187 1958 et
211 1921 265 1958 sic
290 1922 437 1958 Hecker
443 1923 618 1980 νίκυρτα
643 1921 709 1957 καὶ
740 1918 876 1967 στιγών
911 1919 968 1958 σύ.
1004 1943 1048 1948 -
1081 1921 1125 1957 V.
1153 1926 1184 1957 6.
1216 1916 1265 1967 ἢν
1290 1933 1422 1967 αυτον,
1455 1920 1532 1958 Vit.
1562 1926 1580 1957 1
1614 1922 1687 1958 Ciz.

145 1964 197 2026 ἣν
219 1965 344 2010 αὐτὸς.
370 1990 414 1996 -
441 1982 559 2015 οπφις
583 1968 727 2015 scripsi,
728 1969 852 2024 *quod
877 1969 1052 2027 probavit
1075 1969 1260 2026 Hartung,
1287 1950 1537 2025 legebatur*
1515 1983 1615 2014 οφις.
1643 1990 1687 1996 -

146 2012 434 2063 τῶντικνήμιον,
460 2018 536 2053 Vit.
561 2022 578 2052 1
601 2016 673 2053 Ciz.
693 2017 770 2052 τῶν
780 2015 991 2074 τικνήμων,
1016 2016 1093 2052 Vit.
1115 2021 1147 2052 2.
1169 2021 1190 2052 3
1217 2013 1252 2050 τ’
1273 2012 1538 2074 ἀνακείμενον,
1564 2017 1688 2053 altero

146 2064 231 2100 loco
256 2065 331 2100 τῶν
366 2078 403 2100 τι
432 2062 633 2111 κνήμενον.
668 2085 711 2090 —-
743 2061 841 2111 δήκῃ
874 2063 1005 2110 scripsi
1031 2062 1167 2121 (fflnk
1197 2064 1359 2110 requirit
1390 2061 1532 2110 δήκοι),
1565 2062 1687 2112 δάκνη

146 2112 355 2156 Hermann,
390 2111 592 2158 legebatur
622 2110 732 2159 δάκῃ.
786 2112 959 2148 Formam
995 2109 1098 2157 δήκω
1130 2111 1190 2148 Et.
1223 2112 1271 2147 M.
1310 2112 1604 2167 compluribus
1595 2102 1688 2149 loci's

145 2161 298 2196 auctore
323 2159 562 2205 potissimum
588 2159 802 2196 Herodiano
822 2159 1004 2214 agnoscit,
1030 2170 1099 2195 nec
1123 2159 1274 2195 videtur
1291 2159 1432 2195 ficticia.
1457 2170 1548 2205 esse,
1575 2160 1687 2206 siqui-

145 2208 231 2243 dem
269 2209 293 2243 δ
294 2207 437 2253 ηξύθυμ
440 2221 480 2248 ος
515 2206 590 2243 dici
628 2207 733 2243 solet.
789 2207 945 2252 Legitur
979 2205 1043 2242 hic
1083 2218 1206 2243 versus
1244 2206 1360 2243 etiam
1391 2217 1438 2253 ap
1484 2206 1605 2244 Tzetz.
1638 2208 1686 2243 ad

147 2255 175 2290 L
177 2255 331 2301 ycophr.
358 2258 429 2290 234
454 2255 532 2300 (ubi
558 2255 632 2291 Vit.
654 2259 675 2290 3
702 2256 725 2291 δ
727 2252 826 2301 ήκῃ),
851 2255 972 2290 Tzetz.
994 2254 1112 2300 Epist.
1139 2266 1174 2300 p.
1196 2258 1218 2290 3
1244 2254 1302 2290 ed.
1328 2254 1477 2291 Pressel
1501 2257 1579 2292 not.
1604 2255 1685 2302 (ubi

146 2299 275 2348 δάκοι)
302 2303 339 2338 et
364 2302 404 2338 in
431 2301 550 2339 Oram.
576 2303 644 2338 An.
673 2268 748 2339 Ox²²
765 2302 817 2337 III
846 2305 927 2346 358,
953 2305 998 2337 28
1025 2302 1104 2360 (ubi
1129 2299 1268 2348 δάκοι).

242 2350 302 2386 Fr.
336 2354 392 2387 50.
448 2350 668 2396 Harpocrat.
710 2354 795 2386 123·
834 2347 1020 2406 Μάλθη·
1059 2346 1079 2385 ὁ
1118 2348 1404 2397 μεμαλαγμὲνος
1442 2347 1611 2397 κηρός..
1639 2379 1646 2386 .
1676 2377 1684 2386 .

140 2394 376 2441 Ἱππῶναξ.
402 2394 591 2434 Ἔπειτα
622 2401 697 2434 κτλ.
730 2397 793 2433 ΑΒ
824 2394 987 2444 τρόπην,
1018 2398 1052 2432 Α
1076 2398 1216 2444 χρίσας.
1249 2418 1295 2425 --
1328 2397 1564 2434 Valckenaer
1589 2397 1684 2435 coni.

147 2445 1200 2551 usmeQrfmgngv·1—3‘Tzetz·LyCOPh·5⁷9:thc
1223 2491 1334 2528 καὶ“
1315 2505 1434 2550 ερπις
1447 2490 1467 2528 ὁ
1495 2490 1632 2534 οἶνος.

145 2537 309 2587 ἀλλαχοῦ
348 2539 390 2578 δὲ
429 2538 543 2576 πάλιν
582 2538 815 2586 (Ιππῶναξ)·
845 2537 888 2577 Ο
921 2537 959 2576 δ’
998 2537 1150 2576 αὐτίκ’
1187 2543 1261 2576 κτλ..
1297 2568 1304 2576 .
1333 2569 1341 2578 .
1370 2569 1377 2578 .
1413 2537 1685 2585 ὀφέλλοντα.

146 2589 309 2624 Eosdem
342 2599 470 2625 versus
508 2588 637 2624 addito
675 2591 809 2633 quarto
846 2587 962 2624 iterat
999 2588 1047 2623 ad
1085 2600 1118 2624 v.
1147 2591 1250 2624 1165.
1301 2587 1346 2624 V.
1374 2592 1394 2623 2
1428 2587 1539 2624 affert
1570 2588 1685 2624 etiam

147 2637 261 2673 schol.
288 2637 473 2695 Lycophr.
500 2640 569 2672 579
595 2647 713 2693 nuper
738 2634 876 2672 editus.
904 2634 1012 2693 ἕρπιν
1039 2633 1078 2671 οἰ
1100 2634 1297 2681 Αἰγύπτιοι
1321 2633 1391 2671 τὸν
1416 2633 1521 2671 οἶνον
1547 2637 1685 2672 καλοῦ-

146 2696 216 2731 σιν,
237 2681 287 2725 ὡς
305 2684 372 2720 καὶ
400 2683 593 2727 Ιππῶναξ·
620 2696 717 2719 οπου
737 2680 804 2719 τὸν
831 2681 959 2719 οἶνον
985 2679 1005 2718 ὁ
1033 2687 1215 2723 σκοῖτος
1234 2680 1454 2729 καπηλεύει,
1472 2694 1681 2730 perperam.

147 2752 192 2758 —
217 2732 261 2768 V.
291 2736 321 2767 1.
347 2736 493 2778 τριοῖσι,
521 2731 653 2768 eadem
678 2731 800 2767 forma
824 2732 1016 2776 comparet
1041 2730 1080 2766 in
1104 2730 1227 2766 titulis
1252 2730 1468 2777 Delphicis,
1499 2742 1586 2766 nam
1612 2731 1686 2767 Do-

147 2779 324 2816 riensium
351 2779 487 2826 stirpes
513 2778 724 2825 complures
750 2777 935 2814 eiusmodi
959 2777 1098 2814 formas
1131 2778 1453 2824 frequentant—
1480 2777 1685 2824 μάρτυρσιν

147 2826 382 2863 scribendum
402 2828 552 2863 auctore
571 2826 814 2871 Buttmanno,
839 2837 916 2862 non
941 2823 1156 2872 μάρτυσσιν,
1182 2825 1281 2871 quod
1308 2825 1506 2862 Welckero
1530 2826 1685 2872 placuit,

147 2875 264 2920 vulgo
290 2873 483 2932 μάρτυσιν.
533 2873 704 2921 Respicit
740 2874 813 2909 huc
844 2872 948 2909 Eust.
982 2874 1022 2911 Il.
1052 2877 1137 2916 114,
1169 2877 1215 2908 20
1245 2873 1433 2931 (Favorin.
1459 2876 1561 2919 429):
1592 2876 1686 2920 πλη-

147 2919 335 2958 θυντικὸν
362 2921 404 2958 δὲ
431 2920 617 2969 μάρτυρες
641 2919 744 2968 παρά
777 2933 814 2957 τε
848 2925 926 2962 τοῖς
950 2925 1129 2967 κωμικοῖς
1160 2921 1226 2957 καὶ
1245 2918 1482 2957 Ιππώνοικτι.
1511 2942 1554 2948 -—
1580 2921 1624 2958 V.
1651 2926 1684 2958 2.
