1890 3216
791 192 1057 231 HIPPONAX.
1609 190 1694 232 467

247 305 411 357 κνίζων
441 302 515 347 καὶ
548 306 739 360 φελίζων
769 301 851 347 τὸν
883 301 1157 360 δυσώνυμον
1188 299 1340 359 ἄρτον.
1630 311 1699 345 756

899 447 965 492 15.

254 531 393 590 Τέαρε
426 567 603 576 .....
637 528 781 576 δεύειε
812 528 895 587 τὴν
928 530 998 575 ἐπὶ
1031 529 1263 588 Σμύρνης·

250 609 322 650 ἴθι
354 602 430 649 διὰ
465 605 632 648 Λυδῶν
662 600 782 661 παρὰ
814 601 896 647 τὸν
925 600 1138 647 Ἀττάλεω
1169 601 1343 660 τύμβον

250 676 324 722 καὶ
357 679 477 734 σῆμα
510 674 666 733 Γύγεω
698 674 772 719 καὶ
803 674 1030 733 μεγάστρυ
1062 673 1229 732 στήλην

250 748 325 794 καὶ
356 745 551 806 μνῆματ’
588 745 701 800 ὦτος
732 745 941 804 μυτάλιδι
973 745 1224 803 πάλμυδος,

161 902 419 951 Μητροκώτης
442 903 669 949 interpretor
692 903 860 939 sacerdos
883 912 1038 947 maynae
1062 901 1203 946 matris,
1229 901 1301 937 nisi
1325 900 1437 937 malis
1463 898 1705 948 μητροκώτας

162 954 220 997 (ut
243 953 316 989 hoc
347 951 498 988 1101111118
529 951 742 1007 Erythraei
761 950 893 996 utpote
925 949 1046 985 dediti
1075 960 1238 1006 magnae
1270 950 1402 985 matris
1433 949 1610 995 religioni
1641 961 1705 986 no-

160 1001 323 1046 tentur)·
348 1000 396 1036 de
421 998 606 1035 similibus
641 994 854 1044 κωτὰρχης,
884 998 1007 1056 κοίης,
1039 995 1132 1043 κόης
1162 997 1236 1033 vid.
1263 997 1349 1033 Keil
1382 997 1704 1042 Onomatol.108,

162 1047 299 1094 quibus
323 1047 420 1084 adde
445 1043 626 1093 κοιακτήρ
659 1046 738 1082 sive
770 1043 953 1091 κοακτήρ,
985 1045 1051 1091 qui
1082 1045 1121 1081 in
1150 1044 1275 1081 titulis
1307 1045 1502 1082 Laconicis
1527 1046 1706 1091 (Annales

94 1093 97 1097 ’
161 1095 251 1134 Inst
277 1097 387 1132 Arch.
415 1094 586 1140 XXXIII)
617 1094 658 1130 111
688 1094 812 1130 indice
842 1095 1058 1139 Ταιναρίων
1082 1095 1306 1130 recensetur.
1335 1114 1378 1119 —
1404 1093 1449 1130 V.
1476 1098 1498 1129 3
1524 1093 1701 1138 expedire

161 1155 316 1190 nequeo.
361 1142 521 1179 Videtur
545 1143 682 1186 κνίζων
713 1141 988 1188 interpretandi
1012 1141 1138 1187 gratia
1162 1141 1405 1187 adscriptum,
1440 1140 1600 1178 fortasse
1634 1141 1707 1176 fuit

163 1191 230 1228 καὶ
254 1192 500 1250 δρυψελίζων.
552 1190 592 1227 Si
622 1190 738 1237 poeta
774 1190 890 1226 verba
924 1189 1014 1225 fecit
1052 1189 1098 1226 de
1138 1189 1286 1234 Attide,
1323 1201 1391 1236 pro
1426 1186 1543 1245 ἄρτον
1582 1188 1704 1245 possis

162 1236 311 1286 καρπόν
350 1239 545 1276 0011110818.
603 1238 732 1284 Longe
766 1237 878 1274 aliter
915 1237 1050 1273 Brink:
1092 1234 1269 1273 Τούτοισι
1293 1236 1441 1295 θηπέω
1477 1234 1565 1278 τοὺς
1599 1233 1706 1294 Ἐρυ-

162 1289 313 1346 θραίων
338 1289 496 1333 παῖδας,
529 1281 609 1328 Οὓς
634 1287 884 1332 μητροκοίτας
910 1283 1106 1326 Βούπαλος
1131 1281 1200 1320 σὺν
1223 1282 1351 1332 Ἀρήτῃ
1379 1286 1491 1331 Φησί,
1527 1282 1707 1330 φλυάζων

162 1333 230 1372 τὸν
256 1333 480 1381 δυσώνυμον
506 1338 645 1371 κοῖτον.
681 1334 745 1369 88(1
771 1332 993 1370 retractavit
1023 1333 1104 1390 ipse
1130 1333 1169 1368 in
1195 1333 1331 1370 Philol.
1358 1333 1412 1369 VI
1439 1337 1517 1369 730.
1569 1333 1705 1368 Postea

165 1382 457 1420 Schneidewinf
446 1394 487 1419 111
506 1382 642 1418 Ρ111101.
662 1382 732 1418 VII
752 1385 822 1418 554
841 1378 1010 1417 τούτοισι
1027 1378 1166 1426 θήπων
1192 1379 1281 1422 τοὺς
1297 1378 1537 1427 Ἐρυθραίων
1564 1381 1709 1421 παῖδας

165 1428 220 1477 φὴ
231 1431 361 1487 (quod
392 1431 662 1489 interpretatur
697 1431 807 1475 φησί,
839 1441 914 1475 qua
943 1429 1066 1465 forma
1097 1430 1295 1465 Anacreon
1327 1430 1427 1471 118118)
1461 1429 1709 1474 μητροκοίτας

165 1475 361 1520 Βούπαλος
387 1476 457 1515 σὺν
480 1475 625 1526 Ἆρήτῃ,
661 1479 826 1521 Κνίζων,
858 1474 1042 1522 καφάζων
1074 1474 1142 1512 τὸν
1168 1475 1400 1523 δυσωνύμων
1418 1473 1557 1522 ”.Αττην
1607 1477 1709 1521 quod

165 1526 428 1573 comprobavit
457 1526 574 1562 Brink
603 1527 654 1562 ib.
680 1526 750 1563 VII
778 1530 863 1571 711,
900 1525 974 1561 11181
1005 1525 1106 1571 quod
1142 1538 1176 1561 v.
1204 1529 1225 1560 3
1259 1525 1336 1582 legi
1369 1525 1531 1560 mavult.
1571 1524 1709 1567 κνίζων

162 1574 333 1633 Κυβηλὶν
360 1574 426 1611 καὶ
451 1571 685 1631 δυσωνύμων
705 1571 842 1619 Ἄττην.
869 1573 1050 1630 Hartung
1067 1571 1236 1629 denique
1256 1570 1431 1608 Τούτοισι
1455 1573 1595 1618 θηπῶν
1621 1569 1709 1612 τοὺς

162 1620 404 1668 Ἐρυθραίων
429 1623 584 1667 παῖδας,
610 1617 677 1663 οὓς
702 1622 950 1668 μητροκοίτας
975 1618 1173 1662 Βούπαλος
1198 1618 1267 1656 σὺν
1292 1617 1416 1668 ’Λρήτη
1444 1621 1581 1665 καίνει,
1607 1620 1708 1666 μελί-

170 1673 242 1715 ζων
268 1669 335 1707 τὸν
362 1651 586 1716 δυσώνυμον
612 1667 784 1716 Μάργον.

262 1743 319 1779 Fr.
355 1746 410 1780 15.
462 1743 588 1778 Tzetz.
622 1741 743 1779 Cram.
777 1742 848 1778 An.
881 1741 947 1777 Ox.
980 1740 1032 1776 ΙΙΙ
1067 1744 1250 1784 316,17:
1290 1741 1422 1786 Στίχοι
1453 1737 1711 1781 Ιππωνακτος

166 1823 434 1885 τρισυλλάβους
466 1823 617 1886 ἔχοντες
647 1823 738 1867 τοὺς
768 1823 1057 1884 παραλήγοντας
1088 1821 1227 1865 πόδας·
1256 1853 1264 1861 .
1286 1853 1293 1861 .
1316 1853 1323 1861 .
1350 1821 1479 1860 πᾶσαν
1506 1825 1553 1870 (A
1578 1826 1644 1871 ny)
1670 1837 1709 1860 τε

167 1871 346 1920 ἄρεδεύει
380 1875 427 1920 (A
458 1872 567 1932 τέαρε
602 1901 728 1911 .....
762 1871 902 1918 δεύειε)
938 1870 1007 1918 τὴν
1040 1870 1103 1909 ἐπὶ
1133 1869 1312 1919 Σμύρνης
1343 1875 1419 1908 κτλ.
1476 1873 1549 1908 Pro
1581 1873 1710 1908 πᾶσαν

168 1922 408 1959 scribendum
427 1920 552 1966 πάλιν,
578 1924 622 1958 ut
645 1921 802 1958 Tzetzae
823 1922 885 1963 sit,
905 1921 1152 1977 similiterque
1173 1920 1344 1956 Meineke
1364 1920 1535 1966 correxit,
1558 1920 1710 1956 Schnei-

167 1970 289 2007 dewin
314 1970 516 2016 scripserat
539 1970 667 2006 πᾶσαν
693 1965 730 2005 δ’
760 1966 883 2015 ἑταῖρ’
912 1965 1023 2005 ὅδευε
1050 1972 1126 2005 κτλ.
1176 1967 1380 2004 Restitutio
1405 1979 1533 2004 versus
1558 1979 1711 2014 prorsus

170 2019 330 2062 incerta,
361 2018 517 2054 fortasse
548 2018 760 2054 obsoletum
792 2017 944 2062 aliquod
978 2017 1203 2053 vocabulum
1237 2014 1439 2060 delitescit,
1473 2015 1519 2051 cf.
1545 2016 1709 2073 Hesych:

172 2069 356 2124 Τεωρεῖς
384 2064 588 2111 δραπέται,
614 2066 838 2111 κακοῦργοι,
864 2066 1011 2122 λῃσταί,
1044 2066 1083 2100 et
1110 2062 1275 2109 Τέωρος·
1309 2061 1550 2109 συκοφάντης
1574 2061 1711 2099 καὶτὰ

144 2126 295 2160 ,ομοια.
323 2134 367 2139 —-
394 2114 438 2150 V.
466 2117 498 2149 2.
526 2111 602 2158 διὰ,
629 2113 663 2147 Α
682 2114 759 2149 δια.
780 2133 824 2138 -
841 2109 1029 2157 Ἀτταλεω,
1056 2110 1317 2147 Schneidewin
1342 2122 1418 2146 non
1443 2114 1544 2147 recte
1566 2108 1712 2147 Ἀλυάτ-

169 2174 259 2207 tem,
290 2160 365 2196 vid.
399 2160 521 2196 Nicol.
554 2161 726 2197 Damaso.
759 2161 801 2196 fr.
830 2165 886 2196 6.3
914 2181 958 2186 -
984 2159 1029 2196 V
1057 2163 1089 2196 3.
1117 2156 1267 2215 Γύγεω,
1299 2159 1332 2194 A
1356 2156 1492 2204 γήγεω.
1543 2159 1714 2217 Respicit

171 2209 296 2245 Schol.
322 2208 479 2245 Nicand.
506 2209 616 2244 Ther.
645 2212 730 2244 6331
760 2205 886 2266 Γύγου
920 2206 963 2243 δὲ
991 2207 1092 2253 σῆμα
1118 2207 1186 2242 τοῦ
1213 2187 1299 2243 ἐκεῖ
1320 2205 1627 2262 βασιλεύσαντος,
1660 2220 1711 2248 ως

172 2269 288 2302 φησιν
313 2253 502 2300 Ιππῶναξ
535 2253 576 2292 ἐν
608 2256 664 2304 τῷ
697 2253 855 2304 πρώτῳ
887 2255 973 2291 τῶν
1005 2255 1178 2295 Λυδίας
1213 2251 1408 2301 ἰάμβων,
1440 2255 1506 2290 ubi
1538 2254 1711 2291 Meineke

170 2305 314 2345 Λυδίας
347 2303 467 2349 delet,
499 2302 639 2350 quippe
671 2304 772 2348 quod
804 2293 854 2339 sit
885 2302 1115 2348 adscriptum
1151 2302 1199 2338 ad
1238 2299 1325 2338 ἐκεῖ
1356 2303 1630 2348 explicandum.
1666 2323 1710 2329 —

170 2349 372 2399 μεγάστρυ,
398 2352 569 2398 Hartung
587 2352 807 2397 Μεγιστίου,
829 2350 1090 2386 Schneidewin
1109 2346 1368 2396 Μεγαστρυος,
1388 2350 1556 2386 mulieris
1576 2362 1712 2387 nomen

171 2411 252 2436 8888
278 2402 392 2443 ratus,
418 2399 519 2445 quod
543 2410 681 2435 nomen
705 2410 891 2444 nusquam
915 2398 1067 2444 legitur,
1093 2409 1162 2434 nec
1186 2397 1261 2434 huc
1286 2397 1418 2434 referri
1442 2399 1569 2444 potest
1594 2398 1711 2434 Athe-

103 2456 107 2461 ’
170 2447 257 2484 naci
281 2447 385 2484 100118
410 2446 498 2484 XIII
523 2450 592 2482 573
619 2446 670 2491 A,
703 2458 815 2491 quem
845 2447 911 2482 ille
943 2445 1189 2505 comparavit.
1239 2445 1425 2491 Equidem
1459 2446 1627 2491 suspicor
1658 2446 1711 2482 le-

199 2496 336 2532 endum
370 2506 451 2531 esse
483 2494 549 2530 καὶ
585 2492 875 2540 Σεσώστριος
921 2491 1075 2540 στήλην,
1114 2493 1218 2529 0111118
1262 2492 1363 2551 regis
1399 2495 1643 2529 monumenta
1673 2493 1713 2529 111

171 2508 220 2589 ξ]
221 2543 278 2579 ria
309 2545 348 2579 et
378 2543 482 2578 Ionia.
506 2544 692 2578 memorat
716 2542 853 2578 Herod.
879 2541 913 2577 II
941 2546 1008 2578 106
1033 2541 1091 2598 (τῆ
1117 2554 1156 2577 τε
1185 2538 1228 2577 ἐκ
1258 2541 1325 2587 τῆς
1353 2537 1528 2596 Ἐφεσίης
1561 2538 1600 2582 ἐς
1633 2539 1711 2576 Φώ-

171 2603 287 2627 καιαν
313 2589 488 2637 ἔρχονται
513 2589 577 2626 καὶ
596 2590 639 2635 τῆ
663 2587 705 2626 ἐκ
724 2590 903 2635 Σαρδίων
924 2586 964 2630 ἐς
989 2578 1184 2644 Σμυρνην)
1213 2590 1251 2624 81,
1282 2591 1435 2635 propter
1460 2589 1578 2632 viam,
1617 2600 1712 2644 qua3e

174 2638 354 2675 Sardibus
381 2639 577 2684 Smyrnam
603 2626 718 2682 ducit,
745 2637 860 2674 etiam
885 2648 983 2672 nunc
1008 2636 1143 2673 visitur
1168 2636 1472 2682 antiquissimum
1498 2648 1584 2672 saxo
1618 2636 1712 2672 inci-

173 2698 255 2722 sum
280 2688 582 2731 monumentum,
615 2685 660 2720 cf.
688 2666 882 2721 A'rchaeol.
910 2684 1001 2721 Zeit.
1031 2688 1122 2720 1843
1147 2696 1182 2729 p.
1211 2687 1256 2719 33
1282 2694 1358 2729 seq.
1409 2683 1593 2719 Aristides
1619 2692 1622 2696 ’
1620 2696 1711 2730 quo·

172 2745 245 2779 que
271 2745 323 2771 or.
352 2739 395 2770 16
423 2734 506 2771 Vol.
539 2734 554 2768 I
587 2737 655 2769 397
688 2729 946 2778 Σεσώστριδος
978 2730 1113 2777 στήλας
1145 2733 1430 2775 commemorat,
1465 2732 1636 2767 oculatus
1671 2733 1714 2767 ut

172 2781 321 2818 videtur
345 2782 467 2827 testis,
492 2793 566 2817 11011
586 2780 770 2816 Herodoti
796 2779 1061 2816 auctoritatem
1088 2780 1246 2815 secutus.
1269 2800 1313 2805 -
1334 2778 1378 2814 V.
1400 2783 1433 2814 4.
1454 2779 1519 2814 καὶ
1572 2776 1711 2825 νῆματ’

174 2825 278 2874 ὦτος,
304 2830 334 2864 Β
360 2829 425 2865 καὶ
451 2827 578 2888 μνῆμα
605 2825 640 2864 τ’
652 2825 797 2868 ·Ὦτος.
849 2827 1109 2863 Schneidewin
1135 2826 1230 2863 coni
1257 2826 1322 2862 καὶ
1354 2825 1482 2884 μνῆμά
1515 2840 1534 2862 τ
1586 2828 1712 2873 (debe-

174 2877 243 2913 bat
267 2874 448 2923 μνήματ’)
467 2874 594 2918 ’Ἆτυος
618 2877 818 2932 Μυρσίλεω
853 2875 1030 2933 (debebat
1054 2876 1263 2933 Μυρσίλον)
1295 2887 1335 2910 τε
1368 2876 1573 2930 παλμυδος.
1622 2874 1713 2911 For-

175 2925 275 2960 tasse
312 2925 571 2971 corrigendum
616 2924 680 2960 καὶ
721 2919 914 2969 μνήματ’
953 2919 1103 2963 ’Ἄτυος
1142 2919 1380 2958 Ἀτταλυδα
1423 2919 1498 2957 πάλ
1501 2923 1634 2968 μυδ,ος
1671 2925 1715 2959 ut

178 2971 352 3008 iubeatur
389 2972 558 3018 quisquis
590 2974 647 3008 est
677 2972 808 3007 urbem
838 2970 939 3017 regis
970 2971 1157 3016 Lydorum
1187 2972 1470 3007 monumentum
1509 2969 1630 3014 adire,
1667 2970 1713 3006 cf.

1354 3030 1428 3066 30*
