1890 3216
913 760 968 804 ΙΙ.
1003 730 1006 733 .
1643 771 1711 804 '134

446 855 889 906 SIMONIDES
927 853 1424 906 AMORGINUS.

289 988 503 1028 Simonidis
538 987 746 1038 Amoryini
795 987 1025 1027 lamborum
1075 987 1178 1027 liber
1223 988 1419 1028 secundus
1462 1001 1525 1038 ap.
1563 988 1711 1028 Athen.

168 1054 210 1093 II
231 1056 285 1096 57
303 1055 340 1094 D
372 1049 439 1108 (fr.
464 1049 538 1108 11)
572 1056 614 1094 et
639 1067 701 1105 ap.
727 1067 898 1105 gramm.
924 1054 1049 1093 Bekk.
1082 1049 1149 1107 (fr.
1179 1049 1254 1108 33)
1286 1056 1552 1102 memoratur,
1584 1067 1711 1105 neque

117 1147 121 1160 .
168 1121 305 1172 plures
336 1121 432 1160 libri
463 1120 652 1161 videntur
683 1120 825 1160 fuisse:
867 1133 961 1159 narn
992 1120 1095 1159 liber
1126 1120 1200 1168 XI,
1235 1133 1353 1171 quem
1385 1120 1482 1160 dieit
1512 1121 1711 1161 Eusebius

168 1181 235 1241 (fr.
265 1182 322 1240 6),
356 1200 404 1226 ex
430 1199 565 1227 errore
596 1187 856 1227 librariorum
887 1186 1091 1237 profectus
1118 1187 1197 1225 est:
1231 1187 1337 1237 quod
1363 1186 1505 1226 suidas
1533 1187 1711 1227 exhibet:

166 1251 399 1305 Σιμωνίδης
426 1285 434 1293 .
461 1282 468 1291 .
498 1284 506 1292 .
539 1248 834 1307 ἰαμβογρᾶφος·
866 1250 1039 1306 ἔγραψεν
1072 1251 1244 1307 ἐλεγείαν
1277 1248 1444 1306 (Eudoc.
1470 1248 1636 1306 ἐλεγεῖα)
1669 1251 1712 1293 ἐν

166 1318 335 1371 βιβλίοις
366 1314 417 1371 β’,
448 1314 639 1372 ἰάμβους,
678 1318 964 1370 corrigendum
994 1331 1155 1359 censeo:
1194 1317 1369 1372 ἔγραψεν
1399 1316 1565 1372 ἐλεγεῖα,
1604 1315 1711 1371 ἰάμ-

167 1384 284 1436 βους
314 1383 364 1424 ἐν
394 1384 605 1438 βιβλίοις
631 1380 678 1437 β’.
725 1384 899 1424 Eosdem
926 1380 1186 1424 libros'haud
1212 1384 1331 1423 dubie
1357 1397 1498 1424 rursus
1519 1385 1710 1424 Simonidi

168 1451 280 1501 epico
317 1453 461 1501 poetae
492 1451 654 1491 tribuit:
692 1446 764 1502 τὴν
797 1450 852 1498 εἰς
883 1445 1040 1491 Αὐλίδα
1072 1446 1246 1491 σύνοδον
1277 1451 1356 1489 τῶν
1382 1445 1571 1502 Ἀχαιῶν,
1612 1465 1711 1503 τρι-

168 1514 351 1569 μέτρων
381 1516 546 1569 βιβλία
575 1513 627 1569 β’,
658 1514 747 1569 περὶ
767 1511 1000 1568 Ἰφιγενείας
1025 1511 1073 1556 α’.
1123 1516 1313 1555 Fortasse
1339 1515 1561 1555 Simonides
1588 1516 1712 1556 etiam

172 1583 407 1624 choliambis
439 1582 623 1623 versibus
655 1583 736 1622 iam
767 1584 860 1622 ante
893 1582 1186 1632 Hipponactem
1219 1594 1315 1620 usus
1348 1583 1427 1630 est,
1469 1594 1711 1632 quamquam

168 1649 347 1700 vestigia.
377 1649 498 1688 huius
528 1649 687 1688 numeri
717 1649 890 1698 ineerta,
921 1647 1000 1688 vid.
1033 1648 1081 1686 fr.
1109 1648 1133 1687 8
1163 1650 1204 1687 et
1233 1649 1298 1686 18.
1350 1648 1581 1697 Eleyiarum
1611 1647 1711 1686 nihil

169 1715 392 1764 servatum,
426 1714 497 1754 sed
528 1714 636 1753 haud
668 1714 749 1754 seio
782 1726 835 1753 an
866 1725 1044 1763 carmen,
1077 1713 1182 1764 quod
1206 1714 1358 1764 legitur
1384 1726 1447 1764 ap.
1473 1713 1583 1752 Stob.
1604 1712 1710 1752 Flor.

169 1773 449 1820 XCV111'29:
500 1775 632 1819 Οὐδὲν
664 1777 707 1819 ἐν
738 1774 991 1831 ἀνθρώποισι
1023 1777 1129 1831 μένει
1159 1775 1277 1832 χρῆμ’
1313 1777 1483 1831 ἔμπεδον
1515 1777 1591 1818 αἰεὶ
1621 1781 1714 1829 κτλ.,

169 1845 354 1897 quodque
386 1844 580 1886 Simonidi
613 1844 692 1885 Ceo
724 1845 846 1896 vulgo
878 1845 1066 1885 tribuunt
1098 1840 1163 1899 (fr.
1192 1842 1286 1897 85),
1322 1844 1456 1895 potius
1489 1844 1711 1895 Amorgino

166 1914 310 1964 poetae
349 1912 403 1952 sit
439 1910 744 1951 vindicandum:
781 1923 876 1950 nam
907 1912 941 1950 si
973 1911 1068 1962 quid
1107 1910 1217 1950 aliud
1256 1911 1422 1961 antiqua.
1453 1909 1712 1960 simplicitate

168 1980 231 2018 est
268 1977 444 2028 insigne,
483 1989 586 2028 quae
617 1990 642 2016 a
672 1977 790 2028 lyrici
822 1979 1098 2016 consummata
1135 1979 1223 2016 arte
1264 1976 1467 2016 abhorret.
1529 1976 1710 2027 Denique

168 2043 292 2083 etiam
318 2056 494 2092 carmen,
529 2043 633 2094 quod
659 2038 913 2096 ἅρχαιολογία
937 2044 1015 2082 τῶν
1034 2041 1200 2093 Σαμίων
1225 2041 1303 2079 fuit
1328 2041 1585 2091 inscriptum,
1604 2041 1707 2091 quod

169 2109 313 2149 Suidas
345 2110 450 2148 male
483 2109 534 2148 ad
566 2108 773 2148 Simmiam
804 2103 1032 2158 transtulit,
1064 2107 1227 2147 videtur
1258 2107 1483 2157 elegiacum
1514 2107 1649 2147 fuisse.

288 2174 551 2214 Memorabile
589 2176 668 2223 est,
707 2173 813 2224 quod
849 2174 892 2212 in
929 2174 993 2212 Et.
1025 2173 1078 2213 M.
1113 2174 1210 2223 713,
1247 2175 1298 2212 17
1338 2175 1503 2212 auctore
1536 2171 1709 2212 Choero-

168 2240 289 2280 bosco
321 2240 516 2292 traditur,
547 2240 830 2290 iambographi
860 2252 1006 2279 nomen
1035 2251 1108 2289 per
1138 2240 1164 2290 ἧ
1197 2251 1277 2278 non
1306 2251 1380 2289 per
1411 2249 1425 2277 ῑ
1457 2238 1711 2278 scribendum

169 2318 274 2345 esse:
312 2305 543 2358 Σιμωνίδης
574 2303 638 2346 ἐπὶ
670 2302 742 2357 μὲν
772 2307 843 2345 τοῦ
875 2304 1115 2357 ἰαμβοποιοῦ
1147 2300 1214 2343 διὰ
1243 2305 1315 2344 τοῦ
1346 2305 1372 2356 ἢ
1403 2300 1614 2358 γράφεται,
1645 2303 1711 2344 καὶ

168 2371 263 2420 ἴσως
299 2367 407 2423 παρὰ
437 2367 480 2411 τὸ
512 2373 618 2423 σῆμα
658 2369 779 2410 ἐστίν·
821 2365 863 2410 τὸ
896 2367 940 2410 δὲ
971 2367 1034 2409 ἐπὶ
1065 2372 1135 2410 τοῦ
1172 2371 1335 2422 λυρικοῦ
1373 2365 1440 2409 διὰ
1470 2372 1540 2410 τοῦ
1571 2381 1604 2421 ῖ,
1646 2368 1712 2410 καὶ

169 2437 263 2486 ἴσως
293 2433 401 2489 παρὰ
431 2432 474 2476 τὸ
507 2432 620 2488 σιμός
651 2434 740 2476 ἔστι.
791 2431 1074 2488 Χοιροβοσκός.
1121 2432 1188 2489 (ef.
1214 2436 1318 2475 Bibl.
1340 2435 1500 2476 Coislin.
1523 2437 1608 2476 597
1642 2436 1712 2475 ubi

94 2507 98 2512 ”
169 2506 309 2543 eontra
346 2502 594 2554 praecipitur
624 2496 907 2553 iambographi
937 2514 1083 2541 nomen
1113 2515 1186 2552 per
1218 2512 1249 2551 ῖ,
1291 2502 1424 2541 melici
1455 2514 1528 2552 per
1558 2503 1585 2553 ἦ
1619 2502 1713 2541 seri-

169 2568 344 2608 bendum
377 2564 495 2622 esse.)
547 2567 595 2607 In
628 2567 895 2608 Choerobosci
927 2567 1089 2619 quidem
1121 2565 1438 2617 orthographia,
1470 2579 1590 2617 quam
1617 2566 1711 2606 Cra-

169 2647 305 2674 merus
337 2635 378 2674 in
410 2635 485 2674 An.
520 2633 590 2674 Ox.
624 2635 715 2673 Vol.
746 2634 789 2673 Π
821 2634 964 2686 edidit,
1001 2631 1103 2671 nihil
1140 2632 1189 2670 de
1227 2632 1301 2671 hoc
1339 2632 1568 2671 discrimine
1600 2646 1711 2683 prae-

170 2701 334 2752 cipitu13
362 2700 433 2740 sed
458 2700 771 2751 deprehenditur
796 2700 896 2739 haee
921 2698 1122 2748 scriptura
1147 2697 1190 2736 in
1211 2697 1300 2738 Vol.
1320 2698 1534 2738 Herculan.
1558 2699 1710 2738 collect.

170 2765 239 2805 alt.
266 2765 324 2804 IV
350 2766 456 2805 201:
489 2758 574 2805 ἀλλ’
610 2763 650 2814 ἐξ
682 2761 775 2805 ὅτου
807 2760 876 2805 τὸν
901 2760 1127 2816 Ἀρχίλοχον
1158 2758 1358 2814 ἐθαύμαζε
1390 2758 1434 2815 (ἡ
1455 2758 1613 2818 Ἑλλὰς)
1646 2762 1712 2803 καὶ

169 2826 239 2871 τὸν
250 2825 500 2870 Ἱππώνακτα
530 2829 597 2870 καὶ
626 2826 696 2871 τὸν
715 2830 961 2882 Σημωνίδην
985 2826 1051 2868 καὶ
1076 2830 1155 2867 τῶν
1179 2823 1273 2880 παρ’
1297 2823 1453 2881 Ὁμήρῳ
1479 2827 1546 2868 καὶ
1565 2824 1711 2881 Εὖρει-

170 2894 276 2935 πίδει
306 2893 374 2934 καὶ
403 2899 485 2944 τοῖς
515 2892 648 2944 ἄλλοις
673 2896 855 2948 ποιηταῖς
880 2894 966 2936 ἔνια
991 2896 1182 2946 πονηροῖς
1206 2890 1434 2946 προσώποις
1465 2894 1712 2947 περικείμενα

170 2957 238 2999 καὶ
273 2958 363 3013 περὶ
399 2963 590 3014 πονηρῶν
626 2958 865 3015 πραγμάτων
902 2959 1167 3015 γεγραμμένα,
1208 2957 1275 3000 καὶ
1310 2957 1494 3014 κατεγέλα
1531 2964 1711 3014 χρηστοῖς
