1890 3216
865 183 1066 221 CRATES.
1653 182 1739 225 369

938 318 1002 360 13.
1672 326 1739 358 671

256 412 387 457 ’Ἑλκε
420 411 562 464 ποδὸς
593 410 789 469 τεταγὼν
823 410 897 455 διὰ
931 414 1075 468 βηλοῦ
1105 415 1380 456 θεσπεσίοιο.

939 546 1005 589 14.
1674 556 1744 588 672

703 644 903 698 Στείχεις
935 638 991 698 δὴ
1024 644 1127 698 φίλε
1157 640 1335 698 κυρτών

268 716 440 769 βαίνεις
471 713 508 756 τ’
544 715 607 764 εἰς
639 711 772 756 ἀΐδαο
807 711 976 769 δόμους
1007 710 1259 770 κυφὸςδιὰ
1293 714 1444 769 γῆρας.

415 874 473 916 Ευ
500 876 623 924 εἰδώς,
649 893 707 915 οτι
733 876 877 925 θνητὸς
906 877 1013 936 ἔφυς,
1040 878 1109 916 σὸν
1133 878 1263 925 θυμὸν
1285 876 1393 938 ἄεξε,

413 925 671 985 τερπόμενος
670 924 847 984 μύθοισι·
875 925 1057 985 φαγόντι
1065 941 1123 964 τοι
1149 926 1255 969 οὔτις
1282 924 1427 973 ὄνησις·
1640 963 1643 969 ,

413 977 478 1012 καὶ
503 989 575 1034 γαρ
604 973 676 1032 ἐγώ
703 972 821 1033 κ,ακός
847 974 924 1021 εἰμι
951 973 1086 1036 φαγών
1114 973 1163 1017 ὡς
1187 979 1345 1012 πλεῖστα
1371 976 1436 1011 καὶ
1461 972 1612 1031 ἡσθείςἱ

412 1020 522 1059 ταῦτ’
535 1023 624 1081 ἔχω
652 1019 733 1059 ὅσσ’
763 1022 913 1083 ἔμαθον
939 1023 1004 1059 καὶ
1031 1021 1239 1083 ἐφρόντισα
1265 1023 1330 1059 καὶ
1357 1020 1450 1069 μετὰ
1478 1021 1621 1059 τούτων

413 1067 546 1119 τέρπν’
576 1070 744 1108 ε’·παθον
771 1069 817 1107 τὰ
846 1069 889 1107 δε
916 1070 1028 1107 λοιπὰ
1056 1071 1121 1107 καὶ
1146 1069 1244 1118 ἡδέα
1269 1069 1397 1107 πάντα
1423 1070 1625 1107 λέλειπται.

198 1144 432 1191 apparetque
459 1143 710 1190 Chrysippum
737 1143 851 1179 simul
876 1143 1037 1180 Cratetis
1064 1144 1228 1180 carmine
1254 1157 1361 1180 usum
1387 1154 1486 1188 esse,
1513 1154 1744 1189 quamquam

197 1193 314 1239 negat
337 1192 410 1228 hoc
435 1191 626 1239 Hartung,
661 1191 725 1237 qui
753 1191 956 1239 Chrysippi
986 1204 1115 1229 versus
1140 1203 1163 1227 a
1189 1191 1351 1229 Cratetis
1382 1191 1552 1227 versibus
1584 1203 1658 1227 non
1692 1191 1746 1226 di-

200 1251 329 1276 versos
364 1251 446 1276 esse
482 1241 619 1276 censet.
671 1238 797 1276 Etiam
835 1240 1020 1277 Bucheler
1054 1241 1149 1276 Mus.
1190 1241 1308 1277 Rhen.
1335 1240 1441 1276 XXX
1467 1244 1511 1275 53
1547 1251 1622 1284 seq.
1651 1240 1749 1275 hanc

199 1287 394 1334 parodiam
421 1287 563 1324 Crateti
588 1287 802 1332 abiudicab,
830 1289 935 1324 cuius
961 1291 1091 1325 auctor
1119 1288 1351 1335 Chrysippus
1377 1287 1427 1324 sit
1451 1287 1663 1331 h23ibendus
1691 1300 1748 1323 su-

200 1336 368 1382 spicatur
393 1335 492 1371 enim
519 1335 765 1382 interpretem
792 1335 897 1371 tituli
924 1336 1211 1394 Sardanapallei
1242 1337 1279 1372 in
1315 1349 1422 1372 suum
1458 1348 1566 1371 usum
1594 1346 1747 1371 conver-

199 1383 288 1419 ssisse
322 1383 604 1419 hemistichium
635 1384 901 1420 Theocriteum
933 1384 1022 1420 XVI
1047 1389 1092 1420 42
1119 1382 1166 1420 τὰ
1193 1382 1310 1421 πολλὰ
1344 1385 1410 1420 καὶ
1436 1381 1546 1430 ὄλβια
1571 1384 1667 1429 τῆνα
1693 1386 1747 1419 λι-

198 1429 350 1475 πόντες,
383 1432 589 1478 adespoton
614 1431 731 1486 igibur
761 1432 857 1467 illud
889 1433 1123 1478 poemassion,
1156 1433 1256 1478 quod
1288 1431 1507 1479 philosophi
1539 1432 1749 1475 deriserint,

201 1479 403 1516 Theocrito
430 1491 509 1515 esse
535 1478 814 1524 recentius3a1:
838 1480 914 1516 iam
940 1480 1165 1517 Aristoteles
1190 1482 1402 1527 usurpavit,
1436 1480 1480 1516 cf.
1508 1479 1675 1526 Bernays
1703 1460 1749 1515 de⁷

201 1527 354 1563 Aristot.
375 1526 597 1573 Dia1.p.84
618 1529 656 1564 el:
677 1532 756 1571 160,
773 1529 812 1563 et
830 1528 999 1564 Phoenix
1023 1528 1279 1575 Colophonius
1304 1528 1598 1574 iambographus
1625 1539 1751 1563 aemu-

202 1575 302 1611 latus
328 1576 396 1611 est.
448 1575 577 1611 Crates
603 1577 747 1611 autem
756 1575 858 1611 haud
883 1576 996 1612 dubie
1022 1577 1212 1623 integrum
1240 1588 1408 1622 carmen,
1434 1577 1537 1621 quod
1563 1575 1749 1611 Sardana-

201 1623 296 1668 palli
321 1625 562 1660 monumento
587 1622 812 1670 inscriptum
837 1635 918 1660 esse
943 1624 1386 1682 ferebatu1‚inverterab,
1413 1635 1457 1659 ac
1482 1624 1597 1659 fortas
1583 1635 1640 1659 sse
1662 1623 1748 1658 Cra-

200 1671 291 1707 tetis
316 1673 374 1706 est
398 1682 537 1717 versus,
563 1672 627 1717 qui
654 1673 759 1708 extat
785 1683 845 1717 ap
863 1672 1114 1729 Chrysippum
1135 1686 1172 1708 π.
1195 1669 1459 1718 αντιφατικῶν
1480 1683 1510 1709 c.
1533 1676 1572 1707 3:
1600 1671 1636 1707 εἰ
1660 1669 1747 1717 ἄλη-

201 1719 284 1760 θῶς
307 1732 363 1760 τις
387 1720 463 1754 τῶν
495 1719 663 1763 ποιητῶν
699 1715 818 1760 οὕτως
850 1716 1090 1765 ἀπεφαίνετο
1124 1722 1226 1765 (nam
1260 1720 1450 1756 Cratetem
1483 1732 1506 1756 a
1539 1719 1749 1766 Chrysippo

202 1769 354 1814 poetam
380 1767 590 1813 nuncupari
614 1779 690 1804 non
714 1767 935 1804 incredibile
961 1770 1051 1814 est):

358 1843 362 1845 “
418 1835 477 1875 Ου
504 1852 569 1885 μοι
593 1836 922 1885 Σαρδανάπαλλος
947 1836 1102 1886 ἀρέσκει
1129 1838 1200 1885 τὴν
1227 1838 1417 1876 διανοιαν.

202 1910 331 1947 Crates
357 1910 515 1947 fortasse
541 1911 657 1947 etiam
682 1912 766 1957 illa,
802 1922 898 1958 quae
924 1912 1119 1948 Choerilus
1161 1913 1240 1959 ipse
1275 1912 1441 1957 addidit,
1477 1912 1646 1948 imit-,atus
1681 1914 1749 1956 est,

202 1957 402 2004 potuitque
428 1958 572 1996 dicere.

409 2026 501 2066 ’Ἠὸε
524 2027 629 2087 σοφὴ
658 2027 810 2090 βιότοιο
828 2033 1050 2077 παραίνεσις
1075 2029 1357 2090 ἀνθρώποισιν·

418 2075 619 2124 κεκτήσθω
645 2075 732 2114 δ’ὁ
759 2077 887 2115 θέλων
913 2080 1050 2125 σοφίης
1074 2077 1141 2115 τὸν
1165 2076 1355 2126 ἀπείρονα
1380 2081 1555 2116 πλοῦτον.

203 2149 303 2185 unde
328 2149 447 2195 possis
472 2149 688 2196 varietates,
715 2161 810 2196 quae
837 2150 938 2196 apud
966 2151 1191 2187 St1abonem
1217 2152 1303 2188 XIV
1330 2155 1399 2188 672
1426 2153 1465 2187 eb
1485 2151 1608 2187 Schol.
1631 2151 1749 2187 Arist.

205 2197 393 2233 Av.1021
420 2197 667 2244 reperiuntur,
694 2198 892 2244 explicare.

300 2269 359 2305 Fr.
388 2273 443 2304 13.
495 2268 604 2315 Diog.
630 2270 673 2306 L.
699 2269 752 2304 VI
778 2273 841 2306 90·
871 2267 912 2305 ἐν
940 2268 1086 2328 Θήβαις
1111 2268 1186 2306 ὑπὸ
1213 2272 1280 2307 τοῦ
1307 2284 1592 2331 γυμνασιαρχου
1619 2284 1749 2327 μαστι

204 2318 357 2363 wast-sle,
385 2315 424 2353 οἷ
446 2316 488 2353 δὲ
517 2314 559 2353 ἐν
585 2318 767 2375 Κορίνθῳ
793 2314 868 2353 ὑπὸ
897 2315 1188 2363 Εὗθυκρατους,
1215 2319 1281 2355 καὶ
1307 2316 1530 2376 ελκόμενος
1538 2320 1606 2355 τοῦ
1631 2317 1750 2360 ποδὸς

207 2362 386 2411 ἐπέλεγεν
411 2361 690 2410 αφροντιστῶν
708 2362 818 2401 Ἕλκε
845 2369 921 2404 κτλ.
950 2386 992 2391 -
1021 2366 1109 2403 Cod.
1136 2367 1247 2404 Vind.
1277 2366 1366 2404 ελκα
1393 2368 1433 2403 et
1457 2363 1534 2403 α’πό
1564 2369 1596 2415 β.

300 2435 358 2474 Fr.
393 2440 448 2473 14.
500 2435 608 2482 Diog.
636 2437 676 2472 L.
697 2437 749 2472 VI
768 2441 831 2472 92.
859 2435 1250 2496 Συναισθανόμενος,
1265 2452 1323 2474 οτι
1350 2436 1604 2495 αποθνήσκει,
1632 2436 1748 2486 ἐπῇδε

150 2497 154 2502 ·
203 2481 298 2543 πρὸς
325 2481 464 2520 ἑαυτὸν
489 2483 629 2540 λέγων
662 2486 834 2530 Στείχεις
864 2487 938 2520 κτλ.
966 2479 1014 2530 ἦν
1046 2483 1118 2532 γὰρ
1152 2484 1276 2531 κυφὸς
1309 2484 1386 2522 ὑπὸ
1415 2483 1564 2532 χρόνου.
1591 2508 1636 2512 —-
1663 2500 1748 2531 κυρ-

204 2530 279 2566 τών
305 2532 470 2577 Hfibner‚
496 2544 530 2567 v
558 2529 715 2577 κύρτων,
744 2532 949 2568 Schneider
974 2535 1132 2579 κυρτῶν.
1154 2555 1198 2560 -
1219 2533 1262 2570 V.
1284 2538 1317 2571 2.
1345 2532 1380 2569 τ’
1408 2536 1489 2570 vett]
1527 2535 1612 2569 edd.
1640 2533 1749 2569 omit-

204 2580 300 2615 tunt.
331 2601 373 2605 -—
401 2576 523 2624 κυφὸς
555 2579 815 2625 Casaubonus,
847 2581 1044 2627 legebatur
1076 2580 1198 2627 κυφὸς
1230 2578 1350 2628 ω’ρην,
1382 2582 1557 2627 Hartung
1589 2582 1751 2617 coniecit

205 2625 351 2672 κυφῶν.
401 2626 475 2663 Sed
501 2626 564 2662 vix
589 2629 688 2664 recte
715 2628 807 2664 haec
832 2628 871 2663 in
898 2629 1137 2666 hexametros
1162 2629 1350 2676 redigunt,
1377 2629 1554 2666 coniicio:

685 2700 782 2735 Στεί
778 2712 855 2745 χεις
880 2696 928 2757 δὴ
956 2702 1042 2758 φίλε
1067 2699 1232 2748 κυρτών,

686 2748 840 2804 βαίνεις
854 2743 891 2782 τ’
921 2744 974 2789 §lc
998 2745 1113 2785 αΐὸαο

686 2791 932 2841 κυφαύχην
957 2793 1023 2832 διὰ
1047 2797 1178 2842 γῆρας.

206 2865 310 2901 Idem
348 2867 511 2901 metrum
547 2867 681 2912 postea
714 2866 875 2923 agnovit»
910 2867 1081 2904 Meineke
1120 2868 1229 2911 (Phil.
1259 2868 1326 2902 XII
1359 2869 1462 2924 368),
1496 2868 1562 2913 qui
1600 2868 1749 2925 scrip-sil]

208 2915 370 2968 Σητεῖχε
405 2911 452 2959 δὴ
485 2914 570 2958 φίλε
602 2911 766 2960 κυρτών·
790 2915 968 2959 ΙΒαίνεις
999 2914 1053 2956 εἰς
1083 2912 1205 2951 Ἀίδαο
1229 2916 1234 2962 Ι
1258 2912 1416 2960 Κυφός
1448 2912 1563 2961 ὁρᾶν
1595 2913 1659 2951 διὰ
1686 2917 1750 2962 γῆ-

209 2961 287 3007 ρᾶς.
316 2963 356 2997 at
380 2961 512 2997 tertius
538 2973 666 2997 versus
692 2974 715 2997 a
740 2961 911 3007 legitimo
937 2975 1092 3000 numero
1117 2963 1268 2999 recedit

281 3027 410 3053 Powrn.
431 3028 508 3053 Lvn.
540 3027 582 3053 11.
1416 3026 1462 3058 24
