1890 3216
196 195 283 236 372
728 194 921 230 ΡΟΕἹἈΕ
947 195 1183 231 ELEGIACI.

264 301 407 358 πάσης
439 302 488 345 δὲ
520 302 681 358 χέρσου
711 301 784 344 καὶ
816 300 1008 357 πόλισμα
1040 301 1112 344 καὶ
1145 301 1282 358 δόμος

266 373 439 429 ἕτοιμος
470 370 578 428 ἡμῖν
612 373 921 415 ἐνδιαιτᾶσθαι
953 372 1081 430 πάρα.

313 555 499 604 Suspicor
532 554 696 593 Cratetis
727 567 812 593 esse
851 555 971 593 etiam
1003 559 1082 597 alia
1111 558 1320 605 nonnulla,
1357 569 1459 607 quae
1495 556 1602 607 apud
1633 555 1718 595 Sto-

194 626 335 663 baeum
372 624 550 663 Charetsis
586 625 744 663 nomine
781 626 988 675 leguntur,
1025 623 1198 674 primum
1229 622 1344 660 XVII
1377 623 1419 672 3,
1457 622 1505 661 cf.
1536 622 1718 677 Apostolf

194 690 229 726 V
263 691 347 728 ‘260
379 692 420 728 et
452 689 619 739 Gregor.
651 690 746 729 Naz.
779 690 827 729 de
860 691 951 729 virt.
985 690 1028 727 Τ.
1060 689 1100 727 II
1134 689 1218 727 213
1251 687 1310 726 ed.
1337 686 1431 737 Col„
1463 687 1531 736 qui
1561 700 1598 726 v.
1627 689 1647 725 1
1677 687 1719 724 et

195 756 218 791 2
252 754 476 803 descripsit:

477 845 650 901 Γαστρὸς
682 847 725 888 δὲ
755 852 875 901 πειρῶ
906 851 1039 888 πᾶσαν
1071 840 1189 900 ἡνίαν
1219 850 1388 900 κρατεῖν·

478 910 579 965 μόνη
610 910 684 967 γὰρ
718 907 773 954 ὧν
803 913 1007 954 πέπονθεν
1039 910 1112 954 οὐκ
1143 912 1218 965 ἔχει
1249 910 1381 965 χάριν,

477 975 538 1018 ἀεὶ
569 977 612 1018 δὲ
642 982 711 1019 τοῦ
744 978 900 1027 δέοντος
932 979 1098 1019 ἕνδεῖται
1129 977 1259 1019 πλέον.

477 1041 580 1092 ὅστις
612 1043 655 1084 δὲ
686 1041 850 1098 γαστρὸς
881 1041 933 1097 μὴ
965 1048 1120 1097 κρατεῖν
1151 1043 1365 1094 ἐπίσταται,

478 1102 592 1169 οὗτος
621 1106 667 1149 τὰ
698 1110 816 1150 πλείω
848 1113 925 1149 τῶν
955 1112 1088 1149 κακῶν
1119 1108 1194 1161 ἔχει
1224 1105 1337 1148 κακά.

193 1217 311 1255 porro
343 1205 515 1243 XXXIII
534 1207 560 1243 4
595 1202 772 1256 (Maxim.
794 1205 903 1245 Conf.
924 1205 964 1243 II
985 1207 1082 1245 597.
1121 1204 1301 1254 Apostol.
1321 1203 1358 1241 V
1379 1205 1432 1242 53
1442 1199 1502 1256 a):

475 1301 513 1337 Γ
510 1295 661 1351 λώσσης
693 1296 854 1351 μάλιστα
885 1301 1084 1351 πανταχοῦ
1115 1301 1235 1350 πειρῶ
1265 1302 1436 1351 κρατεῖν·

476 1359 498 1403 ὃ
529 1363 595 1404 καὶ
626 1363 777 1416 γέροντι
807 1363 872 1404 καὶ
904 1362 979 1420 νέῳ
1012 1360 1126 1416 τιμὴν
1158 1362 1285 1416 φέρει,

478 1424 503 1480 ἡ
536 1431 690 1481 γλῶσσα
722 1425 836 1482 σιγὴν
866 1430 1024 1482 καιρίαν
1054 1428 1279 1481 κεκτημένη.

190 1524 361 1574 denique
392 1524 605 1562 XXXVIII
637 1527 681 1564 3:

404 1615 480 1669 Μὴ
514 1615 662 1669 φθόνει
692 1622 773 1667 τοῖς
805 1615 1055 1671 εὐτυχοῦσιν,
1088 1615 1140 1671 μὴ
1173 1619 1294 1672 δοκῇς
1325 1614 1425 1658 εἶναι
1455 1614 1586 1666 κακός.

190 1714 295 1752 Illud
327 1727 422 1753 vero
455 1714 702 1765 epigramma
732 1714 773 1752 in
794 1715 917 1754 Anth.
937 1714 1021 1753 Pal.
1040 1715 1097 1753 IX
1118 1716 1222 1762 359,
1254 1714 1317 1752 eui
1336 1715 1551 1764 respondet
1569 1714 1715 1752 Metro-

191 1780 278 1817 dori
310 1780 558 1830 epigramma
587 1780 630 1817 in
648 1780 770 1818 Anth.
789 1780 874 1819 Pal.
894 1781 952 1818 IX
974 1781 1058 1819 360
1092 1775 1157 1831 (cf.
1179 1778 1309 1818 Oram.
1329 1779 1404 1818 An.
1425 1780 1514 1818 Par.
1533 1779 1591 1817 IV
1612 1774 1717 1832 366)

190 1844 391 1883 Planudes
423 1845 583 1895 quidem
615 1845 760 1883 tribuit
799 1844 961 1894 Crateti,
1000 1845 1069 1885 sed
1106 1844 1190 1884 cod.
1227 1844 1310 1884 Pal.
1354 1843 1649 1894 Ποσειδίππου,
1680 1844 1722 1883 οῖ

191 1906 233 1948 δὲ
264 1906 480 1957 Πλάτωνος
511 1912 581 1949 τοῦ
605 1912 793 1960 κωμικοῦ.
843 1911 995 1960 legitur
1021 1911 1141 1949 etiam
1168 1909 1274 1959 apud
1294 1908 1403 1948 stob.
1423 1909 1528 1948 Flor.
1546 1908 1716 1948 XCVIII

192 1976 266 2026 57,
299 1976 368 2014 ubi
399 1975 497 2013 item
529 1975 623 2013 olim
650 1974 803 2014 Crateti
834 1975 1105 2024 tribuebatur,
1138 1974 1207 2013 sed
1231 1975 1269 2012 A
1295 1974 1425 2012 Trinc.
1451 1973 1717 2014 Ποσιδίππου.

190 2061 245 2066 ——
279 2040 466 2079 Fortasse
498 2040 642 2090 aliquis
675 2040 875 2079 existimet
907 2039 1072 2079 Cratetis
1103 2051 1190 2078 esse
1227 2051 1385 2087 versus,
1423 2039 1491 2089 qui
1526 2039 1718 2089 leguntur

189 2106 294 2155 apud
333 2106 442 2145 Stob.
474 2106 580 2145 Flor.
617 2105 745 2144 XCVI
780 2107 832 2144 13
872 2100 1166 2156 Κράντωνος
1203 2100 1382 2156 (Maxim.
1415 2103 1526 2143 Conf.
1557 2104 1598 2142 II
1630 2105 1712 2143 571

188 2166 441 2222 Κράτωνος)’

477 2249 562 2292 Οὐκ
593 2251 671 2292 ἔστι
701 2252 838 2300 πενίας
869 2247 989 2292 οὐδὲν
1020 2248 1261 2303 ἀθλιώτερον

474 2316 516 2357 ἐν
547 2319 599 2374 τῷ
630 2318 705 2372 βίῳ
737 2313 968 2369 σύμπτωμα·
1000 2316 1066 2356 καὶ
1096 2313 1171 2371 γὰρ
1202 2313 1254 2356 ἂν
1285 2313 1402 2368 φύσει

473 2383 690 2430 σπουδαῖος
720 2376 786 2436 ᾗς,
817 2380 939 2434 πένης
970 2380 1031 2432 δέ,
1062 2381 1280 2435 καταγέλως
1309 2381 1389 2436 ἔσῃ.

191 2478 263 2516 sed
282 2478 443 2517 videtur
462 2479 676 2529 legendum
696 2478 963 2530 Κρίτωνος,
989 2479 1057 2528 qui
1080 2491 1206 2517 novae
1231 2478 1456 2517 comoediae
1480 2477 1560 2515 fuit
1583 2480 1712 2527 poeta..

308 2544 399 2582 Non
430 2544 563 2583 omnia
593 2545 691 2583 haec
724 2544 863 2583 Crates
894 2544 1042 2583 litteris
1073 2543 1324 2583 mandavisse
1355 2543 1525 2594 videtur,
1557 2543 1627 2582 sed
1656 2543 1796 2583 in-675

190 2611 283 2647 sunt
315 2609 480 2648 dicteria
511 2610 644 2648 subito
675 2610 782 2659 fusa,
813 2622 886 2648 nec
916 2612 1051 2648 tamen
1081 2609 1179 2648 satis
1205 2601 1312 2647 certo
1337 2608 1483 2658 ubique
1511 2609 1609 2646 haec
1634 2609 1721 2647 duo>

189 2687 336 2724 genera
367 2672 590 2714 discernere
621 2675 725 2714 lieet.
769 2674 1038 2724 Reperiuntur
1068 2675 1147 2713 alia
1171 2674 1512 2724 apophthegmata
1537 2673 1713 2713 Cratetis

188 2734 375 2785 (collecta
406 2740 455 2778 ab
489 2739 638 2779 Orellio
671 2739 742 2790 Op.
775 2739 883 2779 Sent.
914 2739 934 2777 Ι
968 2741 1049 2778 132
1078 2734 1225 2792 s‘eqq.),
1262 2752 1311 2777 ex
1340 2739 1484 2789 quibus
1516 2739 1621 2789 quod
1651 2741 1714 2778 est

189 2817 250 2854 ap.
283 2805 393 2844 Stob.
433 2805 528 2843 XIV
563 2792 634 2844 1'6:
673 2801 830 2856 Κράτης
865 2801 957 2852 τοὺς
993 2800 1162 2852 κόλακάς
1199 2814 1297 2855 φησι
1337 2814 1712 2856 συγκατανευσι-

188 2866 376 2921 φάγους
406 2870 499 2910 fort.
530 2870 580 2908 ad
613 2871 752 2918 eleyias
780 2870 967 2920 pertinet.
1023 2868 1196 2907 Cratetis
1222 2869 1431 2907 dicterium
1463 2870 1574 2907 extat
1597 2881 1711 2919 prae-

188 2938 299 2974 terea
330 2948 392 2985 ap.
430 2936 545 2985 Diog.
578 2935 636 2974 VI
671 2937 742 2974 93:
780 2933 846 2974 καὶ
881 2933 1081 2987 θυγατέρα
1118 2932 1280 2982 ἐξέδωκε
1317 2933 1460 2981 κείνοις
1498 2930 1712 2986 (μαθηταῖς
