1890 3216
840 156 1103 194 HIPPONAX.
1659 156 1747 200 477

289 264 530 323 μέδιμνον,
562 262 622 318 ῶς
654 262 712 309 ἂν
744 262 951 323 ἀλφίτων
982 265 1236 324 ποιήσωμαι

289 339 513 395 κυκεῶνα,
545 339 691 383 πίνων
723 336 964 396 φάρμακον
995 341 1226 396 πονηρίης.

824 472 848 495 *
880 472 949 515 44.
985 472 1120 526 [113]

264 551 516 612 ·Ἀνόλβιος
547 552 739 612 πλάνητι
770 557 1060 613 προσπταίων
1090 553 1234 616 κώλῳ.

863 700 933 744 45.
968 701 1073 754 [28]
1676 713 1744 746 '165

704 782 795 827 Καὶ
828 782 1027 840 Μύσων,
1062 780 1117 828 ὃν
1149 781 1367 828 ὦπόλλων

287 855 469 900 ἀνεῖπεν
502 853 686 912 ἀνδρῶν
720 855 1097 914 σωφρονέστατον
1128 854 1324 901 πάντων.

860 1001 932 1044 46.
967 1001 1072 1055 [30]

286 1083 378 1128 Καὶ
409 1081 516 1136 τοὺς
548 1084 805 1139 σολοίκους,
838 1079 897 1140 ἢν
929 1082 1124 1141 λάβωσι,
1156 1085 1396 1142 περνᾶσιν,

288 1154 471 1213 Φρύγας
502 1154 585 1212 μὲν
617 1156 661 1208 ἐς
693 1157 902 1212 Μίλητον
936 1152 1301 1212 ἀλφιτεύσοντας.

197 1306 275 1347 Α“
253 1325 302 1357 ην
328 1307 391 1358 μὴ,
417 1311 447 1346 Β
474 1306 498 1356 ἣ
527 1308 589 1357 μὴ,
616 1310 766 1347 Barocc.
792 1306 840 1356 ἤν
867 1324 941 1357 μοι.
970 1332 1014 1338 -
1040 1311 1085 1366 V.
1111 1316 1144 1348 3.
1171 1308 1342 1356 ἀλφίτων
1369 1312 1511 1359 scripsi,
1543 1313 1743 1360 legebatur

194 1356 366 1405 ἄλφιτον.
388 1380 435 1386 -
454 1359 498 1395 V.
520 1363 552 1394 4.
579 1360 713 1404 πίνων,
732 1358 905 1395 Meineke
925 1363 1049 1404 πῖνον,
1069 1359 1093 1396 i.
1114 1370 1146 1396 e.
1167 1361 1344 1406 κρίθινον
1364 1358 1483 1419 οἶνον,
1507 1361 1583 1398 vid.
1597 1362 1741 1400 ⁴.Athen

194 1407 229 1442 Χ
252 1407 390 1454 447Α,
423 1407 524 1453 quod
555 1408 602 1443 ab
633 1408 706 1443 hoc
736 1407 819 1443 loco
852 1407 1016 1443 alienum
1041 1407 1200 1444 videtur.
1254 1408 1426 1445 Schmidt
1450 1405 1626 1445 «ἐπαίνων
1651 1411 1676 1446 i.
1709 1421 1741 1449 e.

195 1451 388 1500 ἄφαίνων.
438 1454 563 1491 Possis
595 1455 720 1491 locum
753 1455 940 1517 explicare
974 1453 1023 1497 ὡς
1055 1469 1104 1491 αν
1135 1467 1392 1502 ποιησαμενος
1423 1458 1600 1494 κυκεῶνα
1630 1459 1740 1503 πίνω,

195 1503 262 1539 sed
285 1503 412 1550 potius
439 1514 523 1539 cum
540 1502 732 1539 Ahrensio
758 1504 913 1539 πίνειν
941 1504 1189 1549 scribendum,
1216 1503 1260 1540 cf.
1276 1505 1386 1540 Hom.
1401 1505 1527 1551 hymn.
1554 1506 1594 1541 in
1619 1506 1741 1544 Cerer.

195 1555 276 1595 209,
302 1563 391 1587 nam
416 1551 568 1587 κυκεῶ
593 1553 678 1587 πίω
705 1554 769 1596 τε,
796 1552 895 1597 quod
922 1547 1081 1588 fortasse
1107 1552 1189 1610 quis
1213 1553 1439 1612 praeoptem!
1456 1553 1615 1589 nimium
1640 1565 1742 1591 rece-

194 1598 252 1635 dit
270 1609 294 1634 a
317 1598 462 1635 tradita
467 1598 674 1657 scriptura.
715 1579 814 1635 Olim
834 1599 977 1636 conieci
996 1596 1161 1636 κυκεῶν’
1166 1599 1358 1647 ,ἄπῆμον
1384 1598 1589 1658 φάρμακον
1615 1614 1653 1640 π.
1680 1603 1743 1639 vel

193 1645 356 1692 ἄλφιτον
387 1644 603 1693 ποιήσωμαι
634 1647 758 1684 κυκεῶ
790 1645 975 1683 παλύνων
1000 1648 1024 1684 i.
1051 1659 1082 1685 e.
1119 1629 1281 1694 ἄλφιτον
1314 1647 1494 1684 παλύνων
1525 1647 1741 1697 ποιήσωμαι

194 1695 336 1739 κυκεῶ,
369 1695 436 1731 sed
467 1694 560 1731 haec
594 1695 795 1732 verborum
819 1695 995 1732 traiectio
1026 1696 1074 1732 ab
1106 1696 1354 1743 Hipponactis
1386 1709 1455 1734 usu
1480 1697 1667 1734 abhorret.
1695 1719 1741 1725 —

192 1744 375 1789 πονηρίης
399 1743 545 1779 Ahrens
572 1745 610 1779 et
635 1743 772 1791 Miller,
797 1744 995 1790 legebatur
1017 1745 1224 1792 πονηρίοις,
1250 1744 1425 1792 Hartung
1448 1746 1562 1781 τοιῶν
1588 1743 1741 1793 φάρμα-

193 1804 263 1828 κον
287 1791 633 1876 {ng-vnffifssvmoffius
665 1843 753 1876 273·
798 1838 970 1886 „Duplex
1009 1839 1158 1876 clodum
1193 1840 1489 1887 Hipponactium
1527 1841 1741 1879 trimetrum

193 1887 446 1924 acatalectum
470 1887 513 1922 fit
537 1887 621 1923 hoc
634 1887 760 1932 modo,
787 1899 871 1923 cum
896 1886 1002 1924 tertii
1026 1888 1133 1946 pedis
1160 1891 1322 1934 quatuor
1346 1889 1515 1936 syllabae
1548 1891 1635 1926 sunt
1659 1890 1740 1927 lon-

192 1946 274 1981 gae,
307 1937 351 1971 ιι1,
382 1937 441 1971 est
472 1935 686 1981 exemplum
718 1915 1039 1980 1ιοοε.ἇναβιῶσα
1071 1932 1212 1982 ἄδμῆτι
1237 1939 1338 1973 κτλ.“
1364 1903 1421 1972 yA
1446 1939 1546 1984 apud
1571 1937 1739 1975 Keilium

192 1964 1148 2030 ΑΝἈΒΙΟΟΠΔΛΝΗΤΙΡΡΟΟΠΤΛΙΩΝΚΩΑΩ,
1168 1985 1197 2020 Β
1222 1985 1742 2022 ANABIOCITAAHNTIP

193 2029 637 2075 ΡΟΟΠΙΔΙΟΝΚῼΛῼ,
651 2031 749 2066 unde
769 2027 988 2085 ανόλβιος
1013 2013 1209 2078 πλάνητι
1228 2033 1388 2078 restitui,
1402 2034 1474 2069 hoc
1489 2034 1583 2069 nulli
1597 2035 1738 2070 calum-

191 2077 277 2114 niae
303 2077 522 2123 obnoxium,
549 2078 841 2124 ΑΝ(Ο)ΛΒΙΟ()1
862 2078 1064 2124 incertum,
1095 2091 1182 2116 nam
1209 2080 1284 2116 alia
1310 2091 1458 2127 quoque
1483 2082 1624 2118 tentari
1649 2094 1733 2128 pos-

193 2126 289 2161 sunt.
341 2125 517 2172 Suspicor
547 2127 674 2163 autem
706 2127 804 2162 hunc
836 2138 985 2163 versum
1017 2128 1270 2185 copulandum
1301 2139 1382 2164 csse
1417 2140 1500 2165 cum
1525 2129 1584 2166 Fr.
1615 2133 1677 2175 13,
1706 2135 1736 2175 1,

192 2174 268 2210 vid.
294 2185 417 2228 supra.
446 2195 490 2200 —
517 2174 640 2210 Antea
673 2174 907 2210 conieceram
938 2171 1140 2218 ἀναξίως
1171 2171 1313 2230 αδμῆτιἱ
1343 2178 1586 2221 προσπταίων
1617 2158 1737 2227 κώλῳ,

192 2223 235 2257 ut
259 2221 306 2257 de
336 2221 415 2267 imp
418 2221 520 2258 edito
554 2224 593 2258 et
622 2221 828 2258 vacillante
859 2234 1035 2258 versuum
1072 2223 1266 2259 clodorum
1303 2224 1449 2260 incessu
1478 2226 1610 2271 poeta
1619 2215 1735 2262 verba

191 2269 341 2315 fecerit,
367 2270 428 2305 vel
453 2269 584 2306 etiam:
614 2266 811 2311 ἀνάνιος
841 2284 892 2312 ως
917 2268 1057 2326 ἄδμῇτι
1080 2284 1119 2307 π.
1146 2285 1178 2307 κ.
1213 2273 1257 2307 ut
1280 2272 1473 2319 Ananias,
1506 2273 1571 2318 qui
1595 2273 1671 2320 Hip
1673 2285 1738 2320 p-o

191 2317 313 2353 nactis
345 2317 447 2353 haud
478 2318 590 2354 dubie
621 2317 693 2353 fuit
727 2318 914 2364 aequalis,
951 2319 1054 2364 prior
1091 2319 1323 2356 choliambos
1353 2301 1580 2358 adhibuerit.
1637 2286 1737 2358 Ipllpud

192 2365 448 2409 memorabile,
473 2365 575 2411 quod
600 2365 717 2401 tradit
742 2365 906 2402 Gramm.
931 2366 1029 2404 ined.
1057 2379 1116 2414 ap.
1142 2367 1344 2405 Hermann.
1381 2367 1509 2405 Doctr.
1530 2369 1737 2415 Metr.142‚

192 2412 381 2450 Ananiam
405 2393 532 2471 fuisse,
559 2413 624 2459 qui
649 2414 686 2449 in
713 2413 846 2458 quinta
870 2415 958 2451 sede
984 2415 1192 2474 spondepm
1215 2415 1420 2452 admiserit.
1455 2416 1628 2453 Meineke
1654 2428 1736 2453 sua-

193 2461 242 2497 sit
262 2457 466 2519 Ἀναξίβιος
491 2457 642 2507 ακμῆτι,
663 2461 791 2496 'Brink
823 2459 899 2498 ανὰ
925 2475 996 2509 μεν
1023 2461 1135 2510 ἐ’βωσ’
1169 2459 1205 2500 ἆ.
1238 2477 1276 2501 π.
1309 2461 1439 2513 πωλςο,
1471 2465 1645 2511 Hartung
1668 2461 1736 2502 ἆν-

194 2507 318 2558 έβωσα
346 2537 354 2545 .
382 2537 390 2545 .
416 2506 505 2555 αὸμ.
531 2522 568 2546 π.
595 2506 712 2556 κωλῳ.

288 2557 348 2592 Fr.
374 2561 431 2593 45.
483 2557 639 2614 Dio.gen
666 2545 789 2595 saaert.
817 2558 833 2593 Ι
861 2562 946 2595 107:
981 2557 1185 2605 Μέμνηται
1210 2557 1252 2594 δε
1280 2556 1399 2595 αὐτοῦ
1428 2557 1644 2606 (Μύσωνος)
1669 2561 1735 2597 καὶ

187 2602 415 2660 Ιππῶναξ
443 2603 577 2640 εἰπων·
611 2605 700 2640 Καὶ
732 2602 901 2641 Μυσων
933 2610 1008 2644 κτλ,
1042 2627 1086 2632 —-—
1120 2607 1162 2642 V.
1192 2611 1223 2642 1.
1249 2604 1440 2651 ῶπόλλων,
1475 2608 1581 2645 codd.
1608 2608 1671 2646 Ar.
1697 2611 1736 2646 et
1783 2630 1787 2634 -

192 2653 291 2689 Mon.
326 2646 519 2698 ῶπολλων,
550 2653 664 2699 vulgo
696 2650 882 2690 ἀπόλλων.
916 2675 958 2680 -—
999 2655 1043 2691 V.
1069 2658 1102 2690 2.
1135 2651 1305 2700 ἀνεῖπεν,
1343 2656 1459 2691 Brink
1488 2653 1654 2693 ἀνεῖλεν.
1689 2677 1733 2684 -

193 2701 308 2736 Brink
334 2681 562 2746 (Ph1101.’VI
587 2705 671 2747 223)
702 2701 933 2747 Hipponacti
963 2702 1032 2738 hos
1064 2713 1194 2739 versus
1220 2703 1413 2740 abiudicat
1437 2705 1478 2740 et
1502 2703 1735 2741 Callimacho

191 2747 340 2793 tribuit,
365 2749 573 2785 rationibus
598 2761 687 2784 usus
712 2760 861 2795 prorsus
885 2749 1053 2787 infirmis.

287 2795 346 2833 Fr.
372 2800 430 2833 46.
474 2796 673 2834 Herodian.
701 2797 747 2832 de
772 2796 1010 2834 Barbarismo
1037 2799 1075 2834 et
1100 2797 1243 2835 Soloec.
1270 2810 1328 2844 ap.
1356 2799 1536 2836 Valcken.
1563 2801 1734 2839 Ammon.

194 2847 262 2880 193
294 2844 454 2890 (Villois.
482 2845 552 2880 An.
585 2844 618 2880 II
654 2845 753 2890 177).
791 2846 999 2887 Σολοίκους
1030 2845 1072 2882 δὲ
1107 2844 1236 2892 ἔλεγον
1270 2845 1309 2883 οἷ
1336 2847 1491 2883 παλαιοὶ
1523 2861 1611 2889 τους
1646 2850 1735 2898 βαρ-

194 2889 349 2950 βάρους·
378 2920 386 2927 .
481 2890 726 2936 Ἱππῶναξ·
752 2892 842 2928 Καὶ
867 2896 942 2930 κτλ.
970 2914 1014 2920 -—-
1041 2894 1085 2930 V.
1114 2899 1130 2928 1
1160 2894 1269 2930 affert
1293 2895 1396 2932 Eust.
1423 2895 1465 2931 11.
1492 2899 1575 2942 368,
1603 2901 1620 2932 1
1655 2897 1735 2942 (ubi

193 2936 245 2976 ιν’
275 2937 454 2976 ἐθέλουσι
479 2940 673 2986 scriptum,
701 2941 800 2976 unde
823 2940 874 2977 M.
895 2937 1113 2978 Schmidt
1090 2955 1144 2987 ην
1172 2941 1305 2979 ἕλωσι
1330 2943 1440 2990 coni.)
1468 2945 1508 2980 et
1531 2946 1668 2981 auctor
1688 2945 1736 2983 de
