1890 3216
183 169 269 212 508
798 149 1149 208 IAMBOGRAPHI.

681 284 1223 330 ΕΠΙΓΡΑΜΜΑΤΔ.
1652 293 1720 326 ’193

935 368 975 428 2.
1004 429 1006 433 ,

261 463 414 509 ςΗλθέν
445 485 512 522 μοι
542 468 640 524 μέγα
671 473 804 524 πῆμα,
836 470 956 526 μέγας
986 468 1172 525 πόλεμος,
1205 470 1302 526 μέγα
1333 488 1400 525 μοι
1430 474 1530 525 πῦρ,

325 531 486 583 Ἰλισσὸς
516 532 669 589 πλήρης
699 538 778 577 τῶν
808 535 848 586 ές
879 530 989 591 ἔρωτ’
1025 536 1162 589 ἐτέων,

269 593 369 639 αὐτοὶ
399 596 446 639 τὰ
477 593 598 653 καίρι’
634 600 735 654 ἔχων
766 600 994 650 ἑκκαίδεκα,
1025 602 1093 643 καὶ
1124 618 1216 656 μετα
1248 596 1399 644 τούτων

327 662 459 714 πάσας
483 664 550 706 καὶ
580 663 721 719 μικρὰς
751 666 818 707 καὶ
849 665 1018 722 μεγάλας
1049 665 1227 722 χάριτας,

269 729 335 770 καὶ
365 727 465 783 πρὸς
495 725 750 786 ἀναγνῶναι,
783 730 928 787 φωνὴν
959 733 1056 787 μέλι,
1088 733 1155 775 καὶ
1184 729 1228 774 τὸ
1259 736 1424 786 φιλῆσαι

328 797 470 849 χείλεα,
502 796 569 838 καὶ
599 794 642 838 τὸ
674 799 810 852 λαβεῖν
841 799 974 851 ἔνδον,
1010 796 1314 878 ἆμεμπτότατον.

267 864 334 902 καὶ
363 863 402 902 τί
429 859 571 912 παθω;
604 863 728 915 φασὶν
759 861 834 918 γὰρ
869 861 968 918 ὁρᾶν
999 863 1143 918 μόνον·
1175 859 1239 918 ἦρ’
1274 859 1520 927 ἆγρυπνήσῳ

297 924 483 981 πολλακι,
513 932 559 984 τῇ
591 932 705 985 κενεῇ
737 927 913 984 Κύπριδι
945 934 1207 985 χειρομαχῶν;

927 1048 965 1092 3.

266 1126 414 1185 Ὀρθὸν
445 1135 521 1172 νῦν
553 1132 715 1186 ἕστηκας
746 1128 981 1187 ἀνώνυμον,
1014 1131 1109 1176 οὐδὲ
1140 1136 1331 1191 μαραίνῃ,

329 1196 524 1238 ἕντέτασαι
558 1195 594 1238 δ’
632 1195 684 1248 ὥς
715 1195 766 1239 ἂν
797 1197 946 1252 μήποτε
976 1197 1241 1253 παυσόμενον.

269 1257 355 1304 ἀλλ’
391 1261 453 1304 ’ὅτε
485 1280 551 1317 μοι
582 1262 813 1318 Νεμεσηνὸς
844 1263 938 1307 ὅλον
969 1264 1202 1319 παρέκλινεν
1233 1263 1375 1307 ἑαυτὸν

328 1326 457 1370 πάντα
489 1327 628 1379 διδοὺς
659 1327 685 1371 ἃ
716 1329 843 1383 θέλω,
875 1328 1016 1384 νεκρὸν
1049 1326 1307 1385 ἇπεκρέμασο.

270 1396 392 1437 τείνεο
424 1395 490 1436 καὶ
522 1393 670 1450 ῥήσσου
702 1396 769 1437 καὶ
801 1394 965 1450 δάκρυε,
997 1394 1125 1438 πάντα
1157 1399 1344 1450 ματαίως·

329 1456 402 1515 οὐχ
435 1461 533 1511 ἕξεις
564 1462 673 1504 ἔλεον
703 1459 831 1517 χειρὸς
862 1456 940 1515 ἀφ’
975 1459 1171 1517 ἡμετέρης.

179 1588 276 1624 dixit
300 1586 368 1635 τὴν
394 1586 511 1635 λύρην
538 1587 743 1636 ἁρμόζεται
770 1588 889 1636 Ζηνὸς
915 1587 1066 1636 εὐειδὴς
1080 1587 1273 1627 Ἀπόλλων.
1314 1587 1495 1627 Ἀπόλλων
1514 1592 1642 1628 autem
1661 1591 1720 1629 est

179 1636 412 1742 Ξῖἴῇήξὲῗῖ
431 1637 611 1743 ,ῗὲίωῗέξ
624 1639 707 1732 72⁰¹„
711 1638 971 1732 Gssssssassfssi
996 1637 1338 1745 ᾗᾝῗῖἶῖἓνδῗ.
1350 1635 1721 1732 {3523532225325

180 1744 298 1777 φασιν
315 1729 497 1774 Ἰππασός
521 1746 559 1769 τε
589 1730 608 1769 ὁ
629 1736 919 1775 Μεταποντῖνος
938 1730 1037 1770 ual‘
1022 1747 1042 1769 ο
1060 1730 1233 1792 Ἐφέσιος
1247 1731 1494 1780 Ἡρακλειτος.
1529 1736 1567 1771 et
1586 1733 1720 1771 deinde

179 1778 290 1816 τοῦτό
318 1794 376 1816 τοι
402 1781 467 1816 καὶ
493 1779 532 1816 οἵ
554 1777 654 1827 αμφ’
683 1778 926 1827 Ηρακλειτον
957 1779 1000 1817 τὸ
1031 1783 1107 1828 πῦρ
1141 1779 1190 1824 ὡς
1215 1780 1428 1841 ἀρχέγονον
1454 1781 1629 1831 σέβοντες
1653 1795 1719 1818 πε-

179 1825 390 1863 πόνθασιν;
425 1828 512 1864 hinc
544 1829 681 1875 Apollo
714 1830 776 1865 hic
807 1829 947 1865 dicitur
976 1830 1104 1865 πᾶσαν
1130 1827 1252 1876 ἀρχὴν
1284 1830 1349 1865 καὶ
1374 1828 1478 1871 τέλος
1502 1831 1720 1876 συλλαβεῖνς

179 1875 226 1911 de
253 1875 338 1911 Sole
365 1877 491 1912 autem
511 1876 730 1922 diligentius
749 1877 981 1913 Heraclitum
1003 1877 1136 1913 ceteris
1164 1878 1347 1924 neglectis
1365 1877 1592 1922 quaesivisse
1610 1877 1719 1914 testis

180 1925 237 1959 est
261 1923 496 1960 Aristoteles,
549 1923 722 1959 Ceterum
754 1925 799 1961 de
833 1924 1002 1970 Scythini
1033 1926 1159 1961 aetate
1191 1937 1417 1971 quamquam
1452 1937 1527 1961 non
1558 1927 1718 1969 constat,

180 1971 280 2007 certe
307 1982 380 2006 non
406 1971 455 2007 ad
473 1971 810 2008 Alexandrinorum
835 1973 1007 2018 tempora
1027 1974 1084 2008 est
1101 1973 1341 2017 reiiciendus3
1367 1973 1439 2008 fuit
1457 1973 1614 2009 fortasse
1633 1972 1719 2008 Pla-

179 2018 279 2054 tonis
305 2019 483 2064 aequalis,
510 2031 584 2064 quo
609 2020 779 2065 tempore
804 2019 987 2056 Heracliti
1012 2020 1184 2057 doctrina
1214 2001 1414 2056 admodum
1439 2020 1571 2067 viguit.
1622 2019 1718 2058 Scri-

178 2066 256 2121 psit
279 2069 476 2113 praeterea
502 2066 688 2112 historias,
710 2067 785 2103 vid.
807 2067 944 2103 Athen.
964 2067 1060 2113 XIp
1064 2072 1162 2104 ,461
1183 2069 1224 2114 F,
1250 2070 1288 2104 et
1305 2068 1444 2104 librum
1463 2067 1550 2114 περὶ
1569 2079 1720 2114 φυσεως

178 2114 302 2150 ionica
328 2115 491 2151 dialecto
516 2126 615 2158 usus,
642 2115 716 2151 vid.
738 2115 841 2150 Stob.
869 2115 998 2161 Eclog.
1024 2116 1134 2161 Phys.
1156 2116 1172 2151 I
1198 2120 1231 2160 8,
1252 2120 1310 2161 43,
1337 2127 1448 2160 quem
1471 2116 1609 2160 locum,
1635 2127 1720 2151 cum

178 2162 351 2198 Meineke
377 2162 587 2198 iamborum
613 2163 845 2207 claudorum,
872 2128 1051 2199 Schugster
1081 2162 1318 2200 heroicorum
1348 2175 1525 2199 versuum
1556 2163 1720 2218 vestigia

179 2209 458 2255 deprehendere
472 2210 542 2246 sibi
559 2211 658 2246 visus
678 2213 787 2255 esset,
807 2222 927 2256 nuper
944 2211 1119 2256 Bywater
1136 2211 1321 2248 Heracliti
1338 2212 1444 2257 reliq.
1458 2224 1494 2257 p.
1510 2215 1554 2247 68
1574 2211 1614 2247 in
1626 2210 1719 2247 iam-

178 2257 246 2293 bos
266 2258 424 2304 redegit,
445 2258 510 2303 qui
528 2258 643 2294 etiam
656 2239 841 2294 Heracliti
852 2259 897 2295 fr
914 2262 980 2294 109
994 2271 1031 2304 p.
1046 2262 1091 2294 42
1113 2259 1272 2295 eundem
1284 2271 1481 2295 numerum
1497 2259 1718 2295 delitescere

179 2305 380 2350 existimat,
406 2307 449 2341 ut
468 2306 537 2352 Sc)⁷
541 2306 639 2342 thini
659 2307 708 2342 sit
728 2317 866 2351 versus,
891 2317 951 2342 me
972 2306 1124 2352 quidem
1144 2307 1397 2343 dissentiente.
1437 2307 1510 2343 Sed
1530 2306 1718 2352 epigram-

178 2354 283 2388 mata
302 2353 387 2397 duo,
412 2365 509 2400 quae
515 2319 720 2398 ysubiunxi,
747 2354 839 2390 satis
865 2354 952 2389 sunt
976 2354 1142 2390 recentia
1167 2356 1205 2390 et
1223 2353 1273 2390 ab
1290 2354 1562 2400 iambographo
1583 2353 1716 2391 aliena..

279 2401 338 2436 Fr.
365 2406 398 2436 2.
447 2402 561 2437 Anth.
587 2402 666 2437 Pal.
693 2383 762 2436 XII
788 2406 850 2437 22:
882 2403 1058 2437 Σκυθίου
1089 2402 1253 2460 (Brunck
1277 2403 1503 2448 Σκυθίνου).
1536 2423 1580 2428 -
1613 2401 1657 2438 V.
1685 2405 1717 2438 1.

181 2461 255 2494 μ,οι
281 2448 431 2484 Brunck
459 2446 504 2495 ἐμ
506 2450 552 2485 οί.
581 2470 625 2475 ——
653 2450 697 2486 V.
724 2453 756 2486 2.
780 2446 931 2490 Ἰλισσὸς
957 2450 1116 2494 Brunck,
1142 2462 1174 2486 v.
1194 2446 1375 2510 ”Ηλισσος,
1401 2450 1431 2484 Ρ
1456 2452 1614 2507 ηλισσος.

274 2496 332 2531 Fr.
360 2501 392 2532 3.
444 2497 558 2532 Anth.
579 2497 657 2533 Pal.
678 2497 748 2532 XII
762 2501 848 2533 232·
875 2498 1086 2532 Σκυθίνου.
1107 2517 1151 2523 -—-
1177 2496 1221 2533 V.
1242 2502 1275 2534 2.
1296 2494 1495 2534 ἐντέτασαι
1520 2493 1557 2533 δ’
1579 2493 1630 2538 ὥς
1654 2509 1717 2542 αν,
1753 2497 1765 2507 “

178 2544 208 2578 Ρ
235 2540 406 2580 έντέτασ’
435 2542 552 2586 αἰδώς
576 2541 638 2581 ἄν.
664 2565 709 2571 -
734 2542 778 2580 V.
806 2549 839 2582 3.
866 2557 930 2591 μοι
954 2544 1092 2581 adiecit
1115 2544 1275 2582 Brunck.

1881 1403 1890 1530 ΑΔΗ-..ψ
1880 1334 1890 1396 ...π-
1884 1272 1890 1327 ..ι-ι..
