<?xml version="1.0" encoding="UTF-8"?>
<!DOCTYPE html PUBLIC "-//W3C//DTD XHTML 1.0 Transitional//EN"
    "http://www.w3.org/TR/xhtml1/DTD/xhtml1-transitional.dtd">
<html xmlns="http://www.w3.org/1999/xhtml" xml:lang="en" lang="en">
 <head>
  <title>
</title>
<meta http-equiv="Content-Type" content="text/html;charset=utf-8" />
  <meta name='ocr-system' content='tesseract 3.04.00' />
  <meta name='ocr-capabilities' content='ocr_page ocr_carea ocr_par ocr_line ocrx_word'/>
</head>
<body>
  <div class='ocr_page' id='page_1' title='image "./poetaelyricigrae02berguoft_0352.png"; bbox 0 0 1890 3216; ppageno 0'>
   <div class='ocr_carea' id='block_1_1' title="bbox 224 173 1220 217">
    <p class='ocr_par' dir='ltr' id='par_1_1' title="bbox 224 173 1220 217">
     <span class='ocr_line' id='line_1_1' title="bbox 224 173 1220 217; baseline -0.007 -1"><span class='ocrx_word' id='word_1_1' title='bbox 224 175 311 217; x_wconf 83' lang='lat'><strong>342</strong></span> <span class='ocrx_word' id='word_1_2' title='bbox 765 173 956 210; x_wconf 83' lang='lat' dir='ltr'><strong>POETAE</strong></span> <span class='ocrx_word' id='word_1_3' title='bbox 982 173 1220 209; x_wconf 85' lang='lat' dir='ltr'><strong>ELEGIACI.</strong></span> 
     </span>
    </p>
   </div>
   <div class='ocr_carea' id='block_1_2' title="bbox 221 286 1767 796">
    <p class='ocr_par' dir='ltr' id='par_1_2' title="bbox 221 286 1767 796">
     <span class='ocr_line' id='line_1_2' title="bbox 223 286 1756 336; baseline 0.001 -11"><span class='ocrx_word' id='word_1_4' title='bbox 223 287 345 326; x_wconf 89' lang='lat' dir='ltr'><strong>huius</strong></span> <span class='ocrx_word' id='word_1_5' title='bbox 377 289 517 326; x_wconf 79' lang='lat' dir='ltr'>auctor</span> <span class='ocrx_word' id='word_1_6' title='bbox 549 289 686 325; x_wconf 87' lang='lat' dir='ltr'><strong>utrum</strong></span> <span class='ocrx_word' id='word_1_7' title='bbox 717 286 946 336; x_wconf 83' lang='lat' dir='ltr'>philosophi</span> <span class='ocrx_word' id='word_1_8' title='bbox 975 298 1120 325; x_wconf 90' lang='lat' dir='ltr'><strong>nomen</strong></span> <span class='ocrx_word' id='word_1_9' title='bbox 1153 287 1261 325; x_wconf 85' lang='lat' dir='ltr'><strong>mala</strong></span> <span class='ocrx_word' id='word_1_10' title='bbox 1291 287 1432 325; x_wconf 78' lang='lat' dir='ltr'><strong>fraude</strong></span> <span class='ocrx_word' id='word_1_11' title='bbox 1464 289 1672 327; x_wconf 82' lang='lat' dir='ltr'><strong>mutuatus</strong></span> <span class='ocrx_word' id='word_1_12' title='bbox 1703 300 1756 326; x_wconf 80' lang='lat' dir='ltr'><strong>an</strong></span> 
     </span>
     <span class='ocr_line' id='line_1_3' title="bbox 221 346 1524 405; baseline 0.001 -14"><span class='ocrx_word' id='word_1_13' title='bbox 221 365 363 391; x_wconf 84' lang='lat' dir='ltr'><strong>revera</strong></span> <span class='ocrx_word' id='word_1_14' title='bbox 394 352 635 391; x_wconf 86' lang='lat' dir='ltr'><strong>Aristoteles</strong></span> <span class='ocrx_word' id='word_1_15' title='bbox 667 352 866 390; x_wconf 87' lang='lat' dir='ltr'><strong>vocitatus</strong></span> <span class='ocrx_word' id='word_1_16' title='bbox 899 351 971 401; x_wconf 87' lang='lat' dir='ltr'><strong>sit,</strong></span> <span class='ocrx_word' id='word_1_17' title='bbox 1003 351 1045 389; x_wconf 88' lang='lat' dir='ltr'><strong>in</strong></span> <span class='ocrx_word' id='word_1_18' title='bbox 1074 351 1205 390; x_wconf 89' lang='lat' dir='ltr'><strong>medio</strong></span> <span class='ocrx_word' id='word_1_19' title='bbox 1237 346 1524 405; x_wconf 74' lang='lat' dir='ltr'><strong>relinquam*).</strong></span> 
     </span>
     <span class='ocr_line' id='line_1_4' title="bbox 341 410 1756 472; baseline 0.001 -16"><span class='ocrx_word' id='word_1_20' title='bbox 341 418 562 467; x_wconf 89' lang='lat' dir='ltr'><strong>Postquam</strong></span> <span class='ocrx_word' id='word_1_21' title='bbox 593 417 804 455; x_wconf 79' lang='lat' dir='ltr'><strong>Damastes</strong></span> <span class='ocrx_word' id='word_1_22' title='bbox 832 410 1035 467; x_wconf 84' lang='lat' dir='ltr'><strong>Sigeensis</strong></span> <span class='ocrx_word' id='word_1_23' title='bbox 1063 417 1146 456; x_wconf 89' lang='lat' dir='ltr'><strong>sive</strong></span> <span class='ocrx_word' id='word_1_24' title='bbox 1171 416 1294 456; x_wconf 88' lang='lat' dir='ltr'><strong>Polus</strong></span> <span class='ocrx_word' id='word_1_25' title='bbox 1321 413 1688 472; x_wconf 76' lang='lat' dir='ltr'><strong>Agrigentinus**)</strong></span> <span class='ocrx_word' id='word_1_26' title='bbox 1715 421 1756 458; x_wconf 90' lang='lat' dir='ltr'><strong>et</strong></span> 
     </span>
     <span class='ocr_line' id='line_1_5' title="bbox 223 470 1757 534; baseline 0.001 -13"><span class='ocrx_word' id='word_1_27' title='bbox 223 496 349 534; x_wconf 87' lang='lat' dir='ltr'><strong>genus</strong></span> <span class='ocrx_word' id='word_1_28' title='bbox 376 485 417 522; x_wconf 90' lang='lat' dir='ltr'><strong>et</strong></span> <span class='ocrx_word' id='word_1_29' title='bbox 436 483 592 522; x_wconf 87' lang='lat' dir='ltr'><strong>obitum</strong></span> <span class='ocrx_word' id='word_1_30' title='bbox 610 482 815 522; x_wconf 74' lang='lat' dir='ltr'>enarravit</span> <span class='ocrx_word' id='word_1_31' title='bbox 839 483 1017 532; x_wconf 90' lang='lat' dir='ltr'><strong>heroum,</strong></span> <span class='ocrx_word' id='word_1_32' title='bbox 1041 470 1118 533; x_wconf 37' lang='lat' dir='ltr'><strong>&#39;qui</strong></span> <span class='ocrx_word' id='word_1_33' title='bbox 1143 482 1314 521; x_wconf 88' lang='lat' dir='ltr'><strong>Troiano</strong></span> <span class='ocrx_word' id='word_1_34' title='bbox 1341 482 1446 520; x_wconf 89' lang='lat' dir='ltr'><strong>bello</strong></span> <span class='ocrx_word' id='word_1_35' title='bbox 1474 482 1757 533; x_wconf 87' lang='lat' dir='ltr'><strong>interfuerunt,</strong></span> 
     </span>
     <span class='ocr_line' id='line_1_6' title="bbox 224 546 1767 600; baseline 0.001 -14"><span class='ocrx_word' id='word_1_36' title='bbox 224 547 487 587; x_wconf 84' lang='lat' dir='ltr'><strong>Alexandrini</strong></span> <span class='ocrx_word' id='word_1_37' title='bbox 517 549 658 597; x_wconf 86' lang='lat' dir='ltr'><strong>poetae</strong></span> <span class='ocrx_word' id='word_1_38' title='bbox 684 546 889 596; x_wconf 85' lang='lat' dir='ltr'><strong>epitaphia</strong></span> <span class='ocrx_word' id='word_1_39' title='bbox 913 547 1074 586; x_wconf 86' lang='lat' dir='ltr'><strong>illorum</strong></span> <span class='ocrx_word' id='word_1_40' title='bbox 1098 548 1265 586; x_wconf 85' lang='lat' dir='ltr'><strong>heroum</strong></span> <span class='ocrx_word' id='word_1_41' title='bbox 1292 548 1460 587; x_wconf 88' lang='lat' dir='ltr'><strong>condere</strong></span> <span class='ocrx_word' id='word_1_42' title='bbox 1485 548 1767 600; x_wconf 86' lang='lat' dir='ltr'><strong>instituerunt,</strong></span> 
     </span>
     <span class='ocr_line' id='line_1_7' title="bbox 224 612 1761 664; baseline 0.001 -12"><span class='ocrx_word' id='word_1_43' title='bbox 224 613 473 663; x_wconf 77' lang='lat' dir='ltr'><strong>posidippus,</strong></span> <span class='ocrx_word' id='word_1_44' title='bbox 505 612 775 662; x_wconf 83' lang='lat' dir='ltr'><strong>Asclepiades,</strong></span> <span class='ocrx_word' id='word_1_45' title='bbox 815 613 856 650; x_wconf 88' lang='lat' dir='ltr'><strong>et</strong></span> <span class='ocrx_word' id='word_1_46' title='bbox 885 612 1061 653; x_wconf 87' lang='lat' dir='ltr'><strong>fortasse</strong></span> <span class='ocrx_word' id='word_1_47' title='bbox 1092 614 1177 662; x_wconf 86' lang='lat' dir='ltr'><strong>alii,</strong></span> <span class='ocrx_word' id='word_1_48' title='bbox 1216 626 1386 664; x_wconf 88' lang='lat' dir='ltr'><strong>quorum</strong></span> <span class='ocrx_word' id='word_1_49' title='bbox 1416 613 1590 664; x_wconf 84' lang='lat' dir='ltr'><strong>vestigia</strong></span> <span class='ocrx_word' id='word_1_50' title='bbox 1619 616 1761 664; x_wconf 78' lang='lat' dir='ltr'><strong>postea</strong></span> 
     </span>
     <span class='ocr_line' id='line_1_8' title="bbox 224 677 1758 730; baseline 0.001 -13"><span class='ocrx_word' id='word_1_51' title='bbox 224 680 336 730; x_wconf 88' lang='lat' dir='ltr'><strong>legit,</strong></span> <span class='ocrx_word' id='word_1_52' title='bbox 361 679 430 728; x_wconf 84' lang='lat' dir='ltr'><strong>qui</strong></span> <span class='ocrx_word' id='word_1_53' title='bbox 454 679 567 717; x_wconf 87' lang='lat' dir='ltr'><strong>tenui</strong></span> <span class='ocrx_word' id='word_1_54' title='bbox 593 679 686 718; x_wconf 86' lang='lat' dir='ltr'><strong>stilo</strong></span> <span class='ocrx_word' id='word_1_55' title='bbox 717 677 960 717; x_wconf 72' lang='lat' dir='ltr'><strong>instauravit</strong></span> <span class='ocrx_word' id='word_1_56' title='bbox 991 678 1293 718; x_wconf 90' lang='lat' dir='ltr'><strong>Homericorum</strong></span> <span class='ocrx_word' id='word_1_57' title='bbox 1323 679 1490 718; x_wconf 86' lang='lat' dir='ltr'><strong>heroum</strong></span> <span class='ocrx_word' id='word_1_58' title='bbox 1515 680 1758 730; x_wconf 83' lang='lat' dir='ltr'><strong>memoriam,</strong></span> 
     </span>
     <span class='ocr_line' id='line_1_9' title="bbox 225 744 1761 796; baseline 0.001 -13"><span class='ocrx_word' id='word_1_59' title='bbox 225 745 338 783; x_wconf 90' lang='lat' dir='ltr'><strong>cuius</strong></span> <span class='ocrx_word' id='word_1_60' title='bbox 371 745 502 794; x_wconf 90' lang='lat' dir='ltr'><strong>operis</strong></span> <span class='ocrx_word' id='word_1_61' title='bbox 534 745 727 796; x_wconf 87' lang='lat' dir='ltr'><strong>reliquiae</strong></span> <span class='ocrx_word' id='word_1_62' title='bbox 759 744 991 785; x_wconf 87' lang='lat' dir='ltr'><strong>Aristotelis</strong></span> <span class='ocrx_word' id='word_1_63' title='bbox 1023 757 1168 783; x_wconf 92' lang='lat' dir='ltr'><strong>nomen</strong></span> <span class='ocrx_word' id='word_1_64' title='bbox 1197 757 1294 795; x_wconf 77' lang='lat' dir='ltr'><strong>prae</strong></span> <span class='ocrx_word' id='word_1_65' title='bbox 1326 757 1368 784; x_wconf 87' lang='lat' dir='ltr'><strong>se</strong></span> <span class='ocrx_word' id='word_1_66' title='bbox 1393 745 1539 783; x_wconf 89' lang='lat' dir='ltr'><strong>ferunt.</strong></span> <span class='ocrx_word' id='word_1_67' title='bbox 1581 745 1634 784; x_wconf 83' lang='lat' dir='ltr'><strong>Et</strong></span> <span class='ocrx_word' id='word_1_68' title='bbox 1654 745 1761 784; x_wconf 80' lang='lat' dir='ltr'><strong>Posi-</strong></span> 
     </span>
    </p>
   </div>
   <div class='ocr_carea' id='block_1_3' title="bbox 226 809 1761 926">
    <p class='ocr_par' dir='ltr' id='par_1_3' title="bbox 226 809 1761 926">
     <span class='ocr_line' id='line_1_10' title="bbox 226 809 1761 861; baseline 0 -12"><span class='ocrx_word' id='word_1_69' title='bbox 226 812 336 860; x_wconf 72' lang='lat' dir='ltr'><strong>dippi</strong></span> <span class='ocrx_word' id='word_1_70' title='bbox 367 811 527 860; x_wconf 89' lang='lat' dir='ltr'><strong>quidem</strong></span> <span class='ocrx_word' id='word_1_71' title='bbox 558 811 717 861; x_wconf 85' lang='lat' dir='ltr'><strong>insigne</strong></span> <span class='ocrx_word' id='word_1_72' title='bbox 747 811 1037 861; x_wconf 84' lang='lat' dir='ltr'><strong>fragmentum,</strong></span> <span class='ocrx_word' id='word_1_73' title='bbox 1070 810 1175 860; x_wconf 88' lang='lat' dir='ltr'><strong>quod</strong></span> <span class='ocrx_word' id='word_1_74' title='bbox 1207 811 1284 849; x_wconf 89' lang='lat' dir='ltr'><strong>huc</strong></span> <span class='ocrx_word' id='word_1_75' title='bbox 1309 809 1579 859; x_wconf 84' lang='lat' dir='ltr'><strong>referendum,</strong></span> <span class='ocrx_word' id='word_1_76' title='bbox 1610 809 1761 861; x_wconf 83' lang='lat' dir='ltr'><strong>legitur</strong></span> 
     </span>
     <span class='ocr_line' id='line_1_11' title="bbox 227 873 930 926; baseline 0.001 -13"><span class='ocrx_word' id='word_1_77' title='bbox 227 875 333 926; x_wconf 88' lang='lat' dir='ltr'><strong>apud</strong></span> <span class='ocrx_word' id='word_1_78' title='bbox 366 875 500 925; x_wconf 83' lang='lat' dir='ltr'><strong>Steph.</strong></span> <span class='ocrx_word' id='word_1_79' title='bbox 532 876 625 926; x_wconf 82' lang='lat' dir='ltr'><strong>Byz.</strong></span> <span class='ocrx_word' id='word_1_80' title='bbox 659 890 694 915; x_wconf 87' lang='lat' dir='ltr'><strong>v.</strong></span> <span class='ocrx_word' id='word_1_81' title='bbox 726 873 882 915; x_wconf 90' lang='grc' dir='ltr'><strong><em>Ζέλεια·</em></strong></span> <span class='ocrx_word' id='word_1_82' title='bbox 927 880 930 883; x_wconf 67' lang='grc'><em>”</em></span> 
     </span>
    </p>
   </div>
   <div class='ocr_carea' id='block_1_4' title="bbox 442 938 1531 1142">
    <p class='ocr_par' dir='ltr' id='par_1_4' title="bbox 442 938 1531 1142">
     <span class='ocr_line' id='line_1_12' title="bbox 516 938 1272 1011; baseline 0 -13"><span class='ocrx_word' id='word_1_83' title='bbox 516 955 621 998; x_wconf 76' lang='grc' dir='ltr'><em>Οὐδὲ</em></span> <span class='ocrx_word' id='word_1_84' title='bbox 652 959 861 1011; x_wconf 85' lang='grc' dir='ltr'><strong><em>Λυκαονίη</em></strong></span> <span class='ocrx_word' id='word_1_85' title='bbox 895 938 1030 1006; x_wconf 69' lang='grc' dir='ltr'><strong><em>δέξατό</em></strong></span> <span class='ocrx_word' id='word_1_86' title='bbox 1063 970 1104 998; x_wconf 89' lang='grc' dir='ltr'><strong>σε</strong></span> <span class='ocrx_word' id='word_1_87' title='bbox 1135 959 1272 1010; x_wconf 83' lang='grc' dir='ltr'><strong><em>Ζελίη,</em></strong></span> 
     </span>
     <span class='ocr_line' id='line_1_13' title="bbox 442 1018 1531 1079; baseline 0.002 -16"><span class='ocrx_word' id='word_1_88' title='bbox 442 1019 538 1063; x_wconf 81' lang='grc' dir='ltr'><strong><em>ἀλλὰ</em></strong></span> <span class='ocrx_word' id='word_1_89' title='bbox 569 1020 677 1077; x_wconf 83' lang='grc' dir='ltr'><strong><em>παρὰ</em></strong></span> <span class='ocrx_word' id='word_1_90' title='bbox 708 1027 859 1079; x_wconf 79' lang='grc' dir='ltr'><strong><em>προχοῇ</em></strong></span> <span class='ocrx_word' id='word_1_91' title='bbox 890 1024 1118 1076; x_wconf 84' lang='grc' dir='ltr'><strong><em>Σιμοεντίδι</em></strong></span> <span class='ocrx_word' id='word_1_92' title='bbox 1147 1020 1262 1064; x_wconf 84' lang='grc' dir='ltr'><strong><em>τοῦτό</em></strong></span> <span class='ocrx_word' id='word_1_93' title='bbox 1294 1036 1355 1064; x_wconf 91' lang='grc' dir='ltr'><strong><em>σοι</em></strong></span> <span class='ocrx_word' id='word_1_94' title='bbox 1376 1018 1531 1077; x_wconf 65' lang='grc' dir='ltr'><strong><em>’Ἕκτωρ</em></strong></span> 
     </span>
     <span class='ocr_line' id='line_1_14' title="bbox 515 1085 1403 1142; baseline 0.001 -14"><span class='ocrx_word' id='word_1_95' title='bbox 515 1091 620 1140; x_wconf 79' lang='grc' dir='ltr'><strong><em>σῆμα</em></strong></span> <span class='ocrx_word' id='word_1_96' title='bbox 651 1087 717 1128; x_wconf 79' lang='grc' dir='ltr'><strong>καὶ</strong></span> <span class='ocrx_word' id='word_1_97' title='bbox 748 1085 957 1142; x_wconf 76' lang='grc' dir='ltr'><strong><em>ἀγχέμαχοι</em></strong></span> <span class='ocrx_word' id='word_1_98' title='bbox 989 1087 1107 1129; x_wconf 84' lang='grc' dir='ltr'><strong><em>θέντο</em></strong></span> <span class='ocrx_word' id='word_1_99' title='bbox 1139 1090 1403 1130; x_wconf 83' lang='grc' dir='ltr'><strong><em>Λυκαονίδαι.</em></strong></span> 
     </span>
    </p>
   </div>
   <div class='ocr_carea' id='block_1_5' title="bbox 226 1168 1772 1944">
    <p class='ocr_par' dir='ltr' id='par_1_5' title="bbox 226 1168 1772 1944">
     <span class='ocr_line' id='line_1_15' title="bbox 227 1168 1763 1227; baseline 0.002 -16"><span class='ocrx_word' id='word_1_100' title='bbox 227 1174 286 1212; x_wconf 86' lang='lat' dir='ltr'><strong>ita</strong></span> <span class='ocrx_word' id='word_1_101' title='bbox 326 1173 432 1212; x_wconf 89' lang='lat' dir='ltr'><strong>enim</strong></span> <span class='ocrx_word' id='word_1_102' title='bbox 470 1172 748 1223; x_wconf 87' lang='lat' dir='ltr'><strong>corrigendum</strong></span> <span class='ocrx_word' id='word_1_103' title='bbox 793 1186 864 1223; x_wconf 91' lang='lat' dir='ltr'><strong>pro</strong></span> <span class='ocrx_word' id='word_1_104' title='bbox 910 1174 1019 1224; x_wconf 86' lang='lat' dir='ltr'><strong>vulg.</strong></span> <span class='ocrx_word' id='word_1_105' title='bbox 1062 1168 1159 1212; x_wconf 78' lang='grc' dir='ltr'><strong><em>ἀλλὰ</em></strong></span> <span class='ocrx_word' id='word_1_106' title='bbox 1199 1175 1389 1227; x_wconf 79' lang='grc' dir='ltr'><strong><em>προχοῇσι</em></strong></span> <span class='ocrx_word' id='word_1_107' title='bbox 1428 1170 1658 1226; x_wconf 84' lang='grc' dir='ltr'><strong><em>Σιμόεντος·</em></strong></span> <span class='ocrx_word' id='word_1_108' title='bbox 1697 1174 1763 1213; x_wconf 85' lang='grc' dir='ltr'><strong><em>δια</em></strong></span> 
     </span>
     <span class='ocr_line' id='line_1_16' title="bbox 226 1232 1764 1291; baseline 0.002 -15"><span class='ocrx_word' id='word_1_109' title='bbox 226 1232 341 1277; x_wconf 83' lang='grc' dir='ltr'><strong><em>τοῦτό</em></strong></span> <span class='ocrx_word' id='word_1_110' title='bbox 373 1248 435 1277; x_wconf 89' lang='grc' dir='ltr'><strong><em>σοι</em></strong></span> <span class='ocrx_word' id='word_1_111' title='bbox 466 1234 645 1291; x_wconf 76' lang='grc' dir='ltr'><strong><em>κτλ.***)</em></strong></span> <span class='ocrx_word' id='word_1_112' title='bbox 689 1239 802 1277; x_wconf 86' lang='lat' dir='ltr'><strong>Idem</strong></span> <span class='ocrx_word' id='word_1_113' title='bbox 833 1238 1072 1289; x_wconf 87' lang='lat' dir='ltr'><strong>Posidippus</strong></span> <span class='ocrx_word' id='word_1_114' title='bbox 1105 1239 1354 1290; x_wconf 88' lang='lat' dir='ltr'><strong>epigramma</strong></span> <span class='ocrx_word' id='word_1_115' title='bbox 1378 1239 1419 1277; x_wconf 90' lang='lat' dir='ltr'><strong>in</strong></span> <span class='ocrx_word' id='word_1_116' title='bbox 1451 1240 1637 1279; x_wconf 78' lang='lat' dir='ltr'><strong>Berisum</strong></span> <span class='ocrx_word' id='word_1_117' title='bbox 1662 1252 1764 1279; x_wconf 90' lang='lat' dir='ltr'><strong>com-</strong></span> 
     </span>
     <span class='ocr_line' id='line_1_17' title="bbox 228 1304 1763 1355; baseline -0.001 -12"><span class='ocrx_word' id='word_1_118' title='bbox 228 1305 439 1354; x_wconf 84' lang='lat' dir='ltr'><strong>posuerat,</strong></span> <span class='ocrx_word' id='word_1_119' title='bbox 470 1305 661 1354; x_wconf 85' lang='lat' dir='ltr'><strong>deceptus</strong></span> <span class='ocrx_word' id='word_1_120' title='bbox 694 1305 797 1343; x_wconf 85' lang='lat' dir='ltr'><strong>falsa</strong></span> <span class='ocrx_word' id='word_1_121' title='bbox 821 1304 1153 1355; x_wconf 73' lang='lat' dir='ltr'><strong>interpretatione</strong></span> <span class='ocrx_word' id='word_1_122' title='bbox 1178 1304 1225 1344; x_wconf 90' lang='lat'><strong>11.</strong></span> <span class='ocrx_word' id='word_1_123' title='bbox 1251 1307 1292 1343; x_wconf 88' lang='lat' dir='ltr'><em>A</em></span> <span class='ocrx_word' id='word_1_124' title='bbox 1320 1306 1420 1354; x_wconf 88' lang='lat'><strong>101,</strong></span> <span class='ocrx_word' id='word_1_125' title='bbox 1453 1305 1552 1344; x_wconf 85' lang='lat' dir='ltr'><strong>conf.</strong></span> <span class='ocrx_word' id='word_1_126' title='bbox 1581 1305 1763 1355; x_wconf 91' lang='lat' dir='ltr'><strong>Apollon.</strong></span> 
     </span>
     <span class='ocr_line' id='line_1_18' title="bbox 229 1368 1764 1420; baseline 0.001 -13"><span class='ocrx_word' id='word_1_127' title='bbox 229 1369 348 1419; x_wconf 86' lang='lat' dir='ltr'><strong>Dysc.</strong></span> <span class='ocrx_word' id='word_1_128' title='bbox 382 1368 494 1418; x_wconf 85' lang='lat' dir='ltr'><strong>Synt.</strong></span> <span class='ocrx_word' id='word_1_129' title='bbox 528 1369 547 1406; x_wconf 92' lang='lat' dir='ltr'>I</span> <span class='ocrx_word' id='word_1_130' title='bbox 579 1383 615 1419; x_wconf 93' lang='lat' dir='ltr'><strong>p.</strong></span> <span class='ocrx_word' id='word_1_131' title='bbox 651 1371 724 1419; x_wconf 77' lang='lat'><strong>663</strong></span> <span class='ocrx_word' id='word_1_132' title='bbox 761 1371 903 1419; x_wconf 88' lang='lat' dir='ltr'><strong>postea</strong></span> <span class='ocrx_word' id='word_1_133' title='bbox 934 1383 958 1408; x_wconf 86' lang='lat' dir='ltr'><strong>a</strong></span> <span class='ocrx_word' id='word_1_134' title='bbox 989 1370 1189 1409; x_wconf 88' lang='lat' dir='ltr'><strong>Zenodoto</strong></span> <span class='ocrx_word' id='word_1_135' title='bbox 1227 1372 1273 1409; x_wconf 89' lang='lat' dir='ltr'><strong>ut</strong></span> <span class='ocrx_word' id='word_1_136' title='bbox 1310 1370 1469 1410; x_wconf 88' lang='lat' dir='ltr'><strong>videtur</strong></span> <span class='ocrx_word' id='word_1_137' title='bbox 1500 1371 1764 1420; x_wconf 88' lang='lat' dir='ltr'><strong>reprehensus</strong></span> 
     </span>
     <span class='ocr_line' id='line_1_19' title="bbox 232 1430 1772 1489; baseline 0.002 -17"><span class='ocrx_word' id='word_1_138' title='bbox 232 1434 398 1473; x_wconf 68' lang='lat' dir='ltr'><strong>delevit:</strong></span> <span class='ocrx_word' id='word_1_139' title='bbox 432 1434 509 1473; x_wconf 82' lang='lat' dir='ltr'><strong>vid.</strong></span> <span class='ocrx_word' id='word_1_140' title='bbox 544 1434 673 1475; x_wconf 81' lang='lat' dir='ltr'><strong>Schol.</strong></span> <span class='ocrx_word' id='word_1_141' title='bbox 706 1435 756 1473; x_wconf 84' lang='lat' dir='ltr'><strong>ad</strong></span> <span class='ocrx_word' id='word_1_142' title='bbox 787 1435 902 1473; x_wconf 84' lang='lat' dir='ltr'><strong>illum</strong></span> <span class='ocrx_word' id='word_1_143' title='bbox 939 1436 984 1474; x_wconf 87' lang='lat' dir='ltr'><strong>l.:</strong></span> <span class='ocrx_word' id='word_1_144' title='bbox 1024 1430 1075 1486; x_wconf 86' lang='grc' dir='ltr'><strong>μὴ</strong></span> <span class='ocrx_word' id='word_1_145' title='bbox 1115 1433 1357 1489; x_wconf 84' lang='grc' dir='ltr'><strong><em>ε’μφέρεσθαι</em></strong></span> <span class='ocrx_word' id='word_1_146' title='bbox 1388 1433 1433 1474; x_wconf 75' lang='grc' dir='ltr'><strong>δέ</strong></span> <span class='ocrx_word' id='word_1_147' title='bbox 1464 1446 1588 1487; x_wconf 84' lang='grc' dir='ltr'><strong><em>φησιν</em></strong></span> <span class='ocrx_word' id='word_1_148' title='bbox 1618 1430 1639 1475; x_wconf 81' lang='grc' dir='ltr'>ὁ</span> <span class='ocrx_word' id='word_1_149' title='bbox 1666 1430 1772 1488; x_wconf 79' lang='grc' dir='ltr'><strong><em>Ἀρί--</em></strong></span> 
     </span>
     <span class='ocr_line' id='line_1_20' title="bbox 232 1494 1762 1553; baseline 0.001 -15"><span class='ocrx_word' id='word_1_150' title='bbox 232 1511 393 1551; x_wconf 86' lang='grc' dir='ltr'><strong><em>σταρχος</em></strong></span> <span class='ocrx_word' id='word_1_151' title='bbox 418 1501 507 1539; x_wconf 86' lang='grc' dir='ltr'><strong><em>νῦν</em></strong></span> <span class='ocrx_word' id='word_1_152' title='bbox 545 1499 588 1539; x_wconf 83' lang='grc' dir='ltr'><strong><em>έν</em></strong></span> <span class='ocrx_word' id='word_1_153' title='bbox 624 1503 705 1548; x_wconf 85' lang='grc' dir='ltr'><strong><em>τοῖς</em></strong></span> <span class='ocrx_word' id='word_1_154' title='bbox 745 1500 1021 1541; x_wconf 82' lang='grc' dir='ltr'><strong><em>Ποσειδίππου</em></strong></span> <span class='ocrx_word' id='word_1_155' title='bbox 1060 1494 1324 1553; x_wconf 75' lang='grc' dir='ltr'><strong><em>ἐπιγράμμασι</em></strong></span> <span class='ocrx_word' id='word_1_156' title='bbox 1361 1495 1429 1540; x_wconf 85' lang='grc' dir='ltr'><strong>τὸν</strong></span> <span class='ocrx_word' id='word_1_157' title='bbox 1460 1497 1648 1552; x_wconf 81' lang='grc' dir='ltr'><strong><em>Βήρισον,</em></strong></span> <span class='ocrx_word' id='word_1_158' title='bbox 1679 1495 1762 1540; x_wconf 81' lang='grc' dir='ltr'><strong><em>ἄλλ’</em></strong></span> 
     </span>
     <span class='ocr_line' id='line_1_21' title="bbox 232 1561 1767 1621; baseline 0.003 -19"><span class='ocrx_word' id='word_1_159' title='bbox 232 1562 280 1602; x_wconf 80' lang='grc' dir='ltr'><strong><em>ἐν</em></strong></span> <span class='ocrx_word' id='word_1_160' title='bbox 318 1565 377 1619; x_wconf 80' lang='grc' dir='ltr'><strong><em>τῷ</em></strong></span> <span class='ocrx_word' id='word_1_161' title='bbox 414 1563 656 1618; x_wconf 81' lang='grc' dir='ltr'><strong><em>λεγομένῳ</em></strong></span> <span class='ocrx_word' id='word_1_162' title='bbox 696 1567 828 1621; x_wconf 81' lang='grc' dir='ltr'><strong><em>σωρῷ</em></strong></span> <span class='ocrx_word' id='word_1_163' title='bbox 866 1561 1004 1618; x_wconf 79' lang='grc' dir='ltr'><strong><em>εὑρεῖν.</em></strong></span> <span class='ocrx_word' id='word_1_164' title='bbox 1061 1562 1224 1619; x_wconf 79' lang='grc' dir='ltr'><strong><em>εὔλογον</em></strong></span> <span class='ocrx_word' id='word_1_165' title='bbox 1264 1564 1308 1605; x_wconf 84' lang='grc' dir='ltr'><strong>δέ</strong></span> <span class='ocrx_word' id='word_1_166' title='bbox 1350 1578 1472 1618; x_wconf 84' lang='grc' dir='ltr'><strong><em>φησιν</em></strong></span> <span class='ocrx_word' id='word_1_167' title='bbox 1516 1562 1767 1619; x_wconf 80' lang='grc' dir='ltr'><strong><em>ἐλεγχόμενον</em></strong></span> 
     </span>
     <span class='ocr_line' id='line_1_22' title="bbox 233 1624 1766 1683; baseline 0.003 -16"><span class='ocrx_word' id='word_1_168' title='bbox 233 1624 355 1668; x_wconf 79' lang='grc' dir='ltr'><strong><em>αὐτὸν</em></strong></span> <span class='ocrx_word' id='word_1_169' title='bbox 387 1624 616 1681; x_wconf 73' lang='grc' dir='ltr'><strong><em>ἀπαλεῖψαι.</em></strong></span> <span class='ocrx_word' id='word_1_170' title='bbox 654 1627 807 1683; x_wconf 86' lang='grc' dir='ltr'><strong><em>,Σωρός</em></strong></span> <span class='ocrx_word' id='word_1_171' title='bbox 838 1632 998 1671; x_wconf 87' lang='lat' dir='ltr'><strong>videtur</strong></span> <span class='ocrx_word' id='word_1_172' title='bbox 1029 1645 1174 1672; x_wconf 87' lang='lat' dir='ltr'><strong>nomen</strong></span> <span class='ocrx_word' id='word_1_173' title='bbox 1205 1633 1329 1671; x_wconf 88' lang='lat' dir='ltr'><strong>fuisse</strong></span> <span class='ocrx_word' id='word_1_174' title='bbox 1361 1632 1624 1681; x_wconf 84' lang='lat' dir='ltr'><strong>collectionis,</strong></span> <span class='ocrx_word' id='word_1_175' title='bbox 1663 1645 1766 1682; x_wconf 85' lang='lat' dir='ltr'><strong>quae</strong></span> 
     </span>
     <span class='ocr_line' id='line_1_23' title="bbox 231 1695 1767 1748; baseline 0.001 -14"><span class='ocrx_word' id='word_1_176' title='bbox 231 1695 436 1734; x_wconf 83' lang='lat' dir='ltr'><strong>variorum</strong></span> <span class='ocrx_word' id='word_1_177' title='bbox 466 1696 509 1733; x_wconf 91' lang='lat' dir='ltr'><strong>in</strong></span> <span class='ocrx_word' id='word_1_178' title='bbox 540 1696 682 1736; x_wconf 89' lang='lat' dir='ltr'><strong>heroes</strong></span> <span class='ocrx_word' id='word_1_179' title='bbox 721 1697 1014 1748; x_wconf 86' lang='lat' dir='ltr'><strong>epigrammata</strong></span> <span class='ocrx_word' id='word_1_180' title='bbox 1045 1698 1426 1748; x_wconf 84' lang='lat' dir='ltr'><strong>comprehendebat,</strong></span> <span class='ocrx_word' id='word_1_181' title='bbox 1464 1698 1506 1736; x_wconf 89' lang='lat' dir='ltr'><strong>in</strong></span> <span class='ocrx_word' id='word_1_182' title='bbox 1537 1710 1615 1748; x_wconf 90' lang='lat' dir='ltr'><strong>qua</strong></span> <span class='ocrx_word' id='word_1_183' title='bbox 1645 1698 1767 1736; x_wconf 83' lang='lat' dir='ltr'><strong>etiam</strong></span> 
     </span>
     <span class='ocr_line' id='line_1_24' title="bbox 233 1761 1768 1813; baseline 0.003 -14"><span class='ocrx_word' id='word_1_184' title='bbox 233 1761 519 1811; x_wconf 87' lang='lat' dir='ltr'><strong>Posidippeum</strong></span> <span class='ocrx_word' id='word_1_185' title='bbox 551 1762 651 1800; x_wconf 89' lang='lat' dir='ltr'><strong>illud</strong></span> <span class='ocrx_word' id='word_1_186' title='bbox 683 1763 788 1801; x_wconf 87' lang='lat' dir='ltr'><strong>forte</strong></span> <span class='ocrx_word' id='word_1_187' title='bbox 819 1763 982 1801; x_wconf 86' lang='lat' dir='ltr'><strong>fortuna</strong></span> <span class='ocrx_word' id='word_1_188' title='bbox 1015 1765 1218 1804; x_wconf 87' lang='lat' dir='ltr'><strong>servatum</strong></span> <span class='ocrx_word' id='word_1_189' title='bbox 1244 1763 1332 1802; x_wconf 89' lang='lat' dir='ltr'><strong>fuit.</strong></span> <span class='ocrx_word' id='word_1_190' title='bbox 1383 1763 1486 1802; x_wconf 88' lang='lat' dir='ltr'><strong>Item</strong></span> <span class='ocrx_word' id='word_1_191' title='bbox 1517 1763 1768 1813; x_wconf 73' lang='lat' dir='ltr'><strong>Asclepiades</strong></span> 
     </span>
     <span class='ocr_line' id='line_1_25' title="bbox 234 1827 1767 1879; baseline 0.001 -12"><span class='ocrx_word' id='word_1_192' title='bbox 234 1828 442 1878; x_wconf 89' lang='lat' dir='ltr'><strong>Posidippi</strong></span> <span class='ocrx_word' id='word_1_193' title='bbox 473 1828 650 1878; x_wconf 86' lang='lat' dir='ltr'><strong>aequalis</strong></span> <span class='ocrx_word' id='word_1_194' title='bbox 683 1827 725 1866; x_wconf 87' lang='lat' dir='ltr'><strong>in</strong></span> <span class='ocrx_word' id='word_1_195' title='bbox 756 1829 897 1867; x_wconf 90' lang='lat' dir='ltr'><strong>heroes</strong></span> <span class='ocrx_word' id='word_1_196' title='bbox 931 1828 1135 1878; x_wconf 88' lang='lat' dir='ltr'><strong>epitaphia</strong></span> <span class='ocrx_word' id='word_1_197' title='bbox 1166 1830 1454 1879; x_wconf 84' lang='lat' dir='ltr'><strong>composuerat,</strong></span> <span class='ocrx_word' id='word_1_198' title='bbox 1487 1841 1676 1878; x_wconf 89' lang='lat' dir='ltr'><strong>quorsum</strong></span> <span class='ocrx_word' id='word_1_199' title='bbox 1707 1842 1767 1868; x_wconf 88' lang='lat' dir='ltr'><strong>re-</strong></span> 
     </span>
     <span class='ocr_line' id='line_1_26' title="bbox 233 1893 1261 1944; baseline 0.002 -13"><span class='ocrx_word' id='word_1_200' title='bbox 233 1893 331 1932; x_wconf 86' lang='lat' dir='ltr'><strong>ferri</strong></span> <span class='ocrx_word' id='word_1_201' title='bbox 363 1894 513 1943; x_wconf 88' lang='lat' dir='ltr'><strong>potest,</strong></span> <span class='ocrx_word' id='word_1_202' title='bbox 546 1893 651 1943; x_wconf 88' lang='lat' dir='ltr'><strong>quod</strong></span> <span class='ocrx_word' id='word_1_203' title='bbox 683 1893 845 1932; x_wconf 85' lang='lat' dir='ltr'><strong>exhibet</strong></span> <span class='ocrx_word' id='word_1_204' title='bbox 875 1894 939 1932; x_wconf 87' lang='lat' dir='ltr'><strong>Et.</strong></span> <span class='ocrx_word' id='word_1_205' title='bbox 971 1894 1024 1932; x_wconf 86' lang='lat' dir='ltr'><strong>M.</strong></span> <span class='ocrx_word' id='word_1_206' title='bbox 1060 1895 1154 1944; x_wconf 86' lang='lat'><strong>157,</strong></span> <span class='ocrx_word' id='word_1_207' title='bbox 1188 1896 1261 1933; x_wconf 82' lang='lat'><strong>32:</strong></span> 
     </span>
    </p>
   </div>
   <div class='ocr_carea' id='block_1_6' title="bbox 733 1973 1239 2030">
    <p class='ocr_par' dir='ltr' id='par_1_6' title="bbox 733 1973 1239 2030">
     <span class='ocr_line' id='line_1_27' title="bbox 733 1973 1239 2030; baseline 0.002 -15"><span class='ocrx_word' id='word_1_208' title='bbox 733 1973 951 2028; x_wconf 80' lang='grc' dir='ltr'><strong><em>Σπληδόνα</em></strong></span> <span class='ocrx_word' id='word_1_209' title='bbox 981 1973 1013 2016; x_wconf 80' lang='grc' dir='ltr'><strong><em>τ’</em></strong></span> <span class='ocrx_word' id='word_1_210' title='bbox 1047 1973 1239 2030; x_wconf 80' lang='grc' dir='ltr'><strong><em>ἠγαθέην.</em></strong></span> 
     </span>
    </p>
   </div>
   <div class='ocr_carea' id='block_1_7' title="bbox 236 2059 1767 2242">
    <p class='ocr_par' dir='ltr' id='par_1_7' title="bbox 236 2059 1767 2242">
     <span class='ocr_line' id='line_1_28' title="bbox 237 2059 1767 2111; baseline 0.001 -12"><span class='ocrx_word' id='word_1_211' title='bbox 237 2060 279 2099; x_wconf 86' lang='lat' dir='ltr'><strong>Si</strong></span> <span class='ocrx_word' id='word_1_212' title='bbox 311 2059 587 2110; x_wconf 85' lang='lat' dir='ltr'><strong>Asclepiades,</strong></span> <span class='ocrx_word' id='word_1_213' title='bbox 629 2060 734 2110; x_wconf 87' lang='lat' dir='ltr'><strong>quod</strong></span> <span class='ocrx_word' id='word_1_214' title='bbox 772 2073 852 2099; x_wconf 90' lang='lat' dir='ltr'><strong>non</strong></span> <span class='ocrx_word' id='word_1_215' title='bbox 890 2063 952 2100; x_wconf 90' lang='lat' dir='ltr'><strong>est</strong></span> <span class='ocrx_word' id='word_1_216' title='bbox 987 2061 1266 2111; x_wconf 86' lang='lat' dir='ltr'><strong>improbabile,</strong></span> <span class='ocrx_word' id='word_1_217' title='bbox 1306 2061 1474 2100; x_wconf 85' lang='lat' dir='ltr'><strong>diversis</strong></span> <span class='ocrx_word' id='word_1_218' title='bbox 1511 2074 1767 2101; x_wconf 89' lang='lat' dir='ltr'><strong>numerorum</strong></span> 
     </span>
     <span class='ocr_line' id='line_1_29' title="bbox 236 2125 1765 2177; baseline 0 -12"><span class='ocrx_word' id='word_1_219' title='bbox 236 2126 451 2176; x_wconf 85' lang='lat' dir='ltr'><strong>generibus</strong></span> <span class='ocrx_word' id='word_1_220' title='bbox 483 2137 578 2164; x_wconf 90' lang='lat' dir='ltr'><strong>usus</strong></span> <span class='ocrx_word' id='word_1_221' title='bbox 612 2128 690 2174; x_wconf 85' lang='lat' dir='ltr'><strong>est,</strong></span> <span class='ocrx_word' id='word_1_222' title='bbox 721 2125 849 2175; x_wconf 86' lang='lat' dir='ltr'><strong>possis</strong></span> <span class='ocrx_word' id='word_1_223' title='bbox 875 2127 952 2165; x_wconf 91' lang='lat' dir='ltr'><strong>huc</strong></span> <span class='ocrx_word' id='word_1_224' title='bbox 976 2127 1125 2166; x_wconf 87' lang='lat' dir='ltr'><strong>referre</strong></span> <span class='ocrx_word' id='word_1_225' title='bbox 1150 2127 1263 2165; x_wconf 89' lang='lat' dir='ltr'><strong>illum</strong></span> <span class='ocrx_word' id='word_1_226' title='bbox 1291 2140 1463 2177; x_wconf 84' lang='lat' dir='ltr'><strong>versum,</strong></span> <span class='ocrx_word' id='word_1_227' title='bbox 1497 2139 1614 2177; x_wconf 87' lang='lat' dir='ltr'><strong>quem</strong></span> <span class='ocrx_word' id='word_1_228' title='bbox 1642 2127 1765 2166; x_wconf 85' lang='lat' dir='ltr'><strong>Tzetz.</strong></span> 
     </span>
     <span class='ocr_line' id='line_1_30' title="bbox 236 2191 1677 2242; baseline 0 -11"><span class='ocrx_word' id='word_1_229' title='bbox 236 2192 434 2242; x_wconf 87' lang='lat' dir='ltr'><strong>Lycophr.</strong></span> <span class='ocrx_word' id='word_1_230' title='bbox 466 2205 503 2230; x_wconf 90' lang='lat' dir='ltr'><strong>v.</strong></span> <span class='ocrx_word' id='word_1_231' title='bbox 537 2191 621 2230; x_wconf 87' lang='lat'><strong>315</strong></span> <span class='ocrx_word' id='word_1_232' title='bbox 655 2193 696 2229; x_wconf 89' lang='lat' dir='ltr'><strong>et</strong></span> <span class='ocrx_word' id='word_1_233' title='bbox 722 2191 850 2231; x_wconf 85' lang='lat' dir='ltr'><strong>Schol.</strong></span> <span class='ocrx_word' id='word_1_234' title='bbox 883 2192 1019 2242; x_wconf 84' lang='lat' dir='ltr'><strong>Eurip.</strong></span> <span class='ocrx_word' id='word_1_235' title='bbox 1051 2193 1148 2232; x_wconf 90' lang='lat' dir='ltr'><strong>Hec.</strong></span> <span class='ocrx_word' id='word_1_236' title='bbox 1179 2193 1231 2231; x_wconf 90' lang='lat' dir='ltr'><strong>ad</strong></span> <span class='ocrx_word' id='word_1_237' title='bbox 1262 2206 1297 2231; x_wconf 90' lang='lat' dir='ltr'><strong>v.</strong></span> <span class='ocrx_word' id='word_1_238' title='bbox 1333 2193 1446 2232; x_wconf 85' lang='lat'>1255</span> <span class='ocrx_word' id='word_1_239' title='bbox 1481 2192 1677 2232; x_wconf 86' lang='lat' dir='ltr'><strong>servavit:</strong></span> 
     </span>
    </p>
   </div>
   <div class='ocr_carea' id='block_1_8' title="bbox 512 2269 1384 2327">
    <p class='ocr_par' dir='ltr' id='par_1_8' title="bbox 512 2269 1384 2327">
     <span class='ocr_line' id='line_1_31' title="bbox 512 2269 1384 2327; baseline 0.002 -15"><span class='ocrx_word' id='word_1_240' title='bbox 512 2269 563 2312; x_wconf 74' lang='lat' dir='ltr'><strong>uO</strong></span> <span class='ocrx_word' id='word_1_241' title='bbox 593 2272 659 2313; x_wconf 82' lang='grc' dir='ltr'><strong>καὶ</strong></span> <span class='ocrx_word' id='word_1_242' title='bbox 690 2270 812 2322; x_wconf 84' lang='grc' dir='ltr'><strong><em>κυνὸς</em></strong></span> <span class='ocrx_word' id='word_1_243' title='bbox 842 2276 1006 2315; x_wconf 82' lang='grc' dir='ltr'><strong><em>καλοῦσι</em></strong></span> <span class='ocrx_word' id='word_1_244' title='bbox 1038 2272 1238 2327; x_wconf 78' lang='grc' dir='ltr'><strong><em>δυσμόρου</em></strong></span> <span class='ocrx_word' id='word_1_245' title='bbox 1270 2277 1384 2327; x_wconf 81' lang='grc' dir='ltr'><strong><em>σῆμα.</em></strong></span> 
     </span>
    </p>
   </div>
   <div class='ocr_carea' id='block_1_9' title="bbox 238 2367 523 2373">
    <p class='ocr_par' dir='ltr' id='par_1_9' title="bbox 238 2367 523 2373">
     <span class='ocr_line' id='line_1_32' title="bbox 238 2367 523 2373; baseline 0 0"><span class='ocrx_word' id='word_1_246' title='bbox 238 2367 523 2373; x_wconf 95' lang='lat' dir='ltr'><strong> </strong></span> 
     </span>
    </p>
   </div>
   <div class='ocr_carea' id='block_1_10' title="bbox 238 2411 1769 2924">
    <p class='ocr_par' dir='ltr' id='par_1_10' title="bbox 238 2411 1768 2591">
     <span class='ocr_line' id='line_1_33' title="bbox 333 2411 1768 2459; baseline 0.001 -13"><span class='ocrx_word' id='word_1_247' title='bbox 333 2412 367 2457; x_wconf 87' lang='grc'><strong>*)</strong></span> <span class='ocrx_word' id='word_1_248' title='bbox 393 2411 500 2457; x_wconf 83' lang='lat' dir='ltr'><strong>Diog.</strong></span> <span class='ocrx_word' id='word_1_249' title='bbox 527 2411 649 2447; x_wconf 84' lang='lat' dir='ltr'><strong>Laert.</strong></span> <span class='ocrx_word' id='word_1_250' title='bbox 677 2412 709 2447; x_wconf 94' lang='lat' dir='ltr'><strong>V</strong></span> <span class='ocrx_word' id='word_1_251' title='bbox 736 2416 780 2447; x_wconf 84' lang='lat'><strong>35</strong></span> <span class='ocrx_word' id='word_1_252' title='bbox 814 2413 984 2447; x_wconf 84' lang='lat' dir='ltr'><strong>recenset</strong></span> <span class='ocrx_word' id='word_1_253' title='bbox 1013 2412 1237 2457; x_wconf 89' lang='lat' dir='ltr'><strong>philosopho</strong></span> <span class='ocrx_word' id='word_1_254' title='bbox 1271 2412 1548 2457; x_wconf 84' lang='lat' dir='ltr'><strong>cognominem,</strong></span> <span class='ocrx_word' id='word_1_255' title='bbox 1580 2425 1689 2459; x_wconf 88' lang='lat' dir='ltr'><strong>quem</strong></span> <span class='ocrx_word' id='word_1_256' title='bbox 1722 2414 1768 2448; x_wconf 86' lang='lat' dir='ltr'><strong>de</strong></span> 
     </span>
     <span class='ocr_line' id='line_1_34' title="bbox 238 2441 1767 2506; baseline 0.001 -11"><span class='ocrx_word' id='word_1_257' title='bbox 238 2460 357 2495; x_wconf 83' lang='lat' dir='ltr'><strong>Iliade</strong></span> <span class='ocrx_word' id='word_1_258' title='bbox 383 2459 475 2495; x_wconf 86' lang='lat' dir='ltr'><strong>dicit</strong></span> <span class='ocrx_word' id='word_1_259' title='bbox 503 2459 711 2503; x_wconf 86' lang='lat' dir='ltr'><strong>scripsisse.</strong></span> <span class='ocrx_word' id='word_1_260' title='bbox 737 2460 957 2495; x_wconf 71' lang='lat' dir='ltr'><strong>Aristoteles</strong></span> <span class='ocrx_word' id='word_1_261' title='bbox 977 2459 1151 2495; x_wconf 83' lang='lat' dir='ltr'><strong>Aeschini</strong></span> <span class='ocrx_word' id='word_1_262' title='bbox 1178 2460 1357 2495; x_wconf 87' lang='lat' dir='ltr'><strong>Socratici</strong></span> <span class='ocrx_word' id='word_1_263' title='bbox 1375 2441 1583 2506; x_wconf 78' lang='lat' dir='ltr'><strong>familiaris,</strong></span> <span class='ocrx_word' id='word_1_264' title='bbox 1603 2461 1664 2496; x_wconf 86' lang='lat' dir='ltr'><strong>cui</strong></span> <span class='ocrx_word' id='word_1_265' title='bbox 1681 2461 1767 2496; x_wconf 85' lang='grc' dir='ltr'><strong>Μῦ-</strong></span> 
     </span>
     <span class='ocr_line' id='line_1_35' title="bbox 238 2506 1767 2591; baseline 0.001 -48"><span class='ocrx_word' id='word_1_266' title='bbox 238 2511 311 2591; x_wconf 57' lang='lat' dir='ltr'><strong>gos</strong></span> <span class='ocrx_word' id='word_1_267' title='bbox 337 2518 544 2553; x_wconf 85' lang='lat' dir='ltr'><strong>cognomen</strong></span> <span class='ocrx_word' id='word_1_268' title='bbox 569 2506 641 2542; x_wconf 85' lang='lat' dir='ltr'><strong>fuit</strong></span> <span class='ocrx_word' id='word_1_269' title='bbox 666 2506 788 2552; x_wconf 84' lang='lat' dir='ltr'><strong>(Diog.</strong></span> <span class='ocrx_word' id='word_1_270' title='bbox 815 2508 855 2542; x_wconf 91' lang='lat' dir='ltr'><strong>L.</strong></span> <span class='ocrx_word' id='word_1_271' title='bbox 883 2506 917 2541; x_wconf 91' lang='lat' dir='ltr'><strong>II</strong></span> <span class='ocrx_word' id='word_1_272' title='bbox 943 2511 998 2544; x_wconf 88' lang='lat'><strong>63</strong></span> <span class='ocrx_word' id='word_1_273' title='bbox 1025 2507 1058 2542; x_wconf 94' lang='lat' dir='ltr'><strong>V</strong></span> <span class='ocrx_word' id='word_1_274' title='bbox 1085 2508 1165 2553; x_wconf 86' lang='lat'><strong>35),</strong></span> <span class='ocrx_word' id='word_1_275' title='bbox 1197 2508 1296 2543; x_wconf 90' lang='lat' dir='ltr'><strong>certe</strong></span> <span class='ocrx_word' id='word_1_276' title='bbox 1329 2508 1376 2542; x_wconf 85' lang='lat' dir='ltr'><strong>ab</strong></span> <span class='ocrx_word' id='word_1_277' title='bbox 1410 2508 1480 2542; x_wconf 90' lang='lat' dir='ltr'><strong>hoc</strong></span> <span class='ocrx_word' id='word_1_278' title='bbox 1511 2508 1767 2554; x_wconf 83' lang='lat' dir='ltr'><strong>peplographo</strong></span> 
     </span>
    </p>

    <p class='ocr_par' dir='ltr' id='par_1_11' title="bbox 265 2566 413 2591">
     <span class='ocr_line' id='line_1_36' title="bbox 265 2566 413 2591; baseline 0 -1"><span class='ocrx_word' id='word_1_279' title='bbox 265 2566 413 2591; x_wconf 74' lang='lat' dir='ltr'><strong>iversus.</strong></span> 
     </span>
    </p>

    <p class='ocr_par' dir='ltr' id='par_1_12' title="bbox 240 2601 1769 2923">
     <span class='ocr_line' id='line_1_37' title="bbox 335 2601 1765 2662; baseline 0.001 -25"><span class='ocrx_word' id='word_1_280' title='bbox 335 2602 388 2648; x_wconf 81' lang='lat'><strong>**)</strong></span> <span class='ocrx_word' id='word_1_281' title='bbox 421 2601 637 2662; x_wconf 85' lang='lat' dir='ltr'><strong>Ambigitur</strong></span> <span class='ocrx_word' id='word_1_282' title='bbox 662 2602 706 2637; x_wconf 90' lang='lat' dir='ltr'><strong>de</strong></span> <span class='ocrx_word' id='word_1_283' title='bbox 745 2602 830 2638; x_wconf 90' lang='lat' dir='ltr'><strong>libri</strong></span> <span class='ocrx_word' id='word_1_284' title='bbox 868 2602 1057 2659; x_wconf 85' lang='lat' dir='ltr'><strong>scriptore.</strong></span> <span class='ocrx_word' id='word_1_285' title='bbox 1103 2602 1235 2638; x_wconf 75' lang='lat' dir='ltr'><strong>suidas</strong></span> <span class='ocrx_word' id='word_1_286' title='bbox 1267 2602 1412 2643; x_wconf 77' lang='grc' dir='ltr'><strong>Πῶλοςε</strong></span> <span class='ocrx_word' id='word_1_287' title='bbox 1537 2602 1677 2660; x_wconf 78' lang='grc' dir='ltr'><strong><em>ἔγραψε</em></strong></span> <span class='ocrx_word' id='word_1_288' title='bbox 1710 2616 1765 2648; x_wconf 78' lang='grc' dir='ltr'><strong>γε·</strong></span> 
     </span>
     <span class='ocr_line' id='line_1_38' title="bbox 240 2646 1769 2710; baseline 0.001 -25"><span class='ocrx_word' id='word_1_289' title='bbox 240 2651 440 2710; x_wconf 80' lang='grc' dir='ltr'><strong><em>νεαλογίαν</em></strong></span> <span class='ocrx_word' id='word_1_290' title='bbox 469 2650 542 2685; x_wconf 80' lang='grc' dir='ltr'><strong>τῶν</strong></span> <span class='ocrx_word' id='word_1_291' title='bbox 575 2647 637 2686; x_wconf 79' lang='grc' dir='ltr'><strong>ἐπ’</strong></span> <span class='ocrx_word' id='word_1_292' title='bbox 663 2647 774 2686; x_wconf 80' lang='grc' dir='ltr'><strong><em>Ἴλιον</em></strong></span> <span class='ocrx_word' id='word_1_293' title='bbox 803 2648 1108 2708; x_wconf 79' lang='grc' dir='ltr'><strong><em>στρατευσάντων</em></strong></span> <span class='ocrx_word' id='word_1_294' title='bbox 1136 2646 1324 2709; x_wconf 80' lang='grc' dir='ltr'><strong><em>Ελλήνων</em></strong></span> <span class='ocrx_word' id='word_1_295' title='bbox 1360 2653 1424 2685; x_wconf 80' lang='grc' dir='ltr'><strong>καὶ</strong></span> <span class='ocrx_word' id='word_1_296' title='bbox 1455 2648 1670 2696; x_wconf 78' lang='grc' dir='ltr'><strong><em>βαρβάρων,</em></strong></span> <span class='ocrx_word' id='word_1_297' title='bbox 1703 2653 1769 2686; x_wconf 77' lang='grc' dir='ltr'><strong>καὶ</strong></span> 
     </span>
     <span class='ocr_line' id='line_1_39' title="bbox 240 2693 1768 2743; baseline -0.001 -10"><span class='ocrx_word' id='word_1_298' title='bbox 240 2698 320 2738; x_wconf 81' lang='grc' dir='ltr'><strong>πῶς</strong></span> <span class='ocrx_word' id='word_1_299' title='bbox 347 2697 504 2738; x_wconf 74' lang='grc' dir='ltr'><strong><em>ἕκαστος</em></strong></span> <span class='ocrx_word' id='word_1_300' title='bbox 529 2695 734 2742; x_wconf 77' lang='grc' dir='ltr'><strong><em>ἄπηλλαξε·</em></strong></span> <span class='ocrx_word' id='word_1_301' title='bbox 762 2697 862 2738; x_wconf 78' lang='grc' dir='ltr'><strong><em>τινὲς</em></strong></span> <span class='ocrx_word' id='word_1_302' title='bbox 887 2694 926 2733; x_wconf 82' lang='grc' dir='ltr'><strong>δ’</strong></span> <span class='ocrx_word' id='word_1_303' title='bbox 954 2694 1048 2733; x_wconf 79' lang='grc' dir='ltr'><strong><em>αὐτὸ</em></strong></span> <span class='ocrx_word' id='word_1_304' title='bbox 1077 2693 1283 2743; x_wconf 86' lang='grc' dir='ltr'><strong><em>Δαμαστου</em></strong></span> <span class='ocrx_word' id='word_1_305' title='bbox 1303 2694 1566 2742; x_wconf 79' lang='grc' dir='ltr'><strong><em>ἐπιγράφουσι.</em></strong></span> <span class='ocrx_word' id='word_1_306' title='bbox 1599 2698 1768 2733; x_wconf 89' lang='lat' dir='ltr'><strong>Eundem</strong></span> 
     </span>
     <span class='ocr_line' id='line_1_40' title="bbox 240 2742 1768 2798; baseline 0 -18"><span class='ocrx_word' id='word_1_307' title='bbox 240 2746 379 2781; x_wconf 87' lang='lat' dir='ltr'><strong>librum</strong></span> <span class='ocrx_word' id='word_1_308' title='bbox 409 2744 580 2780; x_wconf 84' lang='lat' dir='ltr'><strong>Damasti</strong></span> <span class='ocrx_word' id='word_1_309' title='bbox 611 2745 760 2781; x_wconf 86' lang='lat' dir='ltr'><strong>tribuit:</strong></span> <span class='ocrx_word' id='word_1_310' title='bbox 794 2742 1030 2791; x_wconf 77' lang='grc' dir='ltr'><strong><em>Δαμάστης.</em></strong></span> <span class='ocrx_word' id='word_1_311' title='bbox 1082 2744 1282 2791; x_wconf 82' lang='grc' dir='ltr'><strong><em>,γέγραφε</em></strong></span> <span class='ocrx_word' id='word_1_312' title='bbox 1312 2771 1347 2779; x_wconf 92' lang='grc'><strong>..</strong></span> <span class='ocrx_word' id='word_1_313' title='bbox 1370 2773 1378 2781; x_wconf 91' lang='grc'><strong>.</strong></span> <span class='ocrx_word' id='word_1_314' title='bbox 1411 2745 1497 2798; x_wconf 78' lang='grc' dir='ltr'><strong><em>περὶ</em></strong></span> <span class='ocrx_word' id='word_1_315' title='bbox 1528 2743 1672 2790; x_wconf 80' lang='grc' dir='ltr'><strong><em>γονέων</em></strong></span> <span class='ocrx_word' id='word_1_316' title='bbox 1703 2745 1768 2780; x_wconf 76' lang='grc' dir='ltr'><strong>καὶ</strong></span> 
     </span>
     <span class='ocr_line' id='line_1_41' title="bbox 241 2789 1768 2874; baseline 0 -46"><span class='ocrx_word' id='word_1_317' title='bbox 241 2790 438 2838; x_wconf 82' lang='grc' dir='ltr'><strong><em>προγόνων</em></strong></span> <span class='ocrx_word' id='word_1_318' title='bbox 464 2792 536 2827; x_wconf 81' lang='grc' dir='ltr'><strong>τῶν</strong></span> <span class='ocrx_word' id='word_1_319' title='bbox 563 2791 618 2833; x_wconf 83' lang='grc' dir='ltr'><strong>εἰς</strong></span> <span class='ocrx_word' id='word_1_320' title='bbox 636 2789 746 2828; x_wconf 85' lang='grc' dir='ltr'><strong><em>Ιλιον</em></strong></span> <span class='ocrx_word' id='word_1_321' title='bbox 772 2791 1104 2839; x_wconf 83' lang='grc' dir='ltr'><strong><em>στρατευσαμένων</em></strong></span> <span class='ocrx_word' id='word_1_322' title='bbox 1131 2793 1256 2847; x_wconf 83' lang='grc' dir='ltr'><strong><em>βιβλία</em></strong></span> <span class='ocrx_word' id='word_1_323' title='bbox 1270 2790 1326 2874; x_wconf 61' lang='lat' dir='ltr'><strong>g.</strong></span> <span class='ocrx_word' id='word_1_324' title='bbox 1378 2792 1481 2827; x_wconf 87' lang='lat' dir='ltr'><strong>cuius</strong></span> <span class='ocrx_word' id='word_1_325' title='bbox 1511 2792 1768 2828; x_wconf 78' lang='lat' dir='ltr'><strong>testimonium</strong></span> 
     </span>
     <span class='ocr_line' id='line_1_42' title="bbox 241 2839 1768 2886; baseline 0.001 -11"><span class='ocrx_word' id='word_1_326' title='bbox 241 2841 366 2876; x_wconf 87' lang='lat' dir='ltr'><strong>firmat</strong></span> <span class='ocrx_word' id='word_1_327' title='bbox 390 2840 542 2885; x_wconf 86' lang='lat' dir='ltr'><strong>Dionys.</strong></span> <span class='ocrx_word' id='word_1_328' title='bbox 569 2839 689 2876; x_wconf 87' lang='lat' dir='ltr'><strong>Halic.</strong></span> <span class='ocrx_word' id='word_1_329' title='bbox 721 2839 871 2886; x_wconf 86' lang='lat' dir='ltr'><strong>Antiqu.</strong></span> <span class='ocrx_word' id='word_1_330' title='bbox 906 2840 922 2874; x_wconf 97' lang='lat' dir='ltr'>I</span> <span class='ocrx_word' id='word_1_331' title='bbox 955 2845 1010 2876; x_wconf 82' lang='lat'><strong>72.</strong></span> <span class='ocrx_word' id='word_1_332' title='bbox 1043 2840 1088 2876; x_wconf 88' lang='lat' dir='ltr'><strong>cf.</strong></span> <span class='ocrx_word' id='word_1_333' title='bbox 1121 2840 1236 2876; x_wconf 85' lang='lat' dir='ltr'><strong>etiam</strong></span> <span class='ocrx_word' id='word_1_334' title='bbox 1303 2839 1421 2875; x_wconf 85' lang='lat' dir='ltr'><strong>oeckh</strong></span> <span class='ocrx_word' id='word_1_335' title='bbox 1447 2839 1574 2886; x_wconf 86' lang='lat' dir='ltr'><strong>Epigr.</strong></span> <span class='ocrx_word' id='word_1_336' title='bbox 1601 2840 1768 2876; x_wconf 83' lang='lat' dir='ltr'><strong>chronol.</strong></span> 
     </span>
     <span class='ocr_line' id='line_1_43' title="bbox 244 2888 456 2924; baseline 0.005 -2"><span class='ocrx_word' id='word_1_337' title='bbox 244 2888 349 2924; x_wconf 72' lang='lat' dir='ltr'><strong>stud.</strong></span> <span class='ocrx_word' id='word_1_338' title='bbox 377 2891 456 2923; x_wconf 87' lang='lat'><strong>141.</strong></span> 
     </span>
    </p>
   </div>
   <div class='ocr_carea' id='block_1_11' title="bbox 336 2933 1647 2982">
    <p class='ocr_par' dir='ltr' id='par_1_13' title="bbox 336 2933 1647 2982">
     <span class='ocr_line' id='line_1_44' title="bbox 336 2933 1647 2982; baseline 0 -11"><span class='ocrx_word' id='word_1_339' title='bbox 336 2933 412 2979; x_wconf 75' lang='lat'>***)</span> <span class='ocrx_word' id='word_1_340' title='bbox 439 2934 586 2971; x_wconf 84' lang='lat' dir='ltr'><strong>Hecker</strong></span> <span class='ocrx_word' id='word_1_341' title='bbox 611 2936 643 2972; x_wconf 93' lang='lat' dir='ltr'><strong>II</strong></span> <span class='ocrx_word' id='word_1_342' title='bbox 671 2940 713 2972; x_wconf 80' lang='lat'><strong>77</strong></span> <span class='ocrx_word' id='word_1_343' title='bbox 741 2948 772 2971; x_wconf 89' lang='lat' dir='ltr'><strong>v.</strong></span> <span class='ocrx_word' id='word_1_344' title='bbox 803 2939 820 2971; x_wconf 92' lang='lat'>1</span> <span class='ocrx_word' id='word_1_345' title='bbox 848 2936 1077 2982; x_wconf 81' lang='grc' dir='ltr'><strong><em>Λυκαονίὸη,</em></strong></span> <span class='ocrx_word' id='word_1_346' title='bbox 1102 2948 1136 2970; x_wconf 90' lang='lat' dir='ltr'><strong>v.</strong></span> <span class='ocrx_word' id='word_1_347' title='bbox 1164 2939 1183 2970; x_wconf 92' lang='lat'>3</span> <span class='ocrx_word' id='word_1_348' title='bbox 1211 2936 1430 2972; x_wconf 81' lang='grc' dir='ltr'><strong><em>Δολιονίδαι</em></strong></span> <span class='ocrx_word' id='word_1_349' title='bbox 1454 2933 1531 2982; x_wconf 80' lang='lat' dir='ltr'><strong>legi</strong></span> <span class='ocrx_word' id='word_1_350' title='bbox 1556 2935 1647 2972; x_wconf 70' lang='lat' dir='ltr'><strong>vult.</strong></span> 
     </span>
    </p>
   </div>
  </div>
 </body>
</html>
