<?xml version="1.0" encoding="UTF-8"?>
<!DOCTYPE html PUBLIC "-//W3C//DTD XHTML 1.0 Transitional//EN"
    "http://www.w3.org/TR/xhtml1/DTD/xhtml1-transitional.dtd">
<html xmlns="http://www.w3.org/1999/xhtml" xml:lang="en" lang="en">
 <head>
  <title>
</title>
<meta http-equiv="Content-Type" content="text/html;charset=utf-8" />
  <meta name='ocr-system' content='tesseract 3.04.00' />
  <meta name='ocr-capabilities' content='ocr_page ocr_carea ocr_par ocr_line ocrx_word'/>
</head>
<body>
  <div class='ocr_page' id='page_1' title='image "./poetaelyricigrae02berguoft_0521.png"; bbox 0 0 1890 3216; ppageno 0'>
   <div class='ocr_carea' id='block_1_1' title="bbox 809 189 1697 231">
    <p class='ocr_par' dir='ltr' id='par_1_1' title="bbox 809 189 1697 231">
     <span class='ocr_line' id='line_1_1' title="bbox 809 189 1697 231; baseline 0.003 -3"><span class='ocrx_word' id='word_1_1' title='bbox 809 190 1054 229; x_wconf 80' lang='lat' dir='ltr'><strong>HERODAS.</strong></span> <span class='ocrx_word' id='word_1_2' title='bbox 1612 189 1697 231; x_wconf 75' lang='grc'><strong><em>511</em></strong></span> 
     </span>
    </p>
   </div>
   <div class='ocr_carea' id='block_1_2' title="bbox 249 302 1706 503">
    <p class='ocr_par' dir='ltr' id='par_1_2' title="bbox 249 302 1706 503">
     <span class='ocr_line' id='line_1_2' title="bbox 914 302 1706 345; baseline -0.004 0"><span class='ocrx_word' id='word_1_3' title='bbox 914 302 953 345; x_wconf 99' lang='lat'><strong><em>7.</em></strong></span> <span class='ocrx_word' id='word_1_4' title='bbox 1636 310 1706 343; x_wconf 76' lang='lat' dir='ltr'><strong><em>79ss</em></strong></span> 
     </span>
     <span class='ocr_line' id='line_1_3' title="bbox 249 381 1304 442; baseline -0.004 -11"><span class='ocrx_word' id='word_1_5' title='bbox 249 385 416 442; x_wconf 81' lang='grc' dir='ltr'><em>Γύναι,</em></span> <span class='ocrx_word' id='word_1_6' title='bbox 448 384 502 431; x_wconf 77' lang='grc' dir='ltr'><strong><em>τὰ</em></strong></span> <span class='ocrx_word' id='word_1_7' title='bbox 534 382 668 430; x_wconf 80' lang='grc' dir='ltr'><strong><em>λευκὰ</em></strong></span> <span class='ocrx_word' id='word_1_8' title='bbox 701 386 793 430; x_wconf 78' lang='grc' dir='ltr'><strong><em>τῶν</em></strong></span> <span class='ocrx_word' id='word_1_9' title='bbox 824 386 991 442; x_wconf 76' lang='grc' dir='ltr'><strong><em>τριχῶν</em></strong></span> <span class='ocrx_word' id='word_1_10' title='bbox 1023 381 1304 441; x_wconf 79' lang='grc' dir='ltr'><em>ἀπαμβλύνει</em></span> 
     </span>
     <span class='ocr_line' id='line_1_4' title="bbox 249 450 909 503; baseline 0 0"><span class='ocrx_word' id='word_1_11' title='bbox 249 456 331 503; x_wconf 86' lang='grc' dir='ltr'><strong><em>τὸν</em></strong></span> <span class='ocrx_word' id='word_1_12' title='bbox 363 459 491 503; x_wconf 85' lang='grc' dir='ltr'><strong><em>νοῦν.</em></strong></span> <span class='ocrx_word' id='word_1_13' title='bbox 905 450 909 455; x_wconf 48' lang='grc'>’</span> 
     </span>
    </p>
   </div>
   <div class='ocr_carea' id='block_1_3' title="bbox 917 554 958 598">
    <p class='ocr_par' dir='ltr' id='par_1_3' title="bbox 917 554 958 598">
     <span class='ocr_line' id='line_1_5' title="bbox 917 554 958 598; baseline 0.024 -1"><span class='ocrx_word' id='word_1_14' title='bbox 917 554 958 598; x_wconf 90' lang='grc'><strong><em>8.</em></strong></span> 
     </span>
    </p>
   </div>
   <div class='ocr_carea' id='block_1_4' title="bbox 237 634 916 696">
    <p class='ocr_par' dir='ltr' id='par_1_4' title="bbox 237 634 916 696">
     <span class='ocr_line' id='line_1_6' title="bbox 237 634 916 696; baseline -0.004 -13"><span class='ocrx_word' id='word_1_15' title='bbox 237 635 338 696; x_wconf 72' lang='lat' dir='ltr'><em>’&#39;Ay&#39;</em></span> <span class='ocrx_word' id='word_1_16' title='bbox 375 635 516 683; x_wconf 86' lang='grc' dir='ltr'><strong><em>αὐτὸν</em></strong></span> <span class='ocrx_word' id='word_1_17' title='bbox 548 639 611 690; x_wconf 77' lang='grc' dir='ltr'><strong><em>εἰς</em></strong></span> <span class='ocrx_word' id='word_1_18' title='bbox 641 634 692 681; x_wconf 88' lang='grc' dir='ltr'><strong><em>τὸ</em></strong></span> <span class='ocrx_word' id='word_1_19' title='bbox 727 634 916 694; x_wconf 80' lang='grc' dir='ltr'><strong><em>ζήτριον.</em></strong></span> 
     </span>
    </p>
   </div>
   <div class='ocr_carea' id='block_1_5' title="bbox 911 757 952 801">
    <p class='ocr_par' dir='ltr' id='par_1_5' title="bbox 911 757 952 801">
     <span class='ocr_line' id='line_1_7' title="bbox 911 757 952 801; baseline 0.049 -2"><span class='ocrx_word' id='word_1_20' title='bbox 911 757 952 801; x_wconf 89' lang='lat'><strong><em>9.</em></strong></span> 
     </span>
    </p>
   </div>
   <div class='ocr_carea' id='block_1_6' title="bbox 334 836 1047 897">
    <p class='ocr_par' dir='ltr' id='par_1_6' title="bbox 334 836 1047 897">
     <span class='ocr_line' id='line_1_8' title="bbox 334 836 1047 897; baseline -0.003 -11.866"><span class='ocrx_word' id='word_1_21' title='bbox 334 839 464 886; x_wconf 87' lang='grc' dir='ltr'><strong><em>,Ἵνα</em></strong></span> <span class='ocrx_word' id='word_1_22' title='bbox 495 838 549 885; x_wconf 80' lang='grc' dir='ltr'><strong><em>τὰ</em></strong></span> <span class='ocrx_word' id='word_1_23' title='bbox 582 843 658 884; x_wconf 94' lang='lat' dir='ltr'><strong><em>N</em></strong></span> <span class='ocrx_word' id='word_1_24' title='bbox 630 836 832 884; x_wconf 77' lang='grc' dir='ltr'><strong><em>αννοῖκου</em></strong></span> <span class='ocrx_word' id='word_1_25' title='bbox 863 837 1047 897; x_wconf 84' lang='grc' dir='ltr'><strong><em>κλαύσῃ.</em></strong></span> 
     </span>
    </p>
   </div>
   <div class='ocr_carea' id='block_1_7' title="bbox 788 961 1074 967">
    <p class='ocr_par' dir='ltr' id='par_1_7' title="bbox 788 961 1074 967">
     <span class='ocr_line' id='line_1_9' title="bbox 788 961 1074 967; baseline 0 0"><span class='ocrx_word' id='word_1_26' title='bbox 788 961 1074 967; x_wconf 95' lang='lat' dir='ltr'><strong><em> </em></strong></span> 
     </span>
    </p>
   </div>
   <div class='ocr_carea' id='block_1_8' title="bbox 736 1048 1132 1094">
    <p class='ocr_par' dir='ltr' id='par_1_8' title="bbox 736 1048 1132 1094">
     <span class='ocr_line' id='line_1_10' title="bbox 736 1048 1132 1094; baseline -0.003 0"><span class='ocrx_word' id='word_1_27' title='bbox 736 1048 1132 1094; x_wconf 87' lang='grc' dir='ltr'><strong><em>ΗΜΙΑΜΒΟΙ.</em></strong></span> 
     </span>
    </p>
   </div>
   <div class='ocr_carea' id='block_1_9' title="bbox 837 1151 1024 1269">
    <p class='ocr_par' dir='ltr' id='par_1_9' title="bbox 837 1151 1024 1269">
     <span class='ocr_line' id='line_1_11' title="bbox 903 1151 971 1193; baseline 0.015 -1"><span class='ocrx_word' id='word_1_28' title='bbox 903 1151 971 1193; x_wconf 89' lang='grc'><strong><em>10.</em></strong></span> 
     </span>
     <span class='ocr_line' id='line_1_12' title="bbox 837 1234 1024 1269; baseline 0.011 -3"><span class='ocrx_word' id='word_1_29' title='bbox 837 1234 1024 1269; x_wconf 74' lang='grc' dir='ltr'><strong><em>ΤΠΝΟΣ.</em></strong></span> 
     </span>
    </p>
   </div>
   <div class='ocr_carea' id='block_1_10' title="bbox 252 1303 1704 1580">
    <p class='ocr_par' dir='ltr' id='par_1_10' title="bbox 256 1303 883 1363">
     <span class='ocr_line' id='line_1_13' title="bbox 256 1303 883 1363; baseline 0.002 -13"><span class='ocrx_word' id='word_1_30' title='bbox 256 1303 501 1363; x_wconf 82' lang='grc' dir='ltr'><strong><em>Φεύγωμεν</em></strong></span> <span class='ocrx_word' id='word_1_31' title='bbox 534 1306 580 1350; x_wconf 81' lang='grc' dir='ltr'><strong><em>ἐκ</em></strong></span> <span class='ocrx_word' id='word_1_32' title='bbox 611 1304 883 1363; x_wconf 76' lang='grc' dir='ltr'><strong><em>προσώπου.</em></strong></span> 
     </span>
    </p>

    <p class='ocr_par' dir='ltr' id='par_1_11' title="bbox 252 1375 906 1436">
     <span class='ocr_line' id='line_1_14' title="bbox 252 1375 906 1436; baseline 0.002 -15"><span class='ocrx_word' id='word_1_33' title='bbox 252 1376 312 1435; x_wconf 82' lang='grc' dir='ltr'><strong><em>μή</em></strong></span> <span class='ocrx_word' id='word_1_34' title='bbox 346 1375 387 1422; x_wconf 90' lang='grc' dir='ltr'><strong><em>σ’</em></strong></span> <span class='ocrx_word' id='word_1_35' title='bbox 423 1378 622 1436; x_wconf 79' lang='grc' dir='ltr'><strong><em>ἐκπερῶν</em></strong></span> <span class='ocrx_word' id='word_1_36' title='bbox 655 1375 679 1422; x_wconf 85' lang='grc' dir='ltr'>ὁ</span> <span class='ocrx_word' id='word_1_37' title='bbox 712 1377 906 1436; x_wconf 79' lang='grc' dir='ltr'><strong><em>πρέσβυς</em></strong></span> 
     </span>
    </p>

    <p class='ocr_par' dir='ltr' id='par_1_12' title="bbox 253 1447 1704 1580">
     <span class='ocr_line' id='line_1_15' title="bbox 254 1447 1704 1509; baseline -0.003 -15"><span class='ocrx_word' id='word_1_38' title='bbox 254 1447 366 1509; x_wconf 81' lang='grc' dir='ltr'><strong><em>ούλῇ</em></strong></span> <span class='ocrx_word' id='word_1_39' title='bbox 397 1448 562 1494; x_wconf 83' lang='grc' dir='ltr'><strong><em>κατιθὺ</em></strong></span> <span class='ocrx_word' id='word_1_40' title='bbox 594 1486 604 1496; x_wconf 94' lang='grc'><strong><em>.</em></strong></span> <span class='ocrx_word' id='word_1_41' title='bbox 636 1485 645 1495; x_wconf 93' lang='grc'><strong><em>.</em></strong></span> <span class='ocrx_word' id='word_1_42' title='bbox 1631 1457 1704 1490; x_wconf 79' lang='grc'><strong><em>797</em></strong></span> 
     </span>
     <span class='ocr_line' id='line_1_16' title="bbox 253 1520 699 1580; baseline 0.002 -14"><span class='ocrx_word' id='word_1_43' title='bbox 253 1524 443 1580; x_wconf 84' lang='grc' dir='ltr'><strong><em>βατηρίῃ</em></strong></span> <span class='ocrx_word' id='word_1_44' title='bbox 474 1520 666 1580; x_wconf 82' lang='grc' dir='ltr'><strong><em>καλύψῃ.</em></strong></span> <span class='ocrx_word' id='word_1_45' title='bbox 697 1551 699 1553; x_wconf 97' lang='grc'>-</span> 
     </span>
    </p>
   </div>
   <div class='ocr_carea' id='block_1_11' title="bbox 165 1672 1708 1831">
    <p class='ocr_par' dir='ltr' id='par_1_13' title="bbox 187 1672 1704 1820">
     <span class='ocr_line' id='line_1_17' title="bbox 259 1672 1704 1733; baseline -0.003 -20"><span class='ocrx_word' id='word_1_46' title='bbox 259 1677 320 1713; x_wconf 87' lang='lat' dir='ltr'><strong><em>Fr.</em></strong></span> <span class='ocrx_word' id='word_1_47' title='bbox 346 1681 378 1714; x_wconf 91' lang='lat'><strong><em>7.</em></strong></span> <span class='ocrx_word' id='word_1_48' title='bbox 430 1677 532 1713; x_wconf 80' lang='lat' dir='ltr'><strong>Stob.</strong></span> <span class='ocrx_word' id='word_1_49' title='bbox 554 1676 670 1712; x_wconf 90' lang='lat' dir='ltr'>CXVI</span> <span class='ocrx_word' id='word_1_50' title='bbox 690 1680 752 1712; x_wconf 79' lang='lat'><strong><em>24:</em></strong></span> <span class='ocrx_word' id='word_1_51' title='bbox 775 1673 924 1733; x_wconf 81' lang='grc' dir='ltr'><strong><em>Ηρώδα</em></strong></span> <span class='ocrx_word' id='word_1_52' title='bbox 951 1672 1184 1723; x_wconf 77' lang='grc' dir='ltr'><strong><em>Μιμιάμβων</em></strong></span> <span class='ocrx_word' id='word_1_53' title='bbox 1211 1673 1365 1732; x_wconf 80' lang='lat' dir='ltr'>(Gesner</span> <span class='ocrx_word' id='word_1_54' title='bbox 1389 1675 1431 1710; x_wconf 82' lang='lat' dir='ltr'><strong><em>in</em></strong></span> <span class='ocrx_word' id='word_1_55' title='bbox 1451 1673 1704 1730; x_wconf 84' lang='lat' dir='ltr'><strong>Hemiambis).</strong></span> 
     </span>
     <span class='ocr_line' id='line_1_18' title="bbox 259 1718 1706 1781; baseline -0.004 -20"><span class='ocrx_word' id='word_1_56' title='bbox 259 1726 319 1761; x_wconf 83' lang='lat' dir='ltr'><strong><em>Fr.</em></strong></span> <span class='ocrx_word' id='word_1_57' title='bbox 346 1729 378 1761; x_wconf 89' lang='lat'><strong><em>8.</em></strong></span> <span class='ocrx_word' id='word_1_58' title='bbox 429 1724 487 1760; x_wconf 75' lang='lat' dir='ltr'><strong><em>Et.</em></strong></span> <span class='ocrx_word' id='word_1_59' title='bbox 514 1725 564 1760; x_wconf 91' lang='lat' dir='ltr'><strong><em>M.</em></strong></span> <span class='ocrx_word' id='word_1_60' title='bbox 591 1736 626 1770; x_wconf 88' lang='lat' dir='ltr'>p</span> <span class='ocrx_word' id='word_1_61' title='bbox 654 1728 735 1766; x_wconf 91' lang='grc'><strong>411,</strong></span> <span class='ocrx_word' id='word_1_62' title='bbox 763 1727 828 1760; x_wconf 88' lang='lat'><strong><em>83:</em></strong></span> <span class='ocrx_word' id='word_1_63' title='bbox 862 1721 1058 1781; x_wconf 89' lang='grc' dir='ltr'><strong><em>Ζήτρειον·</em></strong></span> <span class='ocrx_word' id='word_1_64' title='bbox 1091 1723 1267 1769; x_wconf 81' lang='grc' dir='ltr'><strong><em>σημαίνει</em></strong></span> <span class='ocrx_word' id='word_1_65' title='bbox 1298 1720 1340 1758; x_wconf 85' lang='grc' dir='ltr'><strong><em>τὸ</em></strong></span> <span class='ocrx_word' id='word_1_66' title='bbox 1374 1722 1448 1758; x_wconf 81' lang='grc' dir='ltr'><strong><em>τῶν</em></strong></span> <span class='ocrx_word' id='word_1_67' title='bbox 1474 1718 1619 1757; x_wconf 81' lang='grc' dir='ltr'><strong><em>δούλων</em></strong></span> <span class='ocrx_word' id='word_1_68' title='bbox 1645 1721 1706 1756; x_wconf 80' lang='grc' dir='ltr'><strong><em>δε-</em></strong></span> 
     </span>
     <span class='ocr_line' id='line_1_19' title="bbox 165 1765 1708 1831; baseline -0.003 -21.927"><span class='ocrx_word' id='word_1_69' title='bbox 165 1770 374 1831; x_wconf 86' lang='grc' dir='ltr'><strong><em>σμωτήριον</em></strong></span> <span class='ocrx_word' id='word_1_70' title='bbox 404 1801 412 1809; x_wconf 96' lang='grc'><strong><em>.</em></strong></span> <span class='ocrx_word' id='word_1_71' title='bbox 428 1801 435 1809; x_wconf 93' lang='grc'><strong><em>.</em></strong></span> <span class='ocrx_word' id='word_1_72' title='bbox 452 1800 460 1808; x_wconf 92' lang='grc'><strong><em>.</em></strong></span> <span class='ocrx_word' id='word_1_73' title='bbox 487 1785 644 1830; x_wconf 81' lang='grc' dir='ltr'><strong><em>ευρηται</em></strong></span> <span class='ocrx_word' id='word_1_74' title='bbox 670 1771 712 1808; x_wconf 75' lang='grc' dir='ltr'><strong><em>δὲ</em></strong></span> <span class='ocrx_word' id='word_1_75' title='bbox 740 1771 805 1807; x_wconf 80' lang='grc' dir='ltr'><strong><em>καὶ</em></strong></span> <span class='ocrx_word' id='word_1_76' title='bbox 831 1769 895 1807; x_wconf 80' lang='grc' dir='ltr'><strong><em>διὰ</em></strong></span> <span class='ocrx_word' id='word_1_77' title='bbox 922 1771 990 1807; x_wconf 81' lang='grc' dir='ltr'><strong><em>τοῦ</em></strong></span> <span class='ocrx_word' id='word_1_78' title='bbox 1011 1784 1025 1806; x_wconf 90' lang='grc' dir='ltr'><strong><em>ι</em></strong></span> <span class='ocrx_word' id='word_1_79' title='bbox 1050 1768 1367 1828; x_wconf 81' lang='grc' dir='ltr'><strong><em>συνεσταλμένον·</em></strong></span> <span class='ocrx_word' id='word_1_80' title='bbox 1394 1770 1458 1806; x_wconf 81' lang='grc' dir='ltr'><strong><em>καὶ</em></strong></span> <span class='ocrx_word' id='word_1_81' title='bbox 1477 1766 1581 1815; x_wconf 79' lang='grc' dir='ltr'><strong><em>παρὰ</em></strong></span> <span class='ocrx_word' id='word_1_82' title='bbox 1602 1765 1708 1813; x_wconf 68' lang='grc' dir='ltr'><strong><em>“Ηρο-</em></strong></span> 
     </span>
    </p>
   </div>
   <div class='ocr_carea' id='block_1_12' title="bbox 114 1814 1707 1878">
    <p class='ocr_par' dir='ltr' id='par_1_14' title="bbox 114 1814 1707 1878">
     <span class='ocr_line' id='line_1_20' title="bbox 114 1814 1707 1878; baseline -0.003 -21"><span class='ocrx_word' id='word_1_83' title='bbox 114 1868 116 1870; x_wconf 14' lang='grc' dir='ltr'><strong>Υ</strong></span> <span class='ocrx_word' id='word_1_84' title='bbox 162 1818 263 1870; x_wconf 75' lang='grc' dir='ltr'><strong><em>δότῳ</em></strong></span> <span class='ocrx_word' id='word_1_85' title='bbox 289 1820 609 1877; x_wconf 76' lang='lat' dir='ltr'><strong>(Hemsterhusius</strong></span> <span class='ocrx_word' id='word_1_86' title='bbox 630 1817 810 1866; x_wconf 55' lang='grc' dir='ltr'><strong><em>εἨρώδῃ)</em></strong></span> <span class='ocrx_word' id='word_1_87' title='bbox 836 1832 906 1865; x_wconf 88' lang='grc' dir='ltr'><strong><em>αγε</em></strong></span> <span class='ocrx_word' id='word_1_88' title='bbox 934 1815 1053 1854; x_wconf 75' lang='grc' dir='ltr'><strong><em>αὐτὸν</em></strong></span> <span class='ocrx_word' id='word_1_89' title='bbox 1079 1818 1133 1859; x_wconf 80' lang='grc' dir='ltr'><strong><em>εἰς</em></strong></span> <span class='ocrx_word' id='word_1_90' title='bbox 1158 1816 1199 1854; x_wconf 87' lang='grc' dir='ltr'><strong><em>τὸ</em></strong></span> <span class='ocrx_word' id='word_1_91' title='bbox 1228 1817 1408 1878; x_wconf 81' lang='grc' dir='ltr'><strong><em>ζήτρειον.</em></strong></span> <span class='ocrx_word' id='word_1_92' title='bbox 1461 1816 1539 1853; x_wconf 75' lang='grc' dir='ltr'><strong><em>ἔστι</em></strong></span> <span class='ocrx_word' id='word_1_93' title='bbox 1571 1814 1614 1852; x_wconf 77' lang='grc' dir='ltr'><strong><em>δὲ</em></strong></span> <span class='ocrx_word' id='word_1_94' title='bbox 1646 1829 1707 1862; x_wconf 85' lang='grc' dir='ltr'><strong><em>χο-</em></strong></span> 
     </span>
    </p>
   </div>
   <div class='ocr_carea' id='block_1_13' title="bbox 163 1858 1708 2401">
    <p class='ocr_par' dir='ltr' id='par_1_15' title="bbox 164 1858 1707 2012">
     <span class='ocr_line' id='line_1_21' title="bbox 165 1858 1707 1928; baseline -0.004 -23"><span class='ocrx_word' id='word_1_95' title='bbox 165 1858 326 1928; x_wconf 83' lang='grc' dir='ltr'><strong><em>ρίαμβον</em></strong></span> <span class='ocrx_word' id='word_1_96' title='bbox 351 1865 393 1904; x_wconf 86' lang='grc' dir='ltr'><strong><em>τὸ</em></strong></span> <span class='ocrx_word' id='word_1_97' title='bbox 420 1867 569 1915; x_wconf 81' lang='grc' dir='ltr'><strong><em>μέτρον.</em></strong></span> <span class='ocrx_word' id='word_1_98' title='bbox 596 1868 662 1904; x_wconf 90' lang='lat' dir='ltr'><strong><em>sed</em></strong></span> <span class='ocrx_word' id='word_1_99' title='bbox 687 1867 794 1904; x_wconf 83' lang='lat' dir='ltr'><strong>codd.</strong></span> <span class='ocrx_word' id='word_1_100' title='bbox 820 1867 915 1903; x_wconf 86' lang='lat' dir='ltr'><strong>Nan.</strong></span> <span class='ocrx_word' id='word_1_101' title='bbox 942 1879 978 1912; x_wconf 85' lang='lat' dir='ltr'><strong><em>p.</em></strong></span> <span class='ocrx_word' id='word_1_102' title='bbox 1004 1870 1075 1902; x_wconf 81' lang='lat'><strong><em>494</em></strong></span> <span class='ocrx_word' id='word_1_103' title='bbox 1109 1863 1276 1912; x_wconf 81' lang='grc' dir='ltr'><strong><em>ζήτριον·</em></strong></span> <span class='ocrx_word' id='word_1_104' title='bbox 1309 1864 1386 1902; x_wconf 75' lang='grc' dir='ltr'><strong><em>ἔστι</em></strong></span> <span class='ocrx_word' id='word_1_105' title='bbox 1423 1864 1465 1901; x_wconf 78' lang='grc' dir='ltr'><strong><em>δὲ</em></strong></span> <span class='ocrx_word' id='word_1_106' title='bbox 1502 1866 1707 1912; x_wconf 82' lang='grc' dir='ltr'><strong><em>χορίαμβον</em></strong></span> 
     </span>
     <span class='ocr_line' id='line_1_22' title="bbox 164 1911 1707 1976; baseline -0.003 -23"><span class='ocrx_word' id='word_1_107' title='bbox 164 1914 207 1953; x_wconf 83' lang='grc' dir='ltr'><strong><em>τὸ</em></strong></span> <span class='ocrx_word' id='word_1_108' title='bbox 234 1914 360 1975; x_wconf 80' lang='grc' dir='ltr'><strong><em>μέσον.</em></strong></span> <span class='ocrx_word' id='word_1_109' title='bbox 387 1917 517 1952; x_wconf 80' lang='lat' dir='ltr'><strong>Zonar.</strong></span> <span class='ocrx_word' id='word_1_110' title='bbox 543 1929 578 1952; x_wconf 86' lang='lat' dir='ltr'><strong><em>v.</em></strong></span> <span class='ocrx_word' id='word_1_111' title='bbox 613 1919 719 1962; x_wconf 86' lang='grc' dir='ltr'><strong><em>Ζητρ.</em></strong></span> <span class='ocrx_word' id='word_1_112' title='bbox 748 1912 909 1976; x_wconf 85' lang='grc' dir='ltr'><strong><em>ζήτριον.</em></strong></span> <span class='ocrx_word' id='word_1_113' title='bbox 947 1914 1023 1951; x_wconf 80' lang='grc' dir='ltr'><strong><em>ἔστι</em></strong></span> <span class='ocrx_word' id='word_1_114' title='bbox 1049 1913 1091 1950; x_wconf 76' lang='grc' dir='ltr'><strong><em>δὲ</em></strong></span> <span class='ocrx_word' id='word_1_115' title='bbox 1124 1915 1340 1964; x_wconf 84' lang='grc' dir='ltr'><strong><em>χωλίαμβον</em></strong></span> <span class='ocrx_word' id='word_1_116' title='bbox 1368 1911 1409 1950; x_wconf 87' lang='grc' dir='ltr'><strong><em>τὸ</em></strong></span> <span class='ocrx_word' id='word_1_117' title='bbox 1437 1911 1591 1960; x_wconf 84' lang='grc' dir='ltr'><strong><em>μέτρον,</em></strong></span> <span class='ocrx_word' id='word_1_118' title='bbox 1621 1912 1707 1948; x_wconf 76' lang='lat' dir='ltr'><strong>fort.</strong></span> 
     </span>
     <span class='ocr_line' id='line_1_23' title="bbox 166 1961 1021 2020; baseline -0.002 -20"><span class='ocrx_word' id='word_1_119' title='bbox 166 1962 383 2012; x_wconf 75' lang='grc' dir='ltr'><strong><em>χωλιοὲμβου</em></strong></span> <span class='ocrx_word' id='word_1_120' title='bbox 409 1962 451 2000; x_wconf 87' lang='grc' dir='ltr'><strong><em>τὸ</em></strong></span> <span class='ocrx_word' id='word_1_121' title='bbox 480 1962 606 2010; x_wconf 83' lang='grc' dir='ltr'><strong><em>μέσον.</em></strong></span> <span class='ocrx_word' id='word_1_122' title='bbox 643 1963 760 1999; x_wconf 91' lang='lat' dir='ltr'><strong>Brink</strong></span> <span class='ocrx_word' id='word_1_123' title='bbox 787 1961 825 2004; x_wconf 76' lang='grc' dir='ltr'><strong><em>ἐς</em></strong></span> <span class='ocrx_word' id='word_1_124' title='bbox 850 1962 1021 2020; x_wconf 73' lang='lat' dir='ltr'><strong>requirit.</strong></span> 
     </span>
    </p>

    <p class='ocr_par' dir='ltr' id='par_1_16' title="bbox 166 2005 1708 2342">
     <span class='ocr_line' id='line_1_24' title="bbox 259 2005 1706 2066; baseline -0.003 -19"><span class='ocrx_word' id='word_1_125' title='bbox 259 2011 319 2048; x_wconf 82' lang='lat' dir='ltr'><strong><em>Fr.</em></strong></span> <span class='ocrx_word' id='word_1_126' title='bbox 347 2015 380 2047; x_wconf 87' lang='grc'><strong><em>9.</em></strong></span> <span class='ocrx_word' id='word_1_127' title='bbox 425 2011 560 2047; x_wconf 87' lang='lat' dir='ltr'><strong>Zenob.</strong></span> <span class='ocrx_word' id='word_1_128' title='bbox 586 2010 695 2047; x_wconf 87' lang='lat' dir='ltr'><strong>Prob.</strong></span> <span class='ocrx_word' id='word_1_129' title='bbox 721 2011 773 2046; x_wconf 88' lang='lat' dir='ltr'><strong><em>VI</em></strong></span> <span class='ocrx_word' id='word_1_130' title='bbox 799 2015 861 2046; x_wconf 83' lang='lat'><strong><em>20:</em></strong></span> <span class='ocrx_word' id='word_1_131' title='bbox 888 2008 934 2046; x_wconf 80' lang='grc' dir='ltr'><strong><em>τὰ</em></strong></span> <span class='ocrx_word' id='word_1_132' title='bbox 963 2008 1188 2046; x_wconf 81' lang='grc' dir='ltr'><strong><em>Ναννακου·</em></strong></span> <span class='ocrx_word' id='word_1_133' title='bbox 1216 2011 1363 2066; x_wconf 81' lang='grc' dir='ltr'><strong><em>εἴρηται</em></strong></span> <span class='ocrx_word' id='word_1_134' title='bbox 1388 2006 1411 2054; x_wconf 83' lang='grc' dir='ltr'>ἡ</span> <span class='ocrx_word' id='word_1_135' title='bbox 1432 2009 1617 2066; x_wconf 82' lang='grc' dir='ltr'><strong><em>παροιμία</em></strong></span> <span class='ocrx_word' id='word_1_136' title='bbox 1645 2005 1706 2044; x_wconf 77' lang='grc' dir='ltr'><strong><em>ε’πὶ</em></strong></span> 
     </span>
     <span class='ocr_line' id='line_1_25' title="bbox 166 2054 1705 2116; baseline -0.002 -22"><span class='ocrx_word' id='word_1_137' title='bbox 166 2059 240 2095; x_wconf 80' lang='grc' dir='ltr'><strong><em>τῶν</em></strong></span> <span class='ocrx_word' id='word_1_138' title='bbox 271 2057 578 2116; x_wconf 80' lang='grc' dir='ltr'><strong><em>θαυμαζομένων</em></strong></span> <span class='ocrx_word' id='word_1_139' title='bbox 605 2056 668 2094; x_wconf 77' lang='grc' dir='ltr'><strong><em>ἐπὶ</em></strong></span> <span class='ocrx_word' id='word_1_140' title='bbox 698 2057 923 2104; x_wconf 83' lang='grc' dir='ltr'><strong><em>παλαιότητι</em></strong></span> <span class='ocrx_word' id='word_1_141' title='bbox 954 2054 977 2104; x_wconf 81' lang='grc' dir='ltr'>ἢ</span> <span class='ocrx_word' id='word_1_142' title='bbox 1015 2056 1077 2093; x_wconf 81' lang='grc' dir='ltr'><strong><em>ἐπὶ</em></strong></span> <span class='ocrx_word' id='word_1_143' title='bbox 1109 2058 1181 2093; x_wconf 78' lang='grc' dir='ltr'><strong><em>τῶν</em></strong></span> <span class='ocrx_word' id='word_1_144' title='bbox 1217 2055 1262 2093; x_wconf 78' lang='grc' dir='ltr'><strong><em>τὰ</em></strong></span> <span class='ocrx_word' id='word_1_145' title='bbox 1295 2057 1412 2092; x_wconf 88' lang='grc' dir='ltr'><strong><em>πολλα</em></strong></span> <span class='ocrx_word' id='word_1_146' title='bbox 1445 2054 1705 2102; x_wconf 85' lang='grc' dir='ltr'><strong><em>θρηνούντων.</em></strong></span> 
     </span>
     <span class='ocr_line' id='line_1_26' title="bbox 169 2102 1708 2163; baseline -0.002 -21"><span class='ocrx_word' id='word_1_147' title='bbox 169 2105 374 2147; x_wconf 78' lang='grc' dir='ltr'><strong><em>Νάννακος</em></strong></span> <span class='ocrx_word' id='word_1_148' title='bbox 399 2104 470 2152; x_wconf 83' lang='grc' dir='ltr'><strong><em>γὰρ</em></strong></span> <span class='ocrx_word' id='word_1_149' title='bbox 497 2103 646 2163; x_wconf 82' lang='grc' dir='ltr'><strong><em>ἐγένετο</em></strong></span> <span class='ocrx_word' id='word_1_150' title='bbox 674 2107 832 2152; x_wconf 78' lang='grc' dir='ltr'><strong><em>Φρυγῶν</em></strong></span> <span class='ocrx_word' id='word_1_151' title='bbox 859 2103 1042 2163; x_wconf 61' lang='grc' dir='ltr'><strong><em>βασιλεύς,</em></strong></span> <span class='ocrx_word' id='word_1_152' title='bbox 1075 2102 1125 2146; x_wconf 78' lang='grc' dir='ltr'><strong><em>ὡς</em></strong></span> <span class='ocrx_word' id='word_1_153' title='bbox 1152 2105 1271 2163; x_wconf 55' lang='grc' dir='ltr'><strong><em>φησὶν</em></strong></span> <span class='ocrx_word' id='word_1_154' title='bbox 1301 2102 1530 2161; x_wconf 86' lang='grc' dir='ltr'><strong><em>Ερμογένης</em></strong></span> <span class='ocrx_word' id='word_1_155' title='bbox 1562 2102 1604 2140; x_wconf 82' lang='grc' dir='ltr'><strong><em>ἐν</em></strong></span> <span class='ocrx_word' id='word_1_156' title='bbox 1630 2108 1708 2144; x_wconf 84' lang='grc' dir='ltr'><strong><em>τοῖς</em></strong></span> 
     </span>
     <span class='ocr_line' id='line_1_27' title="bbox 170 2151 1707 2214; baseline -0.003 -23"><span class='ocrx_word' id='word_1_157' title='bbox 170 2157 421 2210; x_wconf 80' lang='grc' dir='ltr'><strong><em>Φρυγιακοῖς,</em></strong></span> <span class='ocrx_word' id='word_1_158' title='bbox 451 2151 524 2199; x_wconf 88' lang='grc' dir='ltr'><strong><em>πρὸ</em></strong></span> <span class='ocrx_word' id='word_1_159' title='bbox 556 2154 632 2189; x_wconf 79' lang='grc' dir='ltr'><strong><em>τῶν</em></strong></span> <span class='ocrx_word' id='word_1_160' title='bbox 665 2154 930 2195; x_wconf 82' lang='grc' dir='ltr'><strong><em>Δευκαλίωνος</em></strong></span> <span class='ocrx_word' id='word_1_161' title='bbox 961 2151 1116 2214; x_wconf 88' lang='grc' dir='ltr'><strong><em>χρόνων,</em></strong></span> <span class='ocrx_word' id='word_1_162' title='bbox 1149 2167 1193 2194; x_wconf 86' lang='lat'><strong><em>09</em></strong></span> <span class='ocrx_word' id='word_1_163' title='bbox 1218 2154 1402 2197; x_wconf 80' lang='grc' dir='ltr'><strong><em>προειὸως</em></strong></span> <span class='ocrx_word' id='word_1_164' title='bbox 1433 2165 1499 2187; x_wconf 90' lang='grc' dir='ltr'><strong><em>τον</em></strong></span> <span class='ocrx_word' id='word_1_165' title='bbox 1525 2151 1707 2197; x_wconf 84' lang='grc' dir='ltr'><strong><em>μέλλοντα</em></strong></span> 
     </span>
     <span class='ocr_line' id='line_1_28' title="bbox 163 2197 1706 2260; baseline -0.002 -22.992"><span class='ocrx_word' id='word_1_166' title='bbox 163 2201 441 2260; x_wconf 83' lang='grc' dir='ltr'><strong><em>κατακλυσμὸν</em></strong></span> <span class='ocrx_word' id='word_1_167' title='bbox 465 2198 690 2258; x_wconf 77' lang='grc' dir='ltr'><strong><em>συναγαγών</em></strong></span> <span class='ocrx_word' id='word_1_168' title='bbox 727 2198 874 2243; x_wconf 78' lang='grc' dir='ltr'><strong><em>πάντας</em></strong></span> <span class='ocrx_word' id='word_1_169' title='bbox 907 2201 960 2242; x_wconf 79' lang='grc' dir='ltr'><strong><em>εἰς</em></strong></span> <span class='ocrx_word' id='word_1_170' title='bbox 994 2198 1039 2236; x_wconf 78' lang='grc' dir='ltr'><strong><em>τὰ</em></strong></span> <span class='ocrx_word' id='word_1_171' title='bbox 1073 2198 1157 2246; x_wconf 82' lang='grc' dir='ltr'><strong><em>ἷερα</em></strong></span> <span class='ocrx_word' id='word_1_172' title='bbox 1189 2198 1282 2247; x_wconf 79' lang='grc' dir='ltr'><strong><em>μετὰ</em></strong></span> <span class='ocrx_word' id='word_1_173' title='bbox 1316 2197 1491 2258; x_wconf 75' lang='grc' dir='ltr'><strong><em>δακρύων</em></strong></span> <span class='ocrx_word' id='word_1_174' title='bbox 1526 2198 1706 2236; x_wconf 83' lang='grc' dir='ltr'><strong><em>ἴκέτευεν.</em></strong></span> 
     </span>
     <span class='ocr_line' id='line_1_29' title="bbox 163 2244 1706 2307; baseline -0.002 -21.984"><span class='ocrx_word' id='word_1_175' title='bbox 163 2247 331 2307; x_wconf 79' lang='grc' dir='ltr'><strong><em>Ἡρώδης</em></strong></span> <span class='ocrx_word' id='word_1_176' title='bbox 357 2247 398 2285; x_wconf 74' lang='grc' dir='ltr'><strong><em>δὲ</em></strong></span> <span class='ocrx_word' id='word_1_177' title='bbox 426 2245 446 2284; x_wconf 79' lang='grc' dir='ltr'><em>ὃ</em></span> <span class='ocrx_word' id='word_1_178' title='bbox 474 2246 698 2306; x_wconf 86' lang='grc' dir='ltr'><strong><em>ἰαμβοποιός</em></strong></span> <span class='ocrx_word' id='word_1_179' title='bbox 723 2261 856 2295; x_wconf 87' lang='grc' dir='ltr'><strong><em>φησιν·</em></strong></span> <span class='ocrx_word' id='word_1_180' title='bbox 883 2250 961 2284; x_wconf 75' lang='grc' dir='ltr'><strong><em>ἵνα</em></strong></span> <span class='ocrx_word' id='word_1_181' title='bbox 987 2262 1039 2284; x_wconf 89' lang='grc' dir='ltr'><strong><em>τα</em></strong></span> <span class='ocrx_word' id='word_1_182' title='bbox 1066 2249 1114 2306; x_wconf 92' lang='lat' dir='ltr'><strong><em>(V</em></strong></span> <span class='ocrx_word' id='word_1_183' title='bbox 1133 2259 1200 2294; x_wconf 90' lang='lat' dir='ltr'><strong><em>pro</em></strong></span> <span class='ocrx_word' id='word_1_184' title='bbox 1220 2248 1279 2284; x_wconf 85' lang='lat' dir='ltr'><strong><em>his</em></strong></span> <span class='ocrx_word' id='word_1_185' title='bbox 1305 2249 1350 2283; x_wconf 84' lang='grc' dir='ltr'><strong><em>τὰ</em></strong></span> <span class='ocrx_word' id='word_1_186' title='bbox 1376 2245 1470 2294; x_wconf 89' lang='grc' dir='ltr'><strong><em>απὸ)</em></strong></span> <span class='ocrx_word' id='word_1_187' title='bbox 1497 2244 1706 2283; x_wconf 85' lang='grc' dir='ltr'><strong><em>Ναννακου</em></strong></span> 
     </span>
     <span class='ocr_line' id='line_1_30' title="bbox 168 2264 1169 2342; baseline -0.003 -8"><span class='ocrx_word' id='word_1_188' title='bbox 168 2264 318 2334; x_wconf 79' lang='grc' dir='ltr'><strong><em>κλαύσω</em></strong></span> <span class='ocrx_word' id='word_1_189' title='bbox 345 2297 391 2342; x_wconf 85' lang='lat' dir='ltr'><strong><em>&lt;V</em></strong></span> <span class='ocrx_word' id='word_1_190' title='bbox 417 2294 578 2342; x_wconf 87' lang='grc' dir='ltr'><strong><em>κλαύσι),</em></strong></span> <span class='ocrx_word' id='word_1_191' title='bbox 604 2296 703 2332; x_wconf 85' lang='lat' dir='ltr'><strong>unde</strong></span> <span class='ocrx_word' id='word_1_192' title='bbox 729 2297 989 2333; x_wconf 82' lang='lat' dir='ltr'><strong>Schneidewin</strong></span> <span class='ocrx_word' id='word_1_193' title='bbox 1015 2293 1169 2342; x_wconf 81' lang='grc' dir='ltr'><strong><em>κλαύσῃ.</em></strong></span> 
     </span>
    </p>

    <p class='ocr_par' dir='ltr' id='par_1_17' title="bbox 263 2339 1705 2401">
     <span class='ocr_line' id='line_1_31' title="bbox 263 2339 1705 2401; baseline -0.001 -22"><span class='ocrx_word' id='word_1_194' title='bbox 263 2344 323 2380; x_wconf 84' lang='lat' dir='ltr'><strong><em>Fr.</em></strong></span> <span class='ocrx_word' id='word_1_195' title='bbox 351 2348 406 2380; x_wconf 90' lang='grc'><strong><em>10.</em></strong></span> <span class='ocrx_word' id='word_1_196' title='bbox 457 2343 580 2380; x_wconf 85' lang='lat' dir='ltr'><strong>Schol.</strong></span> <span class='ocrx_word' id='word_1_197' title='bbox 608 2344 764 2381; x_wconf 83' lang='lat' dir='ltr'><strong>Nicand.</strong></span> <span class='ocrx_word' id='word_1_198' title='bbox 792 2345 901 2380; x_wconf 87' lang='lat' dir='ltr'><strong>Ther.</strong></span> <span class='ocrx_word' id='word_1_199' title='bbox 929 2349 1016 2380; x_wconf 88' lang='lat'><strong>377.</strong></span> <span class='ocrx_word' id='word_1_200' title='bbox 1044 2345 1195 2401; x_wconf 86' lang='grc' dir='ltr'><strong><em>Βατῆρα</em></strong></span> <span class='ocrx_word' id='word_1_201' title='bbox 1221 2342 1264 2380; x_wconf 70' lang='grc' dir='ltr'><strong><em>δὲ</em></strong></span> <span class='ocrx_word' id='word_1_202' title='bbox 1290 2340 1359 2389; x_wconf 86' lang='grc' dir='ltr'><strong><em>τὴν</em></strong></span> <span class='ocrx_word' id='word_1_203' title='bbox 1386 2344 1594 2391; x_wconf 77' lang='grc' dir='ltr'><strong><em>βακτηρίαν</em></strong></span> <span class='ocrx_word' id='word_1_204' title='bbox 1620 2339 1705 2378; x_wconf 86' lang='grc' dir='ltr'><strong><em>κατ’</em></strong></span> 
     </span>
    </p>
   </div>
   <div class='ocr_carea' id='block_1_14' title="bbox 97 2382 1707 2496">
    <p class='ocr_par' dir='ltr' id='par_1_18' title="bbox 97 2382 1707 2488">
     <span class='ocr_line' id='line_1_32' title="bbox 161 2382 1707 2474; baseline -0.003 -44.979"><span class='ocrx_word' id='word_1_205' title='bbox 161 2390 372 2451; x_wconf 86' lang='grc' dir='ltr'><strong><em>αφαίρεσιν</em></strong></span> <span class='ocrx_word' id='word_1_206' title='bbox 404 2392 471 2427; x_wconf 84' lang='grc' dir='ltr'><strong><em>τοῦ</em></strong></span> <span class='ocrx_word' id='word_1_207' title='bbox 503 2401 543 2427; x_wconf 82' lang='grc' dir='ltr'><strong><em>κ·</em></strong></span> <span class='ocrx_word' id='word_1_208' title='bbox 575 2391 640 2427; x_wconf 77' lang='grc' dir='ltr'><strong><em>καὶ</em></strong></span> <span class='ocrx_word' id='word_1_209' title='bbox 666 2382 834 2451; x_wconf 71' lang='grc' dir='ltr'><strong><em>Ηρῶὃης</em></strong></span> <span class='ocrx_word' id='word_1_210' title='bbox 866 2390 907 2428; x_wconf 79' lang='grc' dir='ltr'><strong><em>ἐν</em></strong></span> <span class='ocrx_word' id='word_1_211' title='bbox 943 2389 1213 2474; x_wconf 57' lang='grc' dir='ltr'><strong><em>Ημιάὲινβοις</em></strong></span> <span class='ocrx_word' id='word_1_212' title='bbox 1249 2388 1289 2427; x_wconf 80' lang='grc' dir='ltr'><strong><em>ἐν</em></strong></span> <span class='ocrx_word' id='word_1_213' title='bbox 1321 2392 1371 2439; x_wconf 82' lang='grc' dir='ltr'><strong><em>τῷ</em></strong></span> <span class='ocrx_word' id='word_1_214' title='bbox 1410 2388 1707 2449; x_wconf 73' lang='grc' dir='ltr'><strong><em>ἐπιγραφομένῳ</em></strong></span> 
     </span>
     <span class='ocr_line' id='line_1_33' title="bbox 97 2435 1047 2496; baseline -0.001 -20"><span class='ocrx_word' id='word_1_215' title='bbox 97 2451 122 2464; x_wconf 87' lang='grc'><strong><em>··</em></strong></span> <span class='ocrx_word' id='word_1_216' title='bbox 161 2438 309 2488; x_wconf 72' lang='grc' dir='ltr'><strong><em>’Ὗπνῳ-</em></strong></span> <span class='ocrx_word' id='word_1_217' title='bbox 341 2440 471 2495; x_wconf 86' lang='lat' dir='ltr'>(vulgo</span> <span class='ocrx_word' id='word_1_218' title='bbox 499 2435 641 2496; x_wconf 86' lang='grc' dir='ltr'><strong><em>ὁμοίως</em></strong></span> <span class='ocrx_word' id='word_1_219' title='bbox 666 2438 730 2474; x_wconf 84' lang='grc' dir='ltr'><strong><em>καὶ</em></strong></span> <span class='ocrx_word' id='word_1_220' title='bbox 757 2436 799 2474; x_wconf 80' lang='grc' dir='ltr'><strong><em>ἐν</em></strong></span> <span class='ocrx_word' id='word_1_221' title='bbox 825 2437 1047 2495; x_wconf 81' lang='grc' dir='ltr'><strong><em>Ημιάμβοις</em></strong></span> 
     </span>
    </p>
   </div>
   <div class='ocr_carea' id='block_1_15' title="bbox 160 2450 1710 3008">
    <p class='ocr_par' dir='ltr' id='par_1_19' title="bbox 168 2450 1710 3008">
     <span class='ocr_line' id='line_1_34' title="bbox 1157 2450 1707 2497; baseline -0.004 -22"><span class='ocrx_word' id='word_1_222' title='bbox 1157 2453 1207 2487; x_wconf 84' lang='grc' dir='ltr'><strong><em>τῳ</em></strong></span> <span class='ocrx_word' id='word_1_223' title='bbox 1237 2451 1554 2497; x_wconf 83' lang='grc' dir='ltr'><strong><em>περιγραφομενῳ</em></strong></span> <span class='ocrx_word' id='word_1_224' title='bbox 1588 2450 1707 2486; x_wconf 79' lang='grc' dir='ltr'><strong><em>υπνφ,</em></strong></span> 
     </span>
     <span class='ocr_line' id='line_1_35' title="bbox 168 2475 1707 2540; baseline -0.003 -15"><span class='ocrx_word' id='word_1_225' title='bbox 168 2489 233 2525; x_wconf 76' lang='lat' dir='ltr'><strong><em>sed</em></strong></span> <span class='ocrx_word' id='word_1_226' title='bbox 258 2489 287 2525; x_wconf 91' lang='lat' dir='ltr'>L</span> <span class='ocrx_word' id='word_1_227' title='bbox 321 2487 386 2523; x_wconf 79' lang='grc' dir='ltr'><strong><em>καὶ</em></strong></span> <span class='ocrx_word' id='word_1_228' title='bbox 411 2484 580 2540; x_wconf 78' lang='grc' dir='ltr'><strong><em>Ἡρώδης</em></strong></span> <span class='ocrx_word' id='word_1_229' title='bbox 615 2484 657 2523; x_wconf 71' lang='grc' dir='ltr'><strong><em>ἐν</em></strong></span> <span class='ocrx_word' id='word_1_230' title='bbox 687 2483 893 2534; x_wconf 80' lang='grc' dir='ltr'><strong><em>ἡμιαμβσις</em></strong></span> <span class='ocrx_word' id='word_1_231' title='bbox 925 2485 967 2522; x_wconf 78' lang='grc' dir='ltr'><strong><em>ἐν</em></strong></span> <span class='ocrx_word' id='word_1_232' title='bbox 999 2487 1049 2535; x_wconf 83' lang='grc' dir='ltr'><strong><em>τῷ</em></strong></span> <span class='ocrx_word' id='word_1_233' title='bbox 1082 2486 1399 2533; x_wconf 85' lang='grc' dir='ltr'><strong><em>περιγραφομένῳ</em></strong></span> <span class='ocrx_word' id='word_1_234' title='bbox 1424 2483 1542 2533; x_wconf 80' lang='grc' dir='ltr'><strong><em>ῧπνῳ.</em></strong></span> <span class='ocrx_word' id='word_1_235' title='bbox 1595 2475 1707 2520; x_wconf 87' lang='lat' dir='ltr'><strong>Bern-</strong></span> 
     </span>
     <span class='ocr_line' id='line_1_36' title="bbox 160 2522 1709 2595; baseline -0.003 -22.977"><span class='ocrx_word' id='word_1_236' title='bbox 160 2537 300 2595; x_wconf 81' lang='lat' dir='ltr'><strong>hardy,</strong></span> <span class='ocrx_word' id='word_1_237' title='bbox 326 2533 599 2578; x_wconf 84' lang='lat' dir='ltr'><strong>Schneidewin,</strong></span> <span class='ocrx_word' id='word_1_238' title='bbox 630 2534 697 2570; x_wconf 84' lang='lat' dir='ltr'><strong><em>alii</em></strong></span> <span class='ocrx_word' id='word_1_239' title='bbox 722 2532 764 2569; x_wconf 78' lang='grc' dir='ltr'><strong><em>ἐν</em></strong></span> <span class='ocrx_word' id='word_1_240' title='bbox 796 2524 1043 2582; x_wconf 80' lang='grc' dir='ltr'><strong><em>Μιμιοὶμβοις,</em></strong></span> <span class='ocrx_word' id='word_1_241' title='bbox 1070 2534 1289 2578; x_wconf 79' lang='lat' dir='ltr'><strong>coniiciunt,</strong></span> <span class='ocrx_word' id='word_1_242' title='bbox 1321 2534 1421 2569; x_wconf 88' lang='lat' dir='ltr'><strong>idem</strong></span> <span class='ocrx_word' id='word_1_243' title='bbox 1448 2522 1709 2568; x_wconf 82' lang='lat' dir='ltr'><strong>Schneidewin</strong></span> 
     </span>
     <span class='ocr_line' id='line_1_37' title="bbox 160 2561 1706 2643; baseline -0.003 -21.938"><span class='ocrx_word' id='word_1_244' title='bbox 160 2580 291 2643; x_wconf 71' lang='grc' dir='ltr'><strong><em>’Ὕμνῳ</em></strong></span> <span class='ocrx_word' id='word_1_245' title='bbox 323 2583 485 2640; x_wconf 82' lang='lat' dir='ltr'><strong>probare</strong></span> <span class='ocrx_word' id='word_1_246' title='bbox 514 2581 678 2625; x_wconf 71' lang='lat' dir='ltr'><strong>videtur,</strong></span> <span class='ocrx_word' id='word_1_247' title='bbox 713 2582 813 2627; x_wconf 87' lang='lat' dir='ltr'><strong>quod</strong></span> <span class='ocrx_word' id='word_1_248' title='bbox 845 2593 939 2617; x_wconf 85' lang='lat' dir='ltr'><strong>unus</strong></span> <span class='ocrx_word' id='word_1_249' title='bbox 972 2582 1088 2618; x_wconf 86' lang='lat' dir='ltr'><strong>codex</strong></span> <span class='ocrx_word' id='word_1_250' title='bbox 1120 2561 1289 2617; x_wconf 75' lang='lat' dir='ltr'><strong><em>Venetus&#39;</em></strong></span> <span class='ocrx_word' id='word_1_251' title='bbox 1316 2581 1543 2638; x_wconf 73' lang='lat' dir='ltr'><strong>suppeditat,</strong></span> <span class='ocrx_word' id='word_1_252' title='bbox 1576 2579 1660 2616; x_wconf 90' lang='lat' dir='ltr'><strong>Keil</strong></span> <span class='ocrx_word' id='word_1_253' title='bbox 1686 2578 1706 2616; x_wconf 84' lang='grc' dir='ltr'><strong>ὁ</strong></span> 
     </span>
     <span class='ocr_line' id='line_1_38' title="bbox 168 2625 1710 2733; baseline -0.003 -18"><span class='ocrx_word' id='word_1_254' title='bbox 168 2621 408 2715; x_wconf 52' lang='grc' dir='ltr'><strong><em>ῗμιαμβὲἷῖς</em></strong></span> <span class='ocrx_word' id='word_1_255' title='bbox 427 2629 610 2713; x_wconf 54' lang='grc' dir='ltr'><strong><em>..810ᾳῖἶῇ</em></strong></span> <span class='ocrx_word' id='word_1_256' title='bbox 628 2628 1189 2733; x_wconf 52' lang='grc' dir='ltr'><strong><em>ωῗτῖιῖᾜᾞῃῗοὲρῖἰῗῖικαέ</em></strong></span> <span class='ocrx_word' id='word_1_257' title='bbox 1203 2625 1415 2711; x_wconf 58' lang='grc' dir='ltr'><strong><em>Ηροώὸηςαο</em></strong></span> <span class='ocrx_word' id='word_1_258' title='bbox 1443 2628 1625 2712; x_wconf 40' lang='lat' dir='ltr'><strong>Mag...</strong></span> <span class='ocrx_word' id='word_1_259' title='bbox 1634 2629 1710 2684; x_wconf 65' lang='lat'><strong><em>⁶⁰⁹</em></strong></span> 
     </span>
     <span class='ocr_line' id='line_1_39' title="bbox 171 2671 1710 2785; baseline -0.003 -23"><span class='ocrx_word' id='word_1_260' title='bbox 171 2692 218 2785; x_wconf 50' lang='lat'><strong><em>²3:</em></strong></span> <span class='ocrx_word' id='word_1_261' title='bbox 239 2693 289 2773; x_wconf 53' lang='grc' dir='ltr'><strong><em>τε</em></strong></span> <span class='ocrx_word' id='word_1_262' title='bbox 315 2691 486 2769; x_wconf 57' lang='grc' dir='ltr'><strong><em>καῖγῗῧρῗὸ</em></strong></span> <span class='ocrx_word' id='word_1_263' title='bbox 508 2691 656 2770; x_wconf 42' lang='grc' dir='ltr'><strong><em>ιομοίως</em></strong></span> <span class='ocrx_word' id='word_1_264' title='bbox 686 2721 706 2759; x_wconf 87' lang='grc' dir='ltr'>ὁ</span> <span class='ocrx_word' id='word_1_265' title='bbox 734 2722 954 2780; x_wconf 87' lang='grc' dir='ltr'><strong><em>Ημίαμβος</em></strong></span> <span class='ocrx_word' id='word_1_266' title='bbox 975 2722 1016 2759; x_wconf 82' lang='grc' dir='ltr'><strong><em>ἐν</em></strong></span> <span class='ocrx_word' id='word_1_267' title='bbox 1051 2737 1080 2759; x_wconf 88' lang='grc' dir='ltr'><strong><em>τ.</em></strong></span> <span class='ocrx_word' id='word_1_268' title='bbox 1112 2690 1163 2759; x_wconf 58' lang='grc' dir='ltr'><strong><em>ἰω</em></strong></span> <span class='ocrx_word' id='word_1_269' title='bbox 1178 2690 1234 2767; x_wconf 61' lang='grc' dir='ltr'><strong><em>ῧῃς</em></strong></span> <span class='ocrx_word' id='word_1_270' title='bbox 1259 2689 1372 2759; x_wconf 57' lang='lat' dir='ltr'><strong>Vgilw</strong></span> <span class='ocrx_word' id='word_1_271' title='bbox 1368 2671 1710 2767; x_wconf 54' lang='grc' dir='ltr'><strong><em>κμαξοςῌρωέιαῗῖς</em></strong></span> 
     </span>
     <span class='ocr_line' id='line_1_40' title="bbox 173 2767 1706 2832; baseline -0.003 -21"><span class='ocrx_word' id='word_1_272' title='bbox 173 2771 311 2832; x_wconf 83' lang='grc' dir='ltr'><strong><em>ὁμοίως</em></strong></span> <span class='ocrx_word' id='word_1_273' title='bbox 335 2773 400 2809; x_wconf 83' lang='grc' dir='ltr'><strong><em>καὶ</em></strong></span> <span class='ocrx_word' id='word_1_274' title='bbox 425 2770 614 2819; x_wconf 84' lang='grc' dir='ltr'><strong><em>ὴμίαμβος</em></strong></span> <span class='ocrx_word' id='word_1_275' title='bbox 641 2769 682 2808; x_wconf 81' lang='grc' dir='ltr'><strong><em>ἕν</em></strong></span> <span class='ocrx_word' id='word_1_276' title='bbox 707 2772 757 2819; x_wconf 77' lang='grc' dir='ltr'><strong><em>τῷ</em></strong></span> <span class='ocrx_word' id='word_1_277' title='bbox 786 2769 904 2817; x_wconf 79' lang='grc' dir='ltr'><strong><em>ἐπιγρ.</em></strong></span> <span class='ocrx_word' id='word_1_278' title='bbox 931 2785 1053 2819; x_wconf 82' lang='grc' dir='ltr'><strong><em>υμνῳ,</em></strong></span> <span class='ocrx_word' id='word_1_279' title='bbox 1085 2770 1206 2807; x_wconf 75' lang='lat' dir='ltr'><strong>Vatie.</strong></span> <span class='ocrx_word' id='word_1_280' title='bbox 1240 2770 1303 2806; x_wconf 80' lang='grc' dir='ltr'><strong><em>καὶ</em></strong></span> <span class='ocrx_word' id='word_1_281' title='bbox 1330 2767 1498 2826; x_wconf 84' lang='grc' dir='ltr'><strong><em>Ηρωὸης</em></strong></span> <span class='ocrx_word' id='word_1_282' title='bbox 1523 2768 1661 2816; x_wconf 83' lang='grc' dir='ltr'><strong><em>ὁμοίως</em></strong></span> <span class='ocrx_word' id='word_1_283' title='bbox 1686 2768 1706 2806; x_wconf 84' lang='grc' dir='ltr'><strong>ὁ</strong></span> 
     </span>
     <span class='ocr_line' id='line_1_41' title="bbox 170 2815 1709 2879; baseline -0.002 -22"><span class='ocrx_word' id='word_1_284' title='bbox 170 2818 358 2879; x_wconf 81' lang='grc' dir='ltr'><strong><em>ἡμίαμβος</em></strong></span> <span class='ocrx_word' id='word_1_285' title='bbox 384 2818 425 2856; x_wconf 79' lang='grc' dir='ltr'><strong><em>ἐν</em></strong></span> <span class='ocrx_word' id='word_1_286' title='bbox 450 2821 500 2868; x_wconf 81' lang='grc' dir='ltr'><strong><em>τῷ</em></strong></span> <span class='ocrx_word' id='word_1_287' title='bbox 534 2817 652 2876; x_wconf 77' lang='grc' dir='ltr'><strong><em>ἐπιγρ.</em></strong></span> <span class='ocrx_word' id='word_1_288' title='bbox 686 2815 806 2867; x_wconf 81' lang='grc' dir='ltr'><strong><em>υπνῳ)</em></strong></span> <span class='ocrx_word' id='word_1_289' title='bbox 855 2818 1037 2865; x_wconf 81' lang='grc' dir='ltr'><strong><em>φύγωμεν</em></strong></span> <span class='ocrx_word' id='word_1_290' title='bbox 1062 2822 1136 2855; x_wconf 86' lang='grc' dir='ltr'><strong><em>κτλ.</em></strong></span> <span class='ocrx_word' id='word_1_291' title='bbox 1170 2839 1215 2845; x_wconf 82' lang='grc'>-</span> <span class='ocrx_word' id='word_1_292' title='bbox 1252 2819 1294 2854; x_wconf 92' lang='lat' dir='ltr'><strong><em>V.</em></strong></span> <span class='ocrx_word' id='word_1_293' title='bbox 1324 2822 1353 2854; x_wconf 92' lang='lat'><strong><em>1.</em></strong></span> <span class='ocrx_word' id='word_1_294' title='bbox 1382 2815 1584 2865; x_wconf 82' lang='grc' dir='ltr'><strong><em>φεύγωμεν</em></strong></span> <span class='ocrx_word' id='word_1_295' title='bbox 1610 2819 1709 2864; x_wconf 66' lang='lat' dir='ltr'><strong><em>Vat„</em></strong></span> 
     </span>
     <span class='ocr_line' id='line_1_42' title="bbox 172 2847 1709 2926; baseline -0.002 -21"><span class='ocrx_word' id='word_1_296' title='bbox 172 2866 303 2926; x_wconf 85' lang='grc' dir='ltr'><strong><em>φεύγω</em></strong></span> <span class='ocrx_word' id='word_1_297' title='bbox 328 2867 398 2915; x_wconf 74' lang='grc' dir='ltr'><strong><em>μὲν</em></strong></span> <span class='ocrx_word' id='word_1_298' title='bbox 424 2858 529 2911; x_wconf 62' lang='lat' dir='ltr'><strong>Ven„</strong></span> <span class='ocrx_word' id='word_1_299' title='bbox 556 2879 736 2923; x_wconf 75' lang='grc' dir='ltr'><strong><em>φύγωμεν</em></strong></span> <span class='ocrx_word' id='word_1_300' title='bbox 762 2856 887 2912; x_wconf 87' lang='lat' dir='ltr'><strong>vulgo.</strong></span> <span class='ocrx_word' id='word_1_301' title='bbox 922 2887 962 2892; x_wconf 89' lang='lat'><em>-</em></span> <span class='ocrx_word' id='word_1_302' title='bbox 1069 2871 1101 2903; x_wconf 80' lang='lat'><strong><em>2.</em></strong></span> <span class='ocrx_word' id='word_1_303' title='bbox 1130 2863 1299 2911; x_wconf 78' lang='grc' dir='ltr'><strong><em>ἐκπερῶν</em></strong></span> <span class='ocrx_word' id='word_1_304' title='bbox 1325 2866 1469 2909; x_wconf 82' lang='lat' dir='ltr'><strong>GKLV,</strong></span> <span class='ocrx_word' id='word_1_305' title='bbox 1500 2867 1613 2912; x_wconf 83' lang='lat' dir='ltr'>vulgo</span> <span class='ocrx_word' id='word_1_306' title='bbox 1632 2847 1709 2924; x_wconf 45' lang='lat' dir='ltr'><strong><em>„3ssst</em></strong></span> 
     </span>
     <span class='ocr_line' id='line_1_43' title="bbox 171 2866 1705 2972; baseline -0.001 -20"><span class='ocrx_word' id='word_1_307' title='bbox 171 2914 310 2962; x_wconf 78' lang='grc' dir='ltr'><strong><em>πεσών,</em></strong></span> <span class='ocrx_word' id='word_1_308' title='bbox 334 2916 364 2951; x_wconf 91' lang='grc' dir='ltr'>Ρ</span> <span class='ocrx_word' id='word_1_309' title='bbox 385 2913 428 2951; x_wconf 80' lang='grc' dir='ltr'><strong><em>ἐκ</em></strong></span> <span class='ocrx_word' id='word_1_310' title='bbox 448 2915 606 2972; x_wconf 80' lang='grc' dir='ltr'><strong><em>περσῶν.</em></strong></span> <span class='ocrx_word' id='word_1_311' title='bbox 636 2936 677 2940; x_wconf 93' lang='grc'><strong>-</strong></span> <span class='ocrx_word' id='word_1_312' title='bbox 706 2910 726 2950; x_wconf 88' lang='grc' dir='ltr'>ὁ</span> <span class='ocrx_word' id='word_1_313' title='bbox 754 2915 873 2960; x_wconf 85' lang='lat' dir='ltr'>Toup,</span> <span class='ocrx_word' id='word_1_314' title='bbox 900 2866 1031 2972; x_wconf 76' lang='lat' dir='ltr'><strong><em>vulgoV</em></strong></span> <span class='ocrx_word' id='word_1_315' title='bbox 1033 2914 1150 2949; x_wconf 77' lang='lat' dir='ltr'><strong>deest.</strong></span> <span class='ocrx_word' id='word_1_316' title='bbox 1178 2935 1219 2939; x_wconf 97' lang='lat'><strong>—</strong></span> <span class='ocrx_word' id='word_1_317' title='bbox 1224 2880 1291 2950; x_wconf 94' lang='lat' dir='ltr'><strong><em>V.</em></strong></span> <span class='ocrx_word' id='word_1_318' title='bbox 1307 2917 1338 2950; x_wconf 88' lang='lat'><strong><em>3.</em></strong></span> <span class='ocrx_word' id='word_1_319' title='bbox 1366 2910 1471 2960; x_wconf 86' lang='grc' dir='ltr'><strong><em>ούλῇ,</em></strong></span> <span class='ocrx_word' id='word_1_320' title='bbox 1496 2914 1581 2950; x_wconf 78' lang='lat' dir='ltr'><strong>fort..</strong></span> <span class='ocrx_word' id='word_1_321' title='bbox 1602 2911 1705 2961; x_wconf 85' lang='grc' dir='ltr'><strong><em>οὔλη.</em></strong></span> 
     </span>
     <span class='ocr_line' id='line_1_44' title="bbox 173 2950 1706 3008; baseline -0.001 -9"><span class='ocrx_word' id='word_1_322' title='bbox 173 2984 218 2990; x_wconf 90' lang='lat'>-</span> <span class='ocrx_word' id='word_1_323' title='bbox 243 2960 397 3008; x_wconf 76' lang='grc' dir='ltr'><strong><em>κατυθῦ,</em></strong></span> <span class='ocrx_word' id='word_1_324' title='bbox 428 2963 461 2998; x_wconf 92' lang='lat' dir='ltr'><strong>V</strong></span> <span class='ocrx_word' id='word_1_325' title='bbox 487 2959 572 2998; x_wconf 83' lang='grc' dir='ltr'><strong><em>κατ’</em></strong></span> <span class='ocrx_word' id='word_1_326' title='bbox 601 2961 681 3008; x_wconf 77' lang='grc' dir='ltr'><strong><em>ἰθυ,</em></strong></span> <span class='ocrx_word' id='word_1_327' title='bbox 712 2962 826 3008; x_wconf 83' lang='lat' dir='ltr'>vulgo</span> <span class='ocrx_word' id='word_1_328' title='bbox 852 2958 937 2998; x_wconf 88' lang='grc' dir='ltr'><strong><em>κατ’</em></strong></span> <span class='ocrx_word' id='word_1_329' title='bbox 971 2958 1070 2997; x_wconf 80' lang='grc' dir='ltr'><strong><em>εὐθὺ</em></strong></span> <span class='ocrx_word' id='word_1_330' title='bbox 1096 2962 1156 2997; x_wconf 89' lang='lat' dir='ltr'><strong>vel</strong></span> <span class='ocrx_word' id='word_1_331' title='bbox 1182 2958 1366 2998; x_wconf 80' lang='grc' dir='ltr'><strong><em>κατευθὺ.</em></strong></span> <span class='ocrx_word' id='word_1_332' title='bbox 1425 2961 1567 2998; x_wconf 89' lang='lat' dir='ltr'><strong>Deinde</strong></span> <span class='ocrx_word' id='word_1_333' title='bbox 1599 2950 1706 3008; x_wconf 85' lang='lat' dir='ltr'>Toup</span> 
     </span>
    </p>
   </div>
  </div>
 </body>
</html>
