1890 3216
848 534 1048 579 XXXIV.
1650 542 1719 574 616

775 633 816 683 P
840 632 882 681 L
907 631 954 681 A
978 631 1024 680 Τ
1050 629 1118 680 Ο.

295 782 356 821 1)0
388 780 709 832 epigrammatis,
742 790 843 829 quae
869 777 992 829 vulgo
1019 774 1180 815 Platoni
1211 768 1512 826 tribuuntur*),
1545 771 1719 811 difficilis

176 848 359 900 quaestio
391 849 473 887 est:
504 845 545 886 C.
567 846 632 885 Fr.
654 845 908 884 Hermannus
935 843 1094 894 quidem
1121 840 1272 881 Hister.
1300 841 1449 880 Philos.
1470 839 1571 878 Plat.
1592 838 1612 877 I
1635 838 1720 877 100

174 916 393 966 praeeunte
419 912 592 952 Sochero
625 911 759 951 omnia
790 911 830 949 in
863 908 1128 959 suspicionem
1160 909 1295 956 vocat,
1327 909 1449 958 atque
1482 906 1521 945 in
1553 905 1720 944 eandem

177 979 419 1020 sententiam
463 978 644 1029 disputat
686 975 893 1016 Steinhart
933 975 1071 1014 Platos
1112 973 1250 1012 Leben
1286 986 1324 1023 p.
1358 973 1411 1012 76
1435 984 1515 1022 seq.
1547 972 1590 1010 et
1622 972 1720 1010 295.

174 1046 343 1086 Praeter
379 1057 504 1084 unum
543 1043 676 1083 omnia
713 1043 756 1081 in
795 1040 1044 1092 Anthologia
1081 1040 1243 1079 servata
1287 1040 1399 1089 sunt,
1443 1037 1513 1077 ubi
1556 1038 1722 1087 propter

174 1111 305 1152 varias
331 1123 474 1151 causas
500 1109 676 1161 plurima
701 1109 868 1148 turbata
895 1110 1009 1157 sunt,
1039 1119 1085 1146 ac
1111 1105 1272 1156 saepius
1298 1105 1340 1143 in
1364 1104 1455 1155 ipsa
1473 1103 1722 1153 Anthologia

173 1178 343 1216 fluctuat
373 1175 594 1226 paradosis.
638 1175 825 1226 Augetur
852 1173 1086 1221 difficultas,
1121 1170 1228 1222 quod
1253 1171 1419 1210 fuerunt
1445 1169 1515 1209 alii
1541 1168 1721 1208 eiusdem

173 1243 345 1283 nominis
374 1242 463 1282 viri.
514 1240 752 1291 Philosophi
778 1240 1072 1291 epigrammata
1098 1238 1303 1288 Meleager
1333 1248 1502 1277 coronae
1535 1248 1631 1275 suae
1663 1235 1720 1274 in-

176 1308 321 1359 seruit,
354 1309 399 1346 ut
430 1307 517 1358 ipse
549 1307 591 1345 111
622 1306 825 1356 prooemio
858 1307 1034 1345 testatur
1059 1318 1096 1344 v.
1118 1305 1192 1343 47:
1225 1300 1310 1342 Ναὶ
1335 1297 1416 1354 μὴν
1440 1299 1507 1340 καὶ
1537 1297 1721 1354 χρύσειον

174 1369 234 1413 ἀεὶ
271 1372 400 1413 θείοιο
433 1368 650 1420 Πλάτωνος
682 1373 848 1422 Κλῶνα,
885 1367 955 1412 τὸν
992 1369 1031 1418 ἐξ
1070 1365 1209 1422 ἀρετῆς
1246 1364 1424 1408 παντόθε
1456 1362 1720 1419 λαμπόμενον.

174 1440 233 1479 Αο
264 1440 415 1490 passim
447 1439 569 1478 etiam
600 1438 643 1477 in
668 1438 858 1477 lemmate
884 1438 1001 1476 Plato
1029 1436 1176 1476 dicitur
1201 1429 1222 1474 ὁ
1248 1429 1488 1485 φιλόσοφος,
1520 1434 1634 1473 velut
1659 1447 1720 1484 ep.

177 1509 214 1546 7.
244 1507 310 1546 14.
338 1499 453 1558 (15),
486 1505 551 1544 vel
583 1501 703 1557 μέγας
728 1504 841 1543 velut
870 1505 944 1552 18,
975 1503 1040 1542 vel
1072 1501 1243 1552 denique
1275 1500 1436 1550 oblique
1468 1499 1721 1551 significatur

174 1573 287 1612 velut
321 1574 357 1610 1.
389 1566 447 1624 (2.
481 1565 539 1624 3).
602 1570 695 1609 Sed-
718 1572 930 1621 praeterea
969 1568 1092 1608 semel
1131 1567 1336 1618 comparet
1374 1565 1552 1605 Platonis
1588 1567 1722 1605 comici

174 1649 336 1687 nomen,
368 1637 447 1677 vid.
479 1637 537 1676 IX
564 1637 668 1676 359:
705 1634 1002 1685 Ποσειδίππου,
1035 1633 1076 1674 οἰ
1105 1630 1147 1672 δὲ
1179 1627 1396 1680 Πλάτωνος
1426 1633 1496 1672 τοῦ
1528 1633 1719 1684 κωμικοῦ,

174 1716 314 1744 verum
340 1704 415 1743 hoc
440 1703 706 1753 epigramma,
739 1702 852 1741 ouius
879 1702 1018 1740 auctor
1045 1699 1144 1738 satis
1169 1699 1347 1738 incertus
1381 1692 1491 1751 (nam
1516 1697 1718 1737 Planudes

177 1769 324 1809 Crateti
348 1763 513 1823 tribuit)
546 1781 570 1808 a
590 1768 739 1808 comico
765 1770 885 1819 poeta
908 1779 1074 1818 prorsus
1100 1765 1294 1814 alienum,
1327 1764 1396 1814 qui
1421 1763 1534 1802 nulla
1559 1763 1718 1803 omnino

174 1835 336 1875 videtur
374 1835 669 1886 epigrammata
710 1833 934 1884 scripsisse:
975 1833 1149 1871 fortasse
1189 1830 1367 1882 κωμικοῦ
1405 1842 1429 1868 a
1466 1829 1633 1869 librario
1672 1842 1720 1868 ex

175 1901 405 1942 coniectura
437 1903 499 1940 est
531 1900 732 1951 additum,
764 1902 810 1939 ut
843 1911 962 1949 saepe
995 1899 1092 1937 haec
1123 1897 1316 1936 lemmata
1342 1896 1437 1934 sunt
1462 1895 1718 1945 amplificata.

175 1967 254 2007 Sed
284 1968 363 2007 fuit
393 1968 515 2007 etiam
540 1967 654 2006 Plato
686 1968 816 2006 iunior
848 1959 888 2018 (ὃ
914 1959 1138 2016 νεώτερος),
1171 1963 1282 2002 cuius
1315 1961 1609 2012 epigrammata
1639 1961 1720 2000 for-

175 2036 283 2074 tasse
310 2033 521 2084 Philippus
554 2033 596 2072 in
626 2031 806 2072 ordinem
832 2027 1002 2080 recepit:
1035 2029 1128 2068 huic
1159 2027 1332 2067 dilucide
1357 2026 1554 2066 tribuitur
1579 2026 1636 2065 IX
1665 2028 1716 2066 13

175 2099 213 2138 A
238 2093 454 2146 Πλάτωνος
485 2095 696 2150 νεωτέρου,
730 2096 759 2136 C
793 2095 847 2144 εἰς
875 2091 919 2136 τὸ
951 2090 1047 2135 αὐτὸ
1078 2092 1145 2134 καὶ
1176 2089 1235 2134 ’ότι
1266 2088 1287 2134 ὁ
1313 2087 1461 2143 τυφλὸς
1492 2087 1561 2131 τὸν
1581 2087 1720 2148 ,χωλὸν

175 2160 346 2216 ε’πῶμων
377 2159 605 2216 ἐβάσταζεν,
637 2163 693 2202 ΙΧ
723 2164 807 2203 748
835 2161 890 2209 εἰς
919 2157 1121 2201 Διόνυσον
1146 2157 1415 2214 γεγλυμμένον
1441 2157 1484 2198 ἐν
1509 2154 1718 2214 ἆμεθύστῳ

176 2226 326 2284 (etiam
363 2229 508 2268 Iriarte
538 2243 576 2280 p.
611 2231 664 2269 93
705 2224 922 2275 Πλάτωνος
958 2229 1028 2268 τοῦ
1066 2224 1279 2278 νεωτέρου,
1318 2238 1348 2264 s.
1380 2227 1485 2275 poet.
1517 2237 1556 2264 n.
1587 2224 1718 2264 Schol.

176 2297 313 2346 Eurip.
347 2294 414 2334 Or.
448 2291 573 2347 583),
605 2295 662 2333 IX
697 2296 779 2334 751
820 2293 874 2342 εἰς
906 2289 1133 2334 Ἀπόλλωνα
1171 2290 1215 2332 ἐν
1253 2290 1448 2346 δακτυλίῳ
1482 2285 1549 2345 (cf.
1582 2290 1716 2330 Iriart.

175 2362 228 2401 ib.
261 2360 392 2400 Cram.
425 2360 501 2399 An.
535 2360 623 2399 Par.
656 2359 714 2398 IV
747 2360 851 2409 370,
892 2359 963 2398 ubi
994 2354 1019 2398 ἆ
1052 2353 1216 2411 ψηφίς).
1279 2357 1373 2395 Fuit
1404 2356 1481 2407 illi,
1524 2358 1718 2407 quantum

176 2427 337 2479 quidem
376 2439 422 2465 ex
460 2426 591 2465 tribus
629 2425 692 2464 his
730 2425 940 2476 poematiis
985 2425 1080 2464 licet
1116 2424 1324 2475 colligere,
1372 2434 1528 2461 summa
1567 2421 1719 2472 ingenii

92 2496 96 2501 “
176 2492 450 2533 mediocritas:
495 2491 601 2542 quod
644 2490 834 2530 iudicium
874 2503 925 2529 110
965 2491 1029 2530 0111
1068 2490 1243 2541 iniquius
1285 2489 1488 2538 videatur,
1533 2488 1717 2528 adscribo

176 2561 275 2599 haec
306 2558 610 2610 epigrammata.

928 2639 958 2678 Ι.

351 2715 493 2771 Ἀνέροι
523 2733 580 2766 τις
611 2713 820 2770 λιπόγυιον
851 2711 950 2768 ὑπὲρ
982 2711 1123 2756 νώτοιο
1155 2699 1350 2768 λιπαυγῆς

416 2776 506 2837 ἦγε,
538 2779 666 2831 πόδας
697 2776 864 2835 χρήσας,
896 2778 1048 2834 ὄμματα
1079 2776 1332 2845 χρησάμενος.

274 2910 310 2993 ἶ)
330 2909 516 2993 Ἣοιᾚέἰὴίἰ
536 2908 850 2946 commentatione
870 2908 915 2944 de
936 2907 994 2944 his
1013 2906 1298 2954 epigrammatis
1317 2906 1484 2942 'rhoruni
1505 2910 1595 2942 1834
1615 2906 1718 2943 edita

179 2970 252 2995 non
295 2969 368 2994 10111
412 2970 436 2993 11
471 2986 479 2995 .
