1890 3216
827 795 829 799 .
928 768 1000 812 XI.
1659 781 1728 813 450

575 847 1333 915 'PSEUDOPHooYLIDEA.

319 985 467 1023 Poema
486 985 560 1023 hoc
579 985 883 1035 protrepticum,
911 985 1016 1036 quod
1034 985 1265 1036 Phocylidis
1292 999 1435 1025 nomen
1454 998 1549 1036 prae
1572 998 1614 1025 se
1638 985 1731 1036 fert,

200 1051 364 1100 antiquo
396 1052 516 1100 poeta
547 1050 702 1090 Milesio
728 1050 835 1089 haud
865 1050 1074 1101 indignum
1100 1064 1187 1091 esse
1220 1051 1311 1090 olim
1343 1053 1583 1091 censuerunt
1607 1051 1731 1090 homi·
1787 1068 1790 1069 ⁷

197 1128 268 1154 nes
307 1115 429 1166 docti,
473 1116 627 1165 primus
668 1115 917 1155 Friedericus
957 1116 1214 1167 Sylburgius,
1260 1129 1350 1155 cum
1395 1119 1436 1156 et
1471 1117 1650 1156 iudaicae
1691 1117 1733 1155 et

199 1181 440 1220 christianae
473 1181 675 1220 doctrinae
708 1184 848 1231 aperta
878 1181 1052 1232 vestigia
1084 1182 1161 1220 sibi
1192 1181 1489 1231 deprehendere
1514 1182 1730 1229 videretur,

198 1247 238 1284 id
271 1247 535 1295 addubitavit,
566 1260 695 1297 neque
726 1249 873 1295 tamen,
906 1250 952 1286 ut
983 1249 1071 1286 erat
1100 1247 1142 1285 in
1175 1247 1247 1286 hoc
1279 1247 1365 1286 viro
1398 1246 1568 1297 insignis
1599 1246 1731 1284 mode-

199 1311 296 1360 stia,
329 1312 559 1350 universum
591 1324 750 1350 carmen
776 1312 986 1362 Phocylidi
1017 1312 1246 1351 abiudicare
1279 1324 1399 1351 ausus
1426 1316 1507 1351 est:
1538 1311 1731 1361 Iosephus

199 1378 335 1415 autem
374 1377 553 1428 Scaliger
590 1378 833 1416 confidenter
871 1378 1011 1428 edixit,
1050 1390 1209 1416 carmen
1246 1390 1271 1415 a
1307 1377 1455 1415 Iudaeo
1495 1377 1627 1427 aliquo
1664 1377 1732 1417 vel

200 1442 439 1492 Christiano,
466 1443 533 1492 qui
558 1443 705 1482 veteris
730 1444 871 1492 poetae
897 1455 1110 1492 personam
1137 1443 1344 1481 mutuatus
1371 1443 1436 1490 sit,
1468 1441 1733 1492 compositum

200 1520 303 1546 esse:
343 1508 412 1546 scd
450 1507 549 1547 satis
588 1508 731 1547 habuit
767 1510 1004 1558 argumenta
1042 1507 1253 1562 quaedam,
1287 1498 1396 1558 'quae
1433 1507 1511 1558 ipsi
1550 1506 1732 1557 inprimis

201 1573 398 1612 notabilia
428 1573 681 1623 videbantur,
713 1573 891 1613 breviter
921 1573 1221 1623 perstrinxisse,
1262 1573 1350 1612 aliis
1389 1573 1491 1612 hanc
1522 1572 1733 1611 materiam

200 1639 423 1677 accuratius
454 1639 781 1688 pertractandam
813 1640 1110 1689 commendans,
1140 1639 1182 1677 in
1214 1652 1292 1689 qua
1317 1639 1423 1678 vires
1456 1650 1548 1677 suas
1582 1637 1734 1688 experi-

196 1697 357 1742 renturz'
384 1717 430 1743 ac
460 1705 662 1753 persuasit
693 1717 787 1743 sane
819 1706 895 1744 viri
920 1705 1063 1744 summi
1096 1704 1313 1743 auctoritas
1346 1703 1563 1754 plerisque,
1594 1705 1732 1743 vetere

198 1771 318 1820 poeta
355 1769 564 1820 indignum
601 1782 688 1809 esse
719 1766 946 1824 carmenss),
983 1777 1111 1820 neque
1149 1771 1285 1808 tamen
1321 1770 1532 1819 quisquam
1569 1768 1630 1806 illi
1665 1767 1732 1805 ad-

199 1834 407 1874 monitioni
439 1835 744 1885 obtemperavit.
793 1836 932 1886 Nuper
964 1836 1124 1874 demum
1148 1835 1315 1874 Iacobus
1347 1834 1528 1884 Bernays
1560 1833 1603 1871 in
1628 1845 1730 1871 com-

199 1902 444 1940 mentatione
475 1901 685 1951 peculiari,
718 1914 837 1951 quam
867 1901 1139 1940 Vratislaviae
1171 1913 1273 1939 anno
1309 1901 1420 1939 1856
1455 1889 1518 1938 de‘
1542 1900 1616 1938 hoc
1647 1910 1730 1936 car-

199 1967 305 2005 mine
337 1967 479 2017 edidit,
510 1967 571 2005 illi
602 1966 796 2005 desiderio
829 1966 1040 2015 satisfecit,
1073 1979 1118 2004 ac
1150 1966 1373 2004 luculenter
1404 1965 1591 2012 ostendit,
1621 1964 1733 2002 nulla

200 2031 439 2078 christianae
472 2032 675 2071 doctrinae
706 2031 879 2081 vestigia
909 2031 951 2070 in
981 2033 1055 2070 hoc
1087 2031 1261 2070 carmine
1293 2031 1473 2081 reperiri,
1505 2031 1576 2070 sed
1606 2031 1730 2070 homi-

199 2110 290 2136 nem
320 2097 515 2137 Iudaeum
553 2097 700 2136 veteris
739 2097 971 2136 testamenti
1007 2097 1222 2147 praecepta
1252 2096 1435 2135 versibus
1461 2097 1731 2146 explicavisse,

200 2176 317 2213 quem
348 2166 441 2213 post
473 2163 746 2202 Ptolemaeum
779 2164 1090 2202 Philometorem
1121 2162 1190 2200 sed
1221 2163 1314 2200 ante
1339 2162 1541 2201 Neronem
1565 2163 1732 2212 impera·-

200 2231 329 2267 torem
366 2228 514 2267 vixisse
553 2223 784 2280 statuit*²¹‘).
835 2228 975 2278 Neque
1012 2230 1147 2267 tamen
1182 2227 1250 2265 ille
1288 2226 1507 2277 gentilibus
1547 2227 1627 2266 suis
1659 2227 1732 2266 hoo

200 2292 488 2342 protrepticum
529 2306 670 2343 poema
715 2293 948 2341 destinavit,
995 2293 1064 2332 sed
1109 2291 1269 2331 Graecis
1308 2292 1555 2342 hominibus,
1601 2291 1669 2341 qui
1708 2304 1732 2330 a

199 2358 441 2397 Iudaeorum
474 2359 596 2398 sacris
621 2372 702 2398 non
726 2358 1012 2408 abhorrebant,
1043 2356 1179 2407 itaque
1205 2356 1342 2395 sedulo
1369 2356 1528 2395 silentio
1553 2358 1731 2406 praeter-

200 2423 327 2472 misit,
361 2436 467 2474 quae·
493 2424 553 2462 illi
584 2424 697 2473 genti
727 2424 947 2474 peculiaria
977 2424 1088 2471 sunt,
1125 2435 1197 2461 nec
1234 2422 1318 2461 sine
1351 2422 1565 2460 offensione
1597 2421 1732 2460 alicni-

202 2489 316 2540 genis
349 2490 618 2528 commendari
647 2492 845 2540 poterant,
879 2491 948 2529 sed
980 2502 1027 2528 ea
1057 2488 1312 2539 potissimum
1339 2487 1494 2537 selegit,
1527 2500 1629 2537 quae
1654 2488 1730 2538 piis

201 2567 246 2593 ac
284 2553 484 2604 religiosis
523 2554 749 2593 hominibus
780 2555 897 2594 facile
933 2554 1212 2604 probarentur.
1273 2552 1408 2602 Atque
1445 2552 1495 2590 ob
1527 2552 1567 2590 id
1598 2553 1730 2602 ipsum

321 2703 354 2749 ²¹³)
381 2704 424 2738 In
450 2702 615 2739 diversas
640 2704 768 2738 tamen
795 2703 1046 2739 discesserunt
1075 2702 1217 2748 partes,
1247 2712 1334 2736 nam
1360 2699 1427 2735 alii
1451 2700 1587 2736 Iudaeo
1613 2700 1729 2736 tribu-

204 2753 323 2796 erunt,
349 2752 452 2787 velut
477 2751 524 2785 Is.
551 2750 705 2786 Vossius
732 2752 770 2786 et
794 2752 921 2787 nostra
946 2751 1070 2786 aetate
1095 2748 1223 2793 Bleek,
1249 2747 1315 2783 alii
1338 2747 1550 2784 Christiano
1575 2748 1730 2794 homini,

142 2848 149 2854 ο
201 2799 518 2845 quemadmodum
545 2798 704 2834 Brunck.

297 2845 351 2891 ²¹⁰⁸)
379 2846 536 2889 Goram,
563 2846 627 2891 qui
652 2847 739 2890 post
763 2845 1007 2892 Bernaysium
1033 2845 1079 2880 de
1098 2844 1170 2879 hoc
1194 2844 1367 2889 poemate
1387 2842 1565 2878 disseruit
1588 2843 1630 2878 in
1645 2843 1730 2878 Phi-

202 2894 328 2939 lologo
354 2893 439 2928 XIV
466 2898 509 2928 91
538 2904 614 2938 seq.
649 2892 858 2933 Aristobuli
890 2892 1016 2928 nescio
1051 2890 1110 2927 cui
1141 2889 1324 2936 discipulo
1356 2889 1504 2935 tribuit,
1536 2890 1613 2935 qui*
1632 2889 1731 2926 circa

202 2952 342 2976 annum
369 2940 500 2976 CXXX
527 2953 558 2977 a.
587 2941 670 2979 Chr.
697 2953 731 2978 n.
758 2942 829 2977 hoc
855 2951 1004 2977 carmen
1029 2937 1200 2983 ediderit,
1226 2938 1298 2974 vid.
1325 2950 1360 2983 p.
1387 2942 1431 2974 98
1458 2939 1497 2973 et
1524 2941 1602 2975 110.
