1890 3216
212 171 296 214 278
747 172 938 207 POETAE
964 171 1200 208 ELEGIACI.

331 286 369 324 5.
402 285 523 323 Anth.
556 285 664 322 Plan.
700 285 802 323 165:
834 279 1014 334 Εὐήνου.

332 351 368 389 6.
400 349 522 387 Anth.
554 349 665 388 Plan.
701 350 801 388 166:
833 350 902 388 τοῦ
934 345 1066 390 αὐτοῦ.

333 417 368 454 7.
401 414 523 454 Anth.
556 414 640 453 Pal.
666 414 722 453 IX
751 416 822 455 75:
855 427 954 456 corr.
973 411 1154 467 ,Εὐήνου
1176 413 1460 459 Ἀσκαλωνίτου
1491 419 1546 467 εἰς
1577 415 1738 472 (deindo

211 477 260 533 C)
292 476 481 531 ἄμπελον,
512 474 566 530 ἣν
596 475 739 532 τροῖγος
769 478 998 533 κατέφαγεν.
1030 481 1157 521 Suid.
1189 496 1224 522 v.
1257 478 1377 531 ἆσκὸς
1407 486 1528 536 Κτήσ.
1571 484 1737 525 Sueton.

210 546 278 585 vit.
300 544 447 583 Domit.
469 558 499 583 ο.
520 546 589 583 14.
622 544 750 584 Schol.
771 545 896 584 Arist.
918 546 1022 586 Plut.
1046 549 1171 587 1128.
1222 549 1403 599 Denique
1422 550 1602 600 picturae
1621 551 1737 592 Pom-

209 611 375 660 peianae
408 610 676 659 subscriptum
708 611 876 660 legitur,
907 611 985 651 vid.
1013 612 1214 652 Bulletino
1245 615 1355 654 1876
1388 629 1425 665 p.
1454 617 1520 654 32.
1554 610 1621 669 (of.
1647 615 1739 655 Kai-

208 676 274 714 bel
293 676 366 724 Ep.
388 674 456 713 Gr.
480 676 590 714 1106
621 675 801 726 Diltheyi
826 678 1035 716 comment.
1069 678 1203 717 Turici
1226 681 1337 718 1876
1365 693 1598 729 memorans,
1621 694 1739 731 quam

208 753 289 779 non
325 735 438 792 vidi.)
491 741 673 778 Euenum
710 740 893 780 imitatur
924 742 1121 781 Leonidas
1159 744 1215 782 IX
1257 746 1329 784 99:
1359 741 1511 792 ’Ίξαλος
1548 741 1738 798 εὖπῶγων

209 802 319 859 αἰγὸς
349 801 465 853 πόσις
496 803 539 844 ἔν
570 801 668 844 ποθ’
704 801 969 859 ἆλωῇψΟἴνης
1000 803 1092 855 τοὺς
1117 803 1293 856 ἁπαλοὺς
1323 805 1474 857 πάντας
1499 808 1623 858 ἕδαψε
1646 806 1739 850 κλά-

210 872 324 919 δους·
361 873 426 926 Τῷ
465 866 501 909 δ’
543 869 636 918 ἔπος
675 869 717 910 ἐκ
748 872 863 924 γαίης
902 869 1018 912 τόσον
1054 869 1174 912 ἅπυε·
1211 877 1313 926 κεῖρε
1350 870 1505 913 κάκιστε
1535 876 1739 926 Γναθμοῖς

207 931 393 988 ἡμέτερον
418 937 548 987 κλῆμα
573 931 614 975 τὸ
635 932 904 988 καρποφόρον.
945 933 1047 984 Ῥίζα
1066 934 1140 990 γὰρ
1166 937 1333 990 ἔμπεδος
1359 931 1458 978 οὖσα
1477 935 1596 979 πάλιν
1614 943 1738 993 γλυκυ

207 999 345 1051 νέκταρ
375 997 530 1052 ἀνήσει,
551 997 696 1040 ’Όσσον
727 1000 947 1041 ἐπισπεῖσαι
979 1001 1041 1043 σοὶ
1071 995 1185 1057 τράγε
1208 1003 1416 1060 θυομένῳ.
1454 1005 1559 1055 quod
1589 1005 1739 1045 Λεωνί-

209 1066 282 1106 δου
318 1066 560 1118 Ταραντίνου
592 1066 634 1104 in
665 1067 748 1105 cod.
781 1067 865 1107 Pal.
897 1068 1138 1119 inscribitur,
1172 1071 1242 1109 sed
1267 1083 1490 1120 perperam,
1521 1084 1614 1109 nam
1638 1071 1738 1109 iuni-

208 1133 287 1171 oris
320 1144 407 1171 esse
433 1132 701 1171 testificantur
728 1133 1018 1182 epigrammata
1050 1147 1149 1185 quae
1181 1135 1424 1185 praecedunt
1455 1137 1496 1174 et
1521 1148 1621 1186 quae
1649 1135 1738 1175 sub-

209 1199 444 1248 sequuntur.
507 1197 690 1247 Ovidius,
723 1198 789 1248 qui
821 1198 862 1236 in
893 1199 1024 1238 Fastis
1057 1200 1077 1238 I
1110 1202 1192 1240 351
1233 1201 1334 1239 hanc
1366 1201 1519 1239 chriam
1549 1202 1741 1241 tractavit

209 1257 277 1316 (of.
309 1263 430 1302 etiam
462 1263 726 1313 Metamorph.
753 1264 827 1302 XV
856 1267 938 1303 114
960 1261 1072 1318 seq.)‚
1104 1266 1244 1305 Babrii
1275 1267 1489 1317 apologum
1521 1267 1570 1305 ob
1604 1267 1738 1307 oeulos

207 1328 395 1367 habuisse
432 1329 609 1379 videtur,
653 1343 746 1368 nam
785 1330 913 1369 Eueni
951 1331 1068 1370 istius
1106 1334 1216 1371 aetas
1253 1331 1423 1380 incerta,
1462 1332 1530 1382 qui
1565 1333 1738 1372 fortasse

209 1392 350 1432 Ovidio
382 1395 462 1432 iam
494 1394 680 1434 defuncto
712 1396 909 1444 poeticam
941 1387 1069 1436 artem
1100 1398 1305 1447 professus
1339 1400 1411 1436 est.

328 1461 365 1499 8.
397 1459 519 1498 Anth.
546 1459 630 1499 Pal.
655 1460 712 1497 IX
740 1462 813 1499 62:
841 1474 939 1500 corr.
966 1458 1134 1514 Εὐήνου
1155 1459 1404 1513 Σικελιώτου,
1425 1462 1454 1501 C
1475 1463 1529 1510 εἰς
1548 1466 1648 1503 ϊλιον
1666 1460 1739 1516 τὴν

207 1520 322 1563 πόλιν
359 1527 434 1564 κτλ.
475 1520 577 1579 (eod.
611 1526 699 1565 Par.
739 1522 914 1567 εὗαύνου
953 1526 1009 1574 εἰς
1044 1522 1113 1567 τὸν
1139 1523 1293 1580 Ἴλιον).
1350 1529 1512 1567 Euenus
1551 1528 1738 1568 Siceliota

207 1602 287 1627 non
319 1591 448 1628 solum
485 1603 563 1629 uno
601 1593 760 1630 tantum
799 1593 871 1631 hoe
908 1594 994 1632 loeo
1027 1594 1375 1642 commemoratur,
1418 1594 1487 1633 sed
1523 1594 1610 1643 ipsa
1641 1596 1738 1634 haec

207 1655 423 1705 appellatio
455 1655 629 1695 insolens
663 1659 741 1707 est,
773 1670 866 1696 nam
899 1659 932 1697 si
958 1659 1125 1715 ⁸natione
1159 1659 1315 1698 Siculus
1348 1661 1445 1710 erat,
1478 1655 1640 1707 Σικελός
1681 1660 1736 1698 di-

146 1720 149 1723 ’
207 1721 366 1771 cendus,
388 1721 449 1759 sin
469 1721 629 1760 aliunde
649 1722 895 1772 migraverat
915 1725 955 1762 in
975 1723 1159 1773 Siciliam,
1187 1725 1237 1763 ab
1258 1725 1422 1775 antiqua
1440 1725 1575 1775 patria
1594 1737 1738 1764 nomen

207 1786 378 1824 traxisse
410 1788 719 1825 consentaneum
752 1790 831 1839 est,
862 1788 999 1839 itaque
1031 1789 1193 1828 coniicio
1221 1785 1581 1829 Ἀσκαλωνίτου.

329 1853 366 1890 9.
398 1851 520 1891 Anth.
554 1852 638 1890 Pal.
671 1852 727 1890 IX
762 1855 863 1892 602:
897 1850 1052 1893 Εὗϊνου
1078 1849 1241 1905 ἆθηναῖ.

301 1914 365 1955 10.
397 1916 519 1955 Anth.
545 1917 628 1956 Pal.
655 1918 711 1956 IX
739 1920 843 1958 251:
876 1932 974 1958 corr.
1002 1914 1170 1969 Εὐήνου
1201 1920 1414 1971 γραμματιξ
1443 1914 1611 1967 εἰςτοὺς
1637 1916 1735 1959 σκώ-

207 1985 328 2033 ληκας
359 1978 450 2030 τοὺς
481 1978 549 2030 τὰς
580 1982 743 2035 βίβλους
775 1978 1073 2036 βιβρωσκούσας
1106 1981 1182 2038 (ita.
1213 1980 1315 2039 cod.)
1347 1981 1474 2038 ἤγουν
1507 1988 1635 2038 σῆτας.
