1890 3216
212 169 299 211 356
356 171 365 180 ”
743 169 937 206 ΡΟΕΤΑΕ
965 170 1201 208 ELEGIACI.

329 282 423 321 Alia
461 282 688 321 huiusmodi
720 283 1014 334 epigrammata
1044 296 1067 323 a
1096 284 1235 323 Tzetze
1267 285 1434 325 conficta
1470 288 1579 336 sunt,
1620 287 1742 326 etiam

213 347 312 386 illud
344 350 390 386 ut
420 347 595 397 videtur,
629 348 734 398 quod
766 350 875 388 extat
906 362 968 400 ap.
999 349 1146 390 Iriarte
1179 352 1282 389 262:

427 439 601 494 Τρώϊλον
633 439 778 481 ἐνθάδε
814 422 1004 496 Τρωϊᾶδη,
1028 446 1077 498 γῆ
1109 441 1321 498 Δάρδανος
1348 446 1456 499 ἴσχω.

212 533 299 589 (ubi
331 550 404 576 scr.
440 538 658 589 Τρωϊαδῆ
683 540 732 590 γῆ
759 534 1046 593 Δαρδανὶς),
1078 541 1127 580 de
1153 542 1297 591 quibus
1330 542 1377 582 οἲ.
1405 542 1676 582 Schneidewin
1701 543 1743 582 in

208 604 351 642 Philol.
384 604 403 641 I
437 606 460 642 5
495 617 602 654 seqq.
634 605 681 642 In
713 604 960 655 Anthologia
997 606 1147 655 passim
1179 606 1350 646 disticha
1380 603 1574 647 ἀδέσποτα
1603 609 1742 659 legun-

208 671 291 717 tur,
332 681 433 718 quae
473 682 520 707 ex
557 669 680 719 Peplo
718 670 846 719 petita
884 682 969 708 esse
1007 672 1137 720 possis
1176 673 1383 722 suspicari,
1423 673 1742 724 quandoquidem

210 734 422 772 titulorum
449 735 731 784 sepulcralium
757 735 928 784 speeiem
953 749 1048 785 prae
1076 749 1116 776 se
1138 737 1284 787 ferunt,
1315 750 1386 776 nec
1412 738 1604 777 sermonis
1629 738 1743 778 filum

210 799 422 849 discrepat.
486 800 564 839 Sed
595 801 697 839 hanc
729 791 1010 851 coniectura-m,
1048 814 1167 851 quam
1205 805 1322 842 antea
1362 803 1742 855 commendaveram,

210 865 290 903 iam
322 865 467 904 abieci:
508 878 600 904 nam
627 867 694 916 qui
719 866 841 906 Anth.
868 865 1092 906 Palatinam
1119 868 1386 917 concinnavit,
1418 869 1540 918 Peplo
1572 882 1652 908 non
1681 871 1743 908 est

207 939 321 969 usus:
355 931 536 980 quamvis
569 931 675 970 enim
711 932 775 970 hic
813 932 1027 982 epitaphiis
1065 934 1270 972 commode
1308 936 1446 983 posset
1483 946 1577 974 suas
1608 934 1740 984 copias

208 997 466 1046 amplificare,
493 999 630 1036 tamen
654 997 711 1036 ibi
737 997 814 1035 duo
841 999 998 1035 tantum
1025 999 1162 1037 extant
1191 1001 1226 1049 7,
1254 1000 1358 1049 quod
1383 1002 1490 1038 recte
1516 999 1742 1050 Asclepiadi
1792 1016 1794 1018 ·

208 1063 465 1113 adscribitur,
499 1063 539 1101 et
573 1065 626 1102 15
654 1058 889 1111 ἀδέσποτον,
922 1063 1027 1112 quod
1055 1065 1119 1103 vel
1145 1064 1423 1114 Peplographo
1449 1066 1654 1116 antiquius
1679 1068 1741 1104 est

206 1129 272 1168 vel
302 1141 327 1166 a
358 1127 620 1167 Constantino
654 1127 830 1178 Cephala
862 1141 909 1166 ex
940 1128 1114 1168 Diodoro
1147 1129 1402 1180 descriptum.
1452 1130 1512 1179 ‚Et
1542 1131 1619 1170 duo
1657 1131 1741 1180 qui-

209 1195 299 1232 dem
326 1193 425 1242 alia,
458 1206 558 1243 quae
584 1193 664 1232 iam
689 1194 830 1233 Iacobs
857 1194 908 1232 ad
932 1193 1102 1243 Peplum
1127 1195 1303 1245 rettulit,
1329 1195 1563 1245 adespotum
1589 1197 1740 1234 utrum-

206 1271 300 1309 que,
332 1258 455 1297 Anth.
487 1258 572 1298 Pal.
604 1258 684 1297 VII
717 1261 818 1298 143:

409 1350 553 1406 ’Ἀνδρε
585 1349 668 1392 δύω
702 1350 877 1405 φιλότητι
907 1350 973 1394 καὶ
1005 1353 1047 1394 έν
1078 1351 1275 1407 τεύχεσσιν
1305 1351 1446 1408 ἆρίστω

492 1419 688 1471 χαίρετον,
722 1419 913 1471 Αἰακίδη,
944 1418 1010 1459 καὶ
1042 1417 1108 1471 σύ,
1141 1418 1402 1473 Μενοιτιάδη.

207 1493 247 1530 et
281 1491 358 1530 VII
393 1492 494 1530 144:

417 1557 619 1614 Ἡδυεπὴς
650 1561 813 1615 Νέστωρ
845 1559 995 1611 Πύλιος
1026 1560 1207 1615 Νηλήϊος
1235 1560 1342 1617 ’ἥρως

496 1626 540 1667 έν
567 1625 694 1683 ·Πυ’λῳ
726 1625 882 1682 ἠγαθέῃ
913 1621 1065 1682 τύμβον
1096 1628 1172 1682 ἔχει
1202 1628 1399 1683 τριγέρων.

207 1735 235 1761 a
263 1723 384 1772 Peplo
405 1723 563 1762 omnino
584 1725 731 1763 aliena:
763 1737 855 1763 nam
881 1725 990 1775 prius
1010 1725 1170 1764 videtur
1196 1739 1242 1764 ex
1267 1726 1504 1766 tetrasticho
1523 1726 1565 1764 in
1584 1727 1738 1765 arctum

204 1788 430 1827 redactum:
462 1789 542 1828 ista
573 1792 707 1829 autem
740 1791 869 1840 specie
899 1803 980 1830 non
1009 1804 1104 1830 usus
1137 1794 1199 1830 est
1230 1792 1549 1842 Peplographus,
1586 1805 1678 1830 nam
1712 1794 1734 1831 7

205 1855 397 1893 alienum:
437 1856 608 1893 alterum
641 1858 791 1905 autem,
832 1870 921 1896 cum
958 1857 1036 1896 duo
1075 1859 1211 1895 extent
1242 1857 1423 1896 Nestoris
1457 1857 1660 1907 epitaphia
1696 1857 1738 1895 in

205 1921 330 1971 Peplo
364 1923 387 1959 9
423 1922 463 1959 et
496 1923 563 1967 16,
594 1933 665 1960 nec
691 1922 870 1961 novitate
903 1922 956 1961 sit
980 1922 1304 1974 commendabile,
1335 1922 1495 1961 aliunde
1520 1923 1737 1972 repetitum

206 1999 294 2025 esse
326 1988 503 2035 apparet.
558 1986 699 2036 Neque
730 1987 811 2026 tria
842 1988 1142 2038 epigrammata,
1175 2000 1278 2037 quae
1308 1987 1403 2026 olim
1434 1988 1511 2027 huc
1541 1988 1737 2038 revocavi,

207 2051 329 2101 Peplo
363 2051 601 2090 vindicanda
632 2054 742 2101 sunt,
782 2065 1023 2102 quamquam
1062 2066 1107 2091 ex
1145 2053 1334 2102 opusculo
1373 2052 1588 2091 consimilis
1625 2053 1738 2092 insti-

209 2117 289 2155 tuti
321 2117 558 2171 deprompta
589 2130 676 2156 esse
707 2117 910 2170 videntur,
946 2119 1070 2159 Anth.
1101 2118 1184 2157 Pal.
1217 2118 1295 2157 VII
1324 2119 1406 2158 615
1448 2113 1583 2167 (affert
1614 2119 1737 2157 etiam

205 2182 324 2232 Diog.
355 2182 488 2220 Laert.
522 2183 703 2222 Prooem.
737 2185 761 2222 3
795 2186 836 2222 et
868 2185 950 2223 cod.
983 2184 1153 2223 Vindob.
1185 2197 1222 2222 n.
1256 2178 1379 2237 311):
1749 2201 1817 2235 550

418 2273 638 2328 Εὐμόλπου
670 2277 789 2328 φίλον
820 2274 911 2318 υἱὸν
942 2277 1018 2330 ἔχει
1047 2275 1089 2319 τὸ
1124 2274 1351 2330 Φαληρικκὸν
1382 2271 1504 2326 οὖδας

487 2345 704 2383 Μουσαῖον
735 2343 935 2396 φθίμενον
966 2340 1064 2396 σῶμ’
1099 2339 1177 2383 ὑπὸ
1208 2343 1305 2399 τῷδε
1336 2339 1510 2399 τάφῳ.*)

202 2441 242 2477 et
261 2439 313 2478 ib.
333 2438 412 2476 VII
435 2437 516 2477 616
540 2434 659 2491 (adde
679 2439 762 2478 cod.
782 2439 952 2479 Vindob.
971 2452 1009 2479 n.
1031 2441 1112 2479 311
1136 2441 1177 2478 et
1190 2439 1305 2489 Diog.
1319 2439 1452 2478 Laert.
1468 2439 1644 2478 Prooem.
1666 2436 1732 2493 4):

405 2538 501 2585 Ὧδε
527 2546 658 2585 Λίνον
693 2546 872 2598 Θηβαῖον
903 2543 1058 2593 ἐδέξατο
1089 2549 1182 2599 γαῖα
1212 2541 1391 2586 θανόντα

480 2607 660 2662 ’Μούσης
694 2607 896 2663 Οὐρανίης
926 2606 1018 2651 υἱὸν
1049 2607 1306 2662 ἐϋστεφάνου.

295 2795 329 2841 >¹‘)
355 2796 441 2831 Cod.
475 2808 497 2832 a
528 2808 584 2842 pr.
616 2808 666 2831 m.
698 2797 888 2842 μουσαίων
924 2794 1144 2842 φθιμένων,
1174 2795 1303 2831 Iacobs
1337 2795 1489 2840 scripsit
1526 2797 1727 2832 Μουσαίου

203 2843 408 2889 φθιμένου,
435 2855 505 2889 ego
530 2843 659 2879 malim
685 2845 885 2880 Μουσαίου
912 2845 1103 2890 φθίμενον
1130 2843 1247 2889 σῶμα,
1274 2843 1319 2878 cf.
1347 2842 1463 2888 epigr.
1485 2843 1727 2889 Corcyraeum

202 2890 240 2925 in
268 2891 375 2926 CIGr.
405 2895 494 2927 1907
520 2891 587 2927 bb:
620 2896 743 2927 κεῖται
769 2890 838 2937 μὶν
871 2892 959 2938 ’γαίῃ
992 2893 1185 2937 φθίμενον
1218 2888 1334 2936 δέμας
1367 2886 1405 2926 εἰ
1430 2891 1534 2937 σῶμα
1568 2888 1604 2926 δ’
1634 2889 1727 2938 ἐμὸν

201 2942 291 2982 γαῖα
318 2936 428 2983 φέρει
455 2940 658 2984 φθίμενον.
