1890 3216
199 203 284 244 276
732 199 925 236 ΡΟΕΤΑΕ
951 197 1191 235 ELEGIACI.

201 316 261 354 his
292 315 390 354 loeis
423 314 571 364 passim
612 313 676 352 vel
714 311 941 362 antiquiora
982 310 1158 349 earmina
1194 309 1259 349 vel
1294 309 1516 348 recentiora
1552 310 1646 348 sunt
1674 309 1731 348 in-

201 384 319 421 serta.
363 382 500 430 Ipsum
531 380 666 417 autem
694 378 849 416 dicendi
875 389 1000 430 genus
1026 377 1143 426 plane
1169 377 1232 414 est
1258 375 1462 425 singulare
1487 387 1617 425 neque
1642 387 1732 414 eum

200 447 344 486 ceteris
383 444 706 495 epigrammatis,
745 455 846 493 quae
883 442 1024 492 Eueni,
1049 453 1193 480 nomen
1228 453 1324 490 prae
1357 453 1398 479 se
1438 440 1591 489 ferunt,
1630 453 1732 480 com-

200 511 439 562 parandum:
461 510 667 549 Iacobsius
682 508 1001 548 calamistratum
1022 507 1214 558 appellat:
1234 506 1432 546 nescimus
1446 508 1582 546 autem
1596 508 1731 545 utrum

202 577 355 616 auctori
387 577 440 615 sit
471 575 678 626 proprium
705 587 749 614 ae
775 573 986 624 peculiare,
1018 586 1070 612 an
1093 573 1254 611 aliunde
1281 572 1485 622 asciverit,
1518 573 1601 611 sive
1627 571 1733 623 quod

201 643 381 681 homines
414 642 491 681 sibi
523 641 689 681 infestos
721 640 1074 690 tenebricosaeque
1106 638 1288 678 dictionis
1320 638 1520 676 studiosos
1545 638 1734 688 perstrin-

200 721 296 758 gere
330 708 509 755 volebat,
549 706 632 746 sive
671 706 775 756 quod
816 705 991 744 alienum
1029 715 1189 743 carmen
1225 702 1474 753 alienamque
1514 703 1734 743 orationem

203 773 386 812 imitatus
419 775 492 812 est.
1342 821 1347 823 -
1424 770 1427 772 “

320 839 406 877 Iam
438 851 488 876 ne
520 836 617 887 quid
648 836 919 887 desideretur,
955 837 1054 875 haee
1086 849 1242 886 quoque
1279 828 1506 874 Euenorum
1538 833 1734 885 epigram-

200 907 310 944 mata
342 904 554 954 subiungo.

690 1007 722 1050 I.
760 1006 966 1049 Euenus
1000 1005 1247 1060 Philippi.

954 1102 988 1143 1.

353 1187 463 1230 Ἀτθὶ
494 1185 611 1242 κόρα,
644 1188 890 1240 μελίθρεπτε,
922 1182 1038 1234 λάλος
1068 1183 1189 1227 λάλον
1219 1181 1445 1239 ἁρπάξασα,

415 1254 560 1308 τέττιγα
590 1257 754 1301 πτανοῖς
785 1253 897 1292 δαῖτα
928 1250 1059 1304 φέρεις
1089 1250 1255 1302 τέκεσιν,

360 1319 428 1362 τὸν
460 1317 578 1361 λα’λον
610 1316 634 1360 ἁ
666 1316 872 1369 λαλόεσσα,
903 1314 971 1358 τὸν
1002 1316 1190 1371 εὔπτερον
1221 1313 1246 1357 ἆ
1277 1312 1509 1370 πτερόεσσα,

418 1383 487 1428 τὸν
519 1385 632 1435 ξένον
663 1381 688 1425 ἆ
721 1385 847 1435 ξείνα,
877 1379 945 1424 τὸν
975 1380 1139 1437 θερινὸν
1169 1380 1326 1436 θερινά·

362 1450 475 1505 κούχὶ
505 1450 621 1505 τάχος
652 1452 800 1505 ρίψειςς
834 1446 882 1490 οὐ
913 1446 987 1502 γὰρ
1018 1448 1133 1501 θέμις
1164 1445 1258 1492 οὐδὲ
1290 1448 1444 1488 δίκαιον

419 1515 584 1558 mave&
619 1513 872 1570 ὗμνοπόλους
903 1511 1142 1568 ὑμνοπόλοις
1174 1510 1370 1566 στόμασιν.

957 1632 996 1675 2.

350 1718 411 1761 ⁵¹H
437 1718 478 1762 τὸ
512 1719 628 1771 δέρας
658 1716 838 1772 χάλκειον
869 1715 963 1758 ὅλον
995 1717 1065 1770 βοῒ
1089 1713 1176 1772 τᾷδ’
1211 1716 1395 1757 ἐπίκειται

420 1784 602 1837 ε’κτόθεν,
634 1781 828 1838 ’ἢιψυχὴν
859 1783 977 1823 ἔνδον
1009 1779 1030 1822 ὁ
1061 1779 1201 1834 χαλκὸς
1231 1781 1318 1835 ἔχει.

957 1901 995 1941 3.
1672 1909 1741 1940 600

362 1986 492 2036 Αὐτὸς
524 1987 607 2041 ἐρεῖ
632 1983 727 2040 τάχα
758 1988 871 2026 τοῦτο
903 1982 1078 2038 Μύρων”
1112 1981 1185 2026 οὐκ
1216 1984 1363 2024 ἔπλασα
1393 1979 1538 2023 ταύταν

423 2051 495 2094 τὰν
528 2050 716 2106 δάμαλιν,
749 2049 889 2099 ταύτας
921 2047 957 2090 δ’
993 2045 1114 2092 εἰκόν’
1150 2047 1441 2102 ἆνεπλασάμην.

952 2157 991 2198 4.

367 2246 421 2286 Εἰ
454 2248 579 2297 μισεῖν
610 2240 733 2291 πόνος
764 2241 862 2292 ἐστί,
895 2244 1025 2293 φιλεῖν
1056 2238 1197 2290 πόνος·
1229 2240 1271 2282 ἐκ
1305 2237 1378 2281 δύο
1409 2242 1564 2292 λυγρῶν

425 2311 612 2363 αἶροῦμαι
643 2310 810 2361 χρηστῆς
842 2306 956 2355 ἕλκος
986 2305 1087 2359 ἔχειν
1118 2302 1278 2358 ὀδύνης.

954 2411 993 2453 5.

366 2497 526 2548 Παλλὰς
557 2499 620 2539 καὶ
654 2499 857 2551 Κρονίδαο
889 2494 1110 2543 συνευνέτις
1141 2491 1253 2535 εἶπον
1283 2495 1440 2534 ἰδοῦσαι

423 2562 496 2618 τὴν
528 2565 716 2616 Κνιδίην·
749 2560 895 2610 ἀδίκως
925 2558 994 2602 τὸν
1027 2557 1166 2614 Φρύγα
1197 2557 1445 2613 μεμφόμεθα.

955 2667 993 2708 6.

368 2753 532 2809 Πρόσθε
558 2752 629 2807 μὲν
655 2749 858 2793 Ἰδαίοισιν
889 2751 933 2792 ἐν
963 2748 1121 2803 οὔρεσιν
1152 2745 1269 2797 αὐτὸς
1300 2745 1321 2789 ὅ
1352 2744 1500 2801 βούτας

384 2813 389 2818 ”
428 2820 586 2874 δέρξατο
617 2815 690 2859 τὰν
720 2815 885 2866 κάλλευς
914 2812 1034 2869 πρῶτ’
1069 2812 1398 2869 ἀπενεγκαμέναν,

368 2885 609 2940 Πραξιτέλης
640 2884 820 2932 Κνιδίοις
853 2880 895 2923 δὲ
926 2878 1216 2934 πανωπήεσσαν
1246 2879 1412 2932 ἔθηκεν,

428 2949 603 3004 μάρτυρα
633 2953 701 3002 τῆς
731 2948 867 3001 τέχνης
897 2950 1042 3000 ψῆφον
1073 2945 1174 2999 ἔχων
1207 2941 1399 2998 Πάριδος.

355 2930 366 2946 Ι
