<?xml version="1.0" encoding="UTF-8"?>
<!DOCTYPE html PUBLIC "-//W3C//DTD XHTML 1.0 Transitional//EN"
    "http://www.w3.org/TR/xhtml1/DTD/xhtml1-transitional.dtd">
<html xmlns="http://www.w3.org/1999/xhtml" xml:lang="en" lang="en">
 <head>
  <title>
</title>
<meta http-equiv="Content-Type" content="text/html;charset=utf-8" />
  <meta name='ocr-system' content='tesseract 3.04.00' />
  <meta name='ocr-capabilities' content='ocr_page ocr_carea ocr_par ocr_line ocrx_word'/>
</head>
<body>
  <div class='ocr_page' id='page_1' title='image "./poetaelyricigrae02berguoft_0308.png"; bbox 0 0 1890 3216; ppageno 0'>
   <div class='ocr_carea' id='block_1_1' title="bbox 212 172 1206 215">
    <p class='ocr_par' dir='ltr' id='par_1_1' title="bbox 212 172 1206 215">
     <span class='ocr_line' id='line_1_1' title="bbox 212 172 1206 215; baseline -0.004 0"><span class='ocrx_word' id='word_1_1' title='bbox 212 172 299 215; x_wconf 83' lang='lat'>298</span> <span class='ocrx_word' id='word_1_2' title='bbox 752 173 944 210; x_wconf 85' lang='lat' dir='ltr'>POETAE</span> <span class='ocrx_word' id='word_1_3' title='bbox 969 173 1206 211; x_wconf 86' lang='lat' dir='ltr'>ELEGIACI.</span> 
     </span>
    </p>
   </div>
   <div class='ocr_carea' id='block_1_2' title="bbox 158 285 1742 1710">
    <p class='ocr_par' dir='ltr' id='par_1_2' title="bbox 158 285 1742 1710">
     <span class='ocr_line' id='line_1_2' title="bbox 210 285 1740 338; baseline 0.002 -14"><span class='ocrx_word' id='word_1_4' title='bbox 210 287 345 325; x_wconf 86' lang='lat' dir='ltr'>autem</span> <span class='ocrx_word' id='word_1_5' title='bbox 389 287 452 325; x_wconf 90' lang='lat' dir='ltr'>vel</span> <span class='ocrx_word' id='word_1_6' title='bbox 496 285 629 324; x_wconf 88' lang='lat' dir='ltr'>dorica</span> <span class='ocrx_word' id='word_1_7' title='bbox 673 286 844 324; x_wconf 88' lang='lat' dir='ltr'>dialecto</span> <span class='ocrx_word' id='word_1_8' title='bbox 893 298 916 324; x_wconf 90' lang='lat' dir='ltr'>a</span> <span class='ocrx_word' id='word_1_9' title='bbox 959 286 1203 336; x_wconf 86' lang='lat' dir='ltr'>reliquorum</span> <span class='ocrx_word' id='word_1_10' title='bbox 1253 287 1443 327; x_wconf 86' lang='lat' dir='ltr'>societate</span> <span class='ocrx_word' id='word_1_11' title='bbox 1493 290 1740 338; x_wconf 78' lang='lat' dir='ltr'>segregatur.</span> 
     </span>
     <span class='ocr_line' id='line_1_3' title="bbox 211 348 1742 403; baseline 0.002 -14"><span class='ocrx_word' id='word_1_12' title='bbox 211 351 287 390; x_wconf 87' lang='lat' dir='ltr'>Sex</span> <span class='ocrx_word' id='word_1_13' title='bbox 325 352 483 389; x_wconf 89' lang='lat' dir='ltr'>tantum</span> <span class='ocrx_word' id='word_1_14' title='bbox 526 352 740 400; x_wconf 76' lang='lat' dir='ltr'>supersunt</span> <span class='ocrx_word' id='word_1_15' title='bbox 783 348 1002 401; x_wconf 82' lang='lat' dir='ltr'>pcematia,</span> <span class='ocrx_word' id='word_1_16' title='bbox 1050 354 1088 391; x_wconf 93' lang='lat'>1.</span> <span class='ocrx_word' id='word_1_17' title='bbox 1123 354 1160 392; x_wconf 85' lang='lat'>2.</span> <span class='ocrx_word' id='word_1_18' title='bbox 1194 355 1231 392; x_wconf 85' lang='lat'>7.</span> <span class='ocrx_word' id='word_1_19' title='bbox 1265 354 1302 392; x_wconf 89' lang='grc'>8.</span> <span class='ocrx_word' id='word_1_20' title='bbox 1338 354 1403 392; x_wconf 87' lang='grc'>14.</span> <span class='ocrx_word' id='word_1_21' title='bbox 1440 354 1511 403; x_wconf 85' lang='grc'>15,</span> <span class='ocrx_word' id='word_1_22' title='bbox 1556 365 1657 403; x_wconf 90' lang='lat' dir='ltr'>quae</span> <span class='ocrx_word' id='word_1_23' title='bbox 1699 354 1742 392; x_wconf 87' lang='lat' dir='ltr'>in</span> 
     </span>
     <span class='ocr_line' id='line_1_4' title="bbox 208 416 1740 468; baseline 0.002 -14"><span class='ocrx_word' id='word_1_24' title='bbox 208 416 404 455; x_wconf 89' lang='lat' dir='ltr'>amatorio</span> <span class='ocrx_word' id='word_1_25' title='bbox 430 416 515 454; x_wconf 89' lang='lat' dir='ltr'>fere</span> <span class='ocrx_word' id='word_1_26' title='bbox 541 427 687 465; x_wconf 80' lang='lat' dir='ltr'>genere</span> <span class='ocrx_word' id='word_1_27' title='bbox 713 418 940 464; x_wconf 73' lang='lat' dir='ltr'>versantur,</span> <span class='ocrx_word' id='word_1_28' title='bbox 963 429 1069 466; x_wconf 79' lang='lat' dir='ltr'>quae</span> <span class='ocrx_word' id='word_1_29' title='bbox 1103 418 1137 456; x_wconf 87' lang='lat' dir='ltr'>si</span> <span class='ocrx_word' id='word_1_30' title='bbox 1163 419 1250 468; x_wconf 90' lang='lat' dir='ltr'>quis</span> <span class='ocrx_word' id='word_1_31' title='bbox 1277 419 1327 457; x_wconf 93' lang='lat' dir='ltr'>ob</span> <span class='ocrx_word' id='word_1_32' title='bbox 1358 418 1400 457; x_wconf 92' lang='lat' dir='ltr'>id</span> <span class='ocrx_word' id='word_1_33' title='bbox 1429 419 1561 468; x_wconf 89' lang='lat' dir='ltr'>ipsum</span> <span class='ocrx_word' id='word_1_34' title='bbox 1587 431 1740 458; x_wconf 89' lang='lat' dir='ltr'>summo</span> 
     </span>
     <span class='ocr_line' id='line_1_5' title="bbox 207 481 1741 531; baseline 0.003 -12"><span class='ocrx_word' id='word_1_35' title='bbox 207 481 445 531; x_wconf 88' lang='lat' dir='ltr'>philosopho</span> <span class='ocrx_word' id='word_1_36' title='bbox 472 481 637 530; x_wconf 85' lang='lat' dir='ltr'>indigna</span> <span class='ocrx_word' id='word_1_37' title='bbox 662 482 837 528; x_wconf 89' lang='lat' dir='ltr'>censeat,</span> <span class='ocrx_word' id='word_1_38' title='bbox 870 482 1054 531; x_wconf 89' lang='lat' dir='ltr'>equidem</span> <span class='ocrx_word' id='word_1_39' title='bbox 1084 495 1291 522; x_wconf 80' lang='lat' dir='ltr'>assensum</span> <span class='ocrx_word' id='word_1_40' title='bbox 1318 484 1504 523; x_wconf 75' lang='lat' dir='ltr'>sustineo.</span> <span class='ocrx_word' id='word_1_41' title='bbox 1556 483 1633 523; x_wconf 85' lang='lat' dir='ltr'>Sed</span> <span class='ocrx_word' id='word_1_42' title='bbox 1665 485 1741 523; x_wconf 87' lang='lat' dir='ltr'>sin-</span> 
     </span>
     <span class='ocr_line' id='line_1_6' title="bbox 207 546 1740 598; baseline 0.003 -14"><span class='ocrx_word' id='word_1_43' title='bbox 207 546 381 596; x_wconf 89' lang='lat' dir='ltr'>gillatim</span> <span class='ocrx_word' id='word_1_44' title='bbox 403 546 436 584; x_wconf 89' lang='lat' dir='ltr'>si</span> <span class='ocrx_word' id='word_1_45' title='bbox 457 546 545 595; x_wconf 90' lang='lat' dir='ltr'>quis</span> <span class='ocrx_word' id='word_1_46' title='bbox 566 558 613 584; x_wconf 89' lang='lat' dir='ltr'>ea</span> <span class='ocrx_word' id='word_1_47' title='bbox 632 546 929 596; x_wconf 79' lang='lat' dir='ltr'>examinaverit,</span> <span class='ocrx_word' id='word_1_48' title='bbox 949 548 1140 598; x_wconf 80' lang='lat' dir='ltr'>pleraque</span> <span class='ocrx_word' id='word_1_49' title='bbox 1164 548 1317 598; x_wconf 89' lang='lat' dir='ltr'>aliquid</span> <span class='ocrx_word' id='word_1_50' title='bbox 1337 549 1566 588; x_wconf 87' lang='lat' dir='ltr'>offensionis</span> <span class='ocrx_word' id='word_1_51' title='bbox 1592 549 1740 588; x_wconf 85' lang='lat' dir='ltr'>habere</span> 
     </span>
     <span class='ocr_line' id='line_1_7' title="bbox 208 611 1741 663; baseline 0.002 -13"><span class='ocrx_word' id='word_1_52' title='bbox 208 612 371 660; x_wconf 79' lang='lat' dir='ltr'>senti&#39;et3</span> <span class='ocrx_word' id='word_1_53' title='bbox 410 611 522 650; x_wconf 87' lang='lat' dir='ltr'>velut</span> <span class='ocrx_word' id='word_1_54' title='bbox 558 614 577 649; x_wconf 91' lang='lat'>1</span> <span class='ocrx_word' id='word_1_55' title='bbox 614 613 654 650; x_wconf 92' lang='lat' dir='ltr'>et</span> <span class='ocrx_word' id='word_1_56' title='bbox 686 613 710 650; x_wconf 89' lang='lat'>8</span> <span class='ocrx_word' id='word_1_57' title='bbox 744 614 909 661; x_wconf 90' lang='lat' dir='ltr'>propter</span> <span class='ocrx_word' id='word_1_58' title='bbox 941 613 1165 663; x_wconf 86' lang='lat' dir='ltr'>Agathonis</span> <span class='ocrx_word' id='word_1_59' title='bbox 1208 616 1249 652; x_wconf 89' lang='lat' dir='ltr'>et</span> <span class='ocrx_word' id='word_1_60' title='bbox 1280 614 1451 653; x_wconf 88' lang='lat' dir='ltr'>Phaedri</span> <span class='ocrx_word' id='word_1_61' title='bbox 1483 614 1642 653; x_wconf 88' lang='lat' dir='ltr'>nomina</span> <span class='ocrx_word' id='word_1_62' title='bbox 1674 614 1741 654; x_wconf 86' lang='lat' dir='ltr'>So-</span> 
     </span>
     <span class='ocr_line' id='line_1_8' title="bbox 206 677 1741 730; baseline 0.001 -14"><span class='ocrx_word' id='word_1_63' title='bbox 206 678 307 716; x_wconf 81' lang='lat' dir='ltr'>crati</span> <span class='ocrx_word' id='word_1_64' title='bbox 343 677 477 726; x_wconf 84' lang='lat' dir='ltr'>potius</span> <span class='ocrx_word' id='word_1_65' title='bbox 517 689 637 726; x_wconf 89' lang='lat' dir='ltr'>quam</span> <span class='ocrx_word' id='word_1_66' title='bbox 668 677 827 716; x_wconf 89' lang='lat' dir='ltr'>Platoni</span> <span class='ocrx_word' id='word_1_67' title='bbox 867 678 1122 727; x_wconf 86' lang='lat' dir='ltr'>conveniunt,</span> <span class='ocrx_word' id='word_1_68' title='bbox 1164 679 1299 729; x_wconf 88' lang='lat' dir='ltr'>itaque</span> <span class='ocrx_word' id='word_1_69' title='bbox 1344 679 1378 717; x_wconf 89' lang='lat' dir='ltr'>si</span> <span class='ocrx_word' id='word_1_70' title='bbox 1416 679 1513 718; x_wconf 85' lang='lat' dir='ltr'>haec</span> <span class='ocrx_word' id='word_1_71' title='bbox 1550 692 1741 730; x_wconf 84' lang='lat' dir='ltr'>germana</span> 
     </span>
     <span class='ocr_line' id='line_1_9' title="bbox 206 741 1738 795; baseline 0.001 -14"><span class='ocrx_word' id='word_1_72' title='bbox 206 745 317 792; x_wconf 88' lang='lat' dir='ltr'>sunt,</span> <span class='ocrx_word' id='word_1_73' title='bbox 356 741 665 790; x_wconf 89' lang='lat' dir='ltr'>concedendum,</span> <span class='ocrx_word' id='word_1_74' title='bbox 705 742 944 793; x_wconf 88' lang='lat' dir='ltr'>discipulum</span> <span class='ocrx_word' id='word_1_75' title='bbox 983 744 1187 783; x_wconf 90' lang='lat' dir='ltr'>ludentem</span> <span class='ocrx_word' id='word_1_76' title='bbox 1218 745 1405 795; x_wconf 85' lang='lat' dir='ltr'>magistri</span> <span class='ocrx_word' id='word_1_77' title='bbox 1437 743 1500 783; x_wconf 90' lang='lat' dir='ltr'>sui</span> <span class='ocrx_word' id='word_1_78' title='bbox 1529 757 1738 794; x_wconf 84' lang='lat' dir='ltr'>personam</span> 
     </span>
     <span class='ocr_line' id='line_1_10' title="bbox 204 807 1739 860; baseline 0.002 -14"><span class='ocrx_word' id='word_1_79' title='bbox 204 808 392 846; x_wconf 84' lang='lat' dir='ltr'>induisse.</span> <span class='ocrx_word' id='word_1_80' title='bbox 442 807 515 856; x_wconf 87' lang='lat' dir='ltr'>Ep.</span> <span class='ocrx_word' id='word_1_81' title='bbox 539 809 560 846; x_wconf 85' lang='lat'>7</span> <span class='ocrx_word' id='word_1_82' title='bbox 589 807 631 845; x_wconf 89' lang='lat' dir='ltr'>in</span> <span class='ocrx_word' id='word_1_83' title='bbox 655 807 795 847; x_wconf 90' lang='lat' dir='ltr'>Dionis</span> <span class='ocrx_word' id='word_1_84' title='bbox 814 809 1053 848; x_wconf 64' lang='lat' dir='ltr'>&#39;memoriam</span> <span class='ocrx_word' id='word_1_85' title='bbox 1082 810 1273 859; x_wconf 85' lang='lat' dir='ltr'>scriptum</span> <span class='ocrx_word' id='word_1_86' title='bbox 1307 810 1433 848; x_wconf 90' lang='lat' dir='ltr'>multo</span> <span class='ocrx_word' id='word_1_87' title='bbox 1467 810 1594 860; x_wconf 88' lang='lat' dir='ltr'>magis</span> <span class='ocrx_word' id='word_1_88' title='bbox 1621 810 1739 849; x_wconf 87' lang='lat' dir='ltr'>offen-</span> 
     </span>
     <span class='ocr_line' id='line_1_11' title="bbox 205 872 1739 923; baseline 0.001 -11"><span class='ocrx_word' id='word_1_89' title='bbox 205 873 280 912; x_wconf 84' lang='lat' dir='ltr'>dit:</span> <span class='ocrx_word' id='word_1_90' title='bbox 327 872 481 912; x_wconf 84' lang='lat' dir='ltr'>Gellius</span> <span class='ocrx_word' id='word_1_91' title='bbox 522 875 563 911; x_wconf 90' lang='lat' dir='ltr'>et</span> <span class='ocrx_word' id='word_1_92' title='bbox 600 872 795 923; x_wconf 87' lang='lat' dir='ltr'>Apuleius</span> <span class='ocrx_word' id='word_1_93' title='bbox 834 873 1043 913; x_wconf 85' lang='lat' dir='ltr'>Platonem</span> <span class='ocrx_word' id='word_1_94' title='bbox 1081 875 1422 914; x_wconf 90' lang='lat' dir='ltr'>adolescentulum</span> <span class='ocrx_word' id='word_1_95' title='bbox 1459 874 1559 914; x_wconf 88' lang='lat' dir='ltr'>talia</span> <span class='ocrx_word' id='word_1_96' title='bbox 1596 874 1739 914; x_wconf 84' lang='lat' dir='ltr'>lusisse</span> 
     </span>
     <span class='ocr_line' id='line_1_12' title="bbox 205 938 1739 989; baseline 0.002 -12"><span class='ocrx_word' id='word_1_97' title='bbox 205 938 358 988; x_wconf 87' lang='lat' dir='ltr'>dicunt,</span> <span class='ocrx_word' id='word_1_98' title='bbox 392 940 434 977; x_wconf 89' lang='lat' dir='ltr'>at</span> <span class='ocrx_word' id='word_1_99' title='bbox 466 939 716 989; x_wconf 87' lang='lat' dir='ltr'>epigramma</span> <span class='ocrx_word' id='word_1_100' title='bbox 747 939 820 978; x_wconf 89' lang='lat' dir='ltr'>hoc</span> <span class='ocrx_word' id='word_1_101' title='bbox 852 941 944 989; x_wconf 90' lang='lat' dir='ltr'>post</span> <span class='ocrx_word' id='word_1_102' title='bbox 976 939 1115 979; x_wconf 87' lang='lat' dir='ltr'>Dionis</span> <span class='ocrx_word' id='word_1_103' title='bbox 1148 943 1319 980; x_wconf 91' lang='lat' dir='ltr'>mortem</span> <span class='ocrx_word' id='word_1_104' title='bbox 1352 939 1411 979; x_wconf 91' lang='lat' dir='ltr'>Ol.</span> <span class='ocrx_word' id='word_1_105' title='bbox 1448 941 1543 989; x_wconf 88' lang='lat'>106,</span> <span class='ocrx_word' id='word_1_106' title='bbox 1566 941 1591 979; x_wconf 89' lang='lat'><strong>3</strong></span> <span class='ocrx_word' id='word_1_107' title='bbox 1623 940 1739 980; x_wconf 88' lang='lat' dir='ltr'>Plato</span> 
     </span>
     <span class='ocr_line' id='line_1_13' title="bbox 204 1003 1739 1055; baseline 0.003 -14"><span class='ocrx_word' id='word_1_108' title='bbox 204 1016 323 1042; x_wconf 85' lang='lat' dir='ltr'>senex</span> <span class='ocrx_word' id='word_1_109' title='bbox 356 1003 563 1054; x_wconf 85' lang='lat' dir='ltr'>scripsisse</span> <span class='ocrx_word' id='word_1_110' title='bbox 594 1004 778 1055; x_wconf 87' lang='lat' dir='ltr'>fingitur,</span> <span class='ocrx_word' id='word_1_111' title='bbox 814 1017 941 1054; x_wconf 89' lang='lat' dir='ltr'>neque</span> <span class='ocrx_word' id='word_1_112' title='bbox 981 1005 1226 1055; x_wconf 85' lang='lat' dir='ltr'>adolescens,</span> <span class='ocrx_word' id='word_1_113' title='bbox 1267 1007 1337 1046; x_wconf 91' lang='lat' dir='ltr'>sed</span> <span class='ocrx_word' id='word_1_114' title='bbox 1375 1007 1507 1045; x_wconf 88' lang='lat' dir='ltr'>aetate</span> <span class='ocrx_word' id='word_1_115' title='bbox 1538 1005 1618 1044; x_wconf 91' lang='lat' dir='ltr'>iam</span> <span class='ocrx_word' id='word_1_116' title='bbox 1648 1018 1739 1055; x_wconf 89' lang='lat' dir='ltr'>pro-</span> 
     </span>
     <span class='ocr_line' id='line_1_14' title="bbox 204 1069 1740 1123; baseline 0.001 -16"><span class='ocrx_word' id='word_1_117' title='bbox 204 1071 342 1108; x_wconf 87' lang='lat' dir='ltr'>vectus</span> <span class='ocrx_word' id='word_1_118' title='bbox 374 1069 566 1108; x_wconf 85' lang='lat' dir='ltr'>familiari</span> <span class='ocrx_word' id='word_1_119' title='bbox 595 1070 724 1109; x_wconf 89' lang='lat' dir='ltr'>Dione</span> <span class='ocrx_word' id='word_1_120' title='bbox 750 1083 847 1110; x_wconf 87' lang='lat' dir='ltr'>usus</span> <span class='ocrx_word' id='word_1_121' title='bbox 875 1073 954 1110; x_wconf 90' lang='lat' dir='ltr'>est:</span> <span class='ocrx_word' id='word_1_122' title='bbox 986 1072 1197 1120; x_wconf 87' lang='lat' dir='ltr'>praeterea</span> <span class='ocrx_word' id='word_1_123' title='bbox 1223 1084 1381 1111; x_wconf 87' lang='lat' dir='ltr'>carmen</span> <span class='ocrx_word' id='word_1_124' title='bbox 1408 1073 1470 1110; x_wconf 88' lang='lat' dir='ltr'>est</span> <span class='ocrx_word' id='word_1_125' title='bbox 1494 1083 1628 1123; x_wconf 79' lang='lat' dir='ltr'>crasso</span> <span class='ocrx_word' id='word_1_126' title='bbox 1660 1070 1740 1120; x_wconf 91' lang='lat' dir='ltr'>filo,</span> 
     </span>
     <span class='ocr_line' id='line_1_15' title="bbox 203 1134 1740 1188; baseline 0.002 -17"><span class='ocrx_word' id='word_1_127' title='bbox 203 1134 399 1184; x_wconf 87' lang='lat' dir='ltr'>longeque</span> <span class='ocrx_word' id='word_1_128' title='bbox 432 1135 622 1174; x_wconf 89' lang='lat' dir='ltr'>abhorret</span> <span class='ocrx_word' id='word_1_129' title='bbox 654 1148 678 1174; x_wconf 85' lang='lat' dir='ltr'>a</span> <span class='ocrx_word' id='word_1_130' title='bbox 708 1135 845 1174; x_wconf 91' lang='lat' dir='ltr'>nativa</span> <span class='ocrx_word' id='word_1_131' title='bbox 878 1135 1152 1186; x_wconf 85' lang='lat' dir='ltr'>simplicitate,</span> <span class='ocrx_word' id='word_1_132' title='bbox 1192 1150 1271 1188; x_wconf 89' lang='lat' dir='ltr'>qua</span> <span class='ocrx_word' id='word_1_133' title='bbox 1301 1137 1482 1176; x_wconf 87' lang='lat' dir='ltr'>Platonis</span> <span class='ocrx_word' id='word_1_134' title='bbox 1513 1135 1653 1186; x_wconf 89' lang='lat' dir='ltr'>poesin</span> <span class='ocrx_word' id='word_1_135' title='bbox 1682 1136 1740 1174; x_wconf 90' lang='lat' dir='ltr'>in·</span> 
     </span>
     <span class='ocr_line' id='line_1_16' title="bbox 205 1198 1740 1254; baseline 0.002 -18"><span class='ocrx_word' id='word_1_136' title='bbox 205 1198 358 1249; x_wconf 87' lang='lat' dir='ltr'>signem</span> <span class='ocrx_word' id='word_1_137' title='bbox 402 1200 526 1240; x_wconf 82' lang='lat' dir='ltr'>fuisse</span> <span class='ocrx_word' id='word_1_138' title='bbox 574 1202 883 1240; x_wconf 89' lang='lat' dir='ltr'>consentaneum</span> <span class='ocrx_word' id='word_1_139' title='bbox 928 1202 999 1241; x_wconf 87' lang='lat' dir='ltr'>est.</span> <span class='ocrx_word' id='word_1_140' title='bbox 1062 1202 1136 1252; x_wconf 84' lang='lat' dir='ltr'>Ep.</span> <span class='ocrx_word' id='word_1_141' title='bbox 1171 1204 1224 1241; x_wconf 84' lang='lat'>14</span> <span class='ocrx_word' id='word_1_142' title='bbox 1263 1205 1306 1242; x_wconf 91' lang='lat' dir='ltr'>et</span> <span class='ocrx_word' id='word_1_143' title='bbox 1346 1203 1399 1241; x_wconf 88' lang='lat'>15</span> <span class='ocrx_word' id='word_1_144' title='bbox 1445 1203 1581 1252; x_wconf 88' lang='lat' dir='ltr'>lepore</span> <span class='ocrx_word' id='word_1_145' title='bbox 1613 1201 1740 1254; x_wconf 18' lang='lat' dir='ltr'>*facile</span> 
     </span>
     <span class='ocr_line' id='line_1_17' title="bbox 202 1266 1739 1317; baseline 0.001 -15"><span class='ocrx_word' id='word_1_146' title='bbox 202 1267 394 1314; x_wconf 88' lang='lat' dir='ltr'>superant</span> <span class='ocrx_word' id='word_1_147' title='bbox 438 1266 612 1317; x_wconf 82' lang='lat' dir='ltr'>reliqua3</span> <span class='ocrx_word' id='word_1_148' title='bbox 665 1278 759 1305; x_wconf 90' lang='lat' dir='ltr'>sane</span> <span class='ocrx_word' id='word_1_149' title='bbox 803 1267 1070 1306; x_wconf 85' lang='lat' dir='ltr'>astronomiae</span> <span class='ocrx_word' id='word_1_150' title='bbox 1116 1268 1254 1307; x_wconf 75' lang='lat' dir='ltr'>Plato·</span> <span class='ocrx_word' id='word_1_151' title='bbox 1276 1281 1356 1307; x_wconf 88' lang='lat' dir='ltr'>una</span> <span class='ocrx_word' id='word_1_152' title='bbox 1401 1281 1489 1307; x_wconf 92' lang='lat' dir='ltr'>cum</span> <span class='ocrx_word' id='word_1_153' title='bbox 1534 1266 1739 1317; x_wconf 83' lang='lat' dir='ltr'>discipulis</span> 
     </span>
     <span class='ocr_line' id='line_1_18' title="bbox 158 1318 1739 1382; baseline 0.001 -14"><span class='ocrx_word' id='word_1_154' title='bbox 158 1318 172 1326; x_wconf 48' lang='lat'>⁵</span> <span class='ocrx_word' id='word_1_155' title='bbox 200 1330 455 1379; x_wconf 88' lang='lat' dir='ltr'>potissimum</span> <span class='ocrx_word' id='word_1_156' title='bbox 487 1344 649 1381; x_wconf 86' lang='lat' dir='ltr'>operam</span> <span class='ocrx_word' id='word_1_157' title='bbox 683 1330 792 1370; x_wconf 87' lang='lat' dir='ltr'>dedit</span> <span class='ocrx_word' id='word_1_158' title='bbox 822 1331 958 1381; x_wconf 90' lang='lat' dir='ltr'>gravis</span> <span class='ocrx_word' id='word_1_159' title='bbox 991 1332 1070 1370; x_wconf 91' lang='lat' dir='ltr'>iam</span> <span class='ocrx_word' id='word_1_160' title='bbox 1104 1333 1234 1382; x_wconf 89' lang='lat' dir='ltr'>annis,</span> <span class='ocrx_word' id='word_1_161' title='bbox 1274 1346 1363 1372; x_wconf 89' lang='lat' dir='ltr'>cum</span> <span class='ocrx_word' id='word_1_162' title='bbox 1395 1333 1583 1373; x_wconf 88' lang='lat' dir='ltr'>Eudoxus</span> <span class='ocrx_word' id='word_1_163' title='bbox 1614 1332 1739 1371; x_wconf 87' lang='lat' dir='ltr'>Athe-</span> 
     </span>
     <span class='ocr_line' id='line_1_19' title="bbox 201 1396 1737 1448; baseline 0.002 -16"><span class='ocrx_word' id='word_1_164' title='bbox 201 1407 273 1434; x_wconf 89' lang='lat' dir='ltr'>nas</span> <span class='ocrx_word' id='word_1_165' title='bbox 307 1396 552 1436; x_wconf 85' lang='lat' dir='ltr'>domicilium</span> <span class='ocrx_word' id='word_1_166' title='bbox 578 1397 831 1436; x_wconf 89' lang='lat' dir='ltr'>contuIisset:</span> <span class='ocrx_word' id='word_1_167' title='bbox 865 1397 935 1435; x_wconf 89' lang='lat' dir='ltr'>sed</span> <span class='ocrx_word' id='word_1_168' title='bbox 961 1398 1067 1447; x_wconf 89' lang='lat' dir='ltr'>quod</span> <span class='ocrx_word' id='word_1_169' title='bbox 1099 1398 1331 1448; x_wconf 89' lang='lat' dir='ltr'>scriptores,</span> <span class='ocrx_word' id='word_1_170' title='bbox 1363 1398 1431 1448; x_wconf 91' lang='lat' dir='ltr'>qui</span> <span class='ocrx_word' id='word_1_171' title='bbox 1462 1399 1534 1437; x_wconf 90' lang='lat' dir='ltr'>hos</span> <span class='ocrx_word' id='word_1_172' title='bbox 1565 1397 1737 1437; x_wconf 87' lang='lat' dir='ltr'>versicu-</span> 
     </span>
     <span class='ocr_line' id='line_1_20' title="bbox 200 1461 1739 1514; baseline 0.001 -15"><span class='ocrx_word' id='word_1_173' title='bbox 200 1461 260 1499; x_wconf 89' lang='lat' dir='ltr'>los</span> <span class='ocrx_word' id='word_1_174' title='bbox 298 1462 572 1513; x_wconf 88' lang='lat' dir='ltr'>tradiderunt,</span> <span class='ocrx_word' id='word_1_175' title='bbox 612 1462 660 1501; x_wconf 89' lang='lat' dir='ltr'>de</span> <span class='ocrx_word' id='word_1_176' title='bbox 698 1462 964 1501; x_wconf 87' lang='lat' dir='ltr'>astronomiae</span> <span class='ocrx_word' id='word_1_177' title='bbox 1006 1463 1149 1503; x_wconf 81' lang='lat' dir='ltr'>studiis</span> <span class='ocrx_word' id='word_1_178' title='bbox 1187 1464 1438 1514; x_wconf 86' lang='lat' dir='ltr'>fabulantur,</span> <span class='ocrx_word' id='word_1_179' title='bbox 1475 1462 1739 1502; x_wconf 88' lang='lat' dir='ltr'>leviusculum</span> 
     </span>
     <span class='ocr_line' id='line_1_21' title="bbox 201 1518 1738 1578; baseline 0.001 -14"><span class='ocrx_word' id='word_1_180' title='bbox 201 1527 280 1565; x_wconf 87' lang='lat' dir='ltr'>est:</span> <span class='ocrx_word' id='word_1_181' title='bbox 321 1527 453 1577; x_wconf 88' lang='lat' dir='ltr'>potuit</span> <span class='ocrx_word' id='word_1_182' title='bbox 484 1529 582 1567; x_wconf 88' lang='lat' dir='ltr'>haec</span> <span class='ocrx_word' id='word_1_183' title='bbox 614 1518 936 1567; x_wconf 86' lang='lat' dir='ltr'>adolescentulus</span> <span class='ocrx_word' id='word_1_184' title='bbox 974 1528 1130 1578; x_wconf 89' lang='lat' dir='ltr'>ludere,</span> <span class='ocrx_word' id='word_1_185' title='bbox 1172 1529 1205 1567; x_wconf 88' lang='lat' dir='ltr'>si</span> <span class='ocrx_word' id='word_1_186' title='bbox 1245 1541 1378 1567; x_wconf 88' lang='lat' dir='ltr'>sumas</span> <span class='ocrx_word' id='word_1_187' title='bbox 1415 1528 1514 1567; x_wconf 85' lang='lat' dir='ltr'>haec</span> <span class='ocrx_word' id='word_1_188' title='bbox 1546 1528 1632 1567; x_wconf 91' lang='lat' dir='ltr'>sola</span> <span class='ocrx_word' id='word_1_189' title='bbox 1662 1528 1738 1567; x_wconf 91' lang='lat' dir='ltr'>ele-</span> 
     </span>
     <span class='ocr_line' id='line_1_22' title="bbox 199 1592 1737 1644; baseline 0.003 -15"><span class='ocrx_word' id='word_1_190' title='bbox 199 1592 309 1641; x_wconf 88' lang='lat' dir='ltr'>gidia</span> <span class='ocrx_word' id='word_1_191' title='bbox 346 1592 597 1632; x_wconf 89' lang='lat' dir='ltr'>flammarum</span> <span class='ocrx_word' id='word_1_192' title='bbox 634 1594 716 1633; x_wconf 88' lang='lat' dir='ltr'>vim</span> <span class='ocrx_word' id='word_1_193' title='bbox 756 1593 1061 1643; x_wconf 87' lang='lat' dir='ltr'>subterfugisse.</span> <span class='ocrx_word' id='word_1_194' title='bbox 1122 1594 1227 1632; x_wconf 90' lang='lat' dir='ltr'>Nam</span> <span class='ocrx_word' id='word_1_195' title='bbox 1259 1606 1319 1644; x_wconf 92' lang='lat' dir='ltr'>ep.</span> <span class='ocrx_word' id='word_1_196' title='bbox 1354 1596 1377 1632; x_wconf 86' lang='lat'>2</span> <span class='ocrx_word' id='word_1_197' title='bbox 1412 1594 1554 1633; x_wconf 86' lang='lat' dir='ltr'>ceteris</span> <span class='ocrx_word' id='word_1_198' title='bbox 1586 1596 1737 1644; x_wconf 86' lang='lat' dir='ltr'>proter-</span> 
     </span>
     <span class='ocr_line' id='line_1_23' title="bbox 199 1657 1048 1710; baseline 0.004 -15"><span class='ocrx_word' id='word_1_199' title='bbox 199 1657 287 1696; x_wconf 89' lang='lat' dir='ltr'>vius</span> <span class='ocrx_word' id='word_1_200' title='bbox 318 1658 437 1698; x_wconf 88' lang='lat' dir='ltr'>nimis</span> <span class='ocrx_word' id='word_1_201' title='bbox 469 1660 637 1710; x_wconf 87' lang='lat' dir='ltr'>vulgare</span> <span class='ocrx_word' id='word_1_202' title='bbox 670 1661 731 1698; x_wconf 89' lang='lat' dir='ltr'>est</span> <span class='ocrx_word' id='word_1_203' title='bbox 763 1661 804 1698; x_wconf 91' lang='lat' dir='ltr'>et</span> <span class='ocrx_word' id='word_1_204' title='bbox 834 1658 1048 1698; x_wconf 85' lang='lat' dir='ltr'>levidense.</span> 
     </span>
    </p>
   </div>
   <div class='ocr_carea' id='block_1_3' title="bbox 195 1735 1795 2571">
    <p class='ocr_par' dir='ltr' id='par_1_3' title="bbox 195 1735 1795 2571">
     <span class='ocr_line' id='line_1_24' title="bbox 320 1735 1737 1788; baseline 0.002 -14"><span class='ocrx_word' id='word_1_205' title='bbox 320 1735 433 1782; x_wconf 84' lang='lat' dir='ltr'>Quod</span> <span class='ocrx_word' id='word_1_206' title='bbox 467 1737 562 1776; x_wconf 91' lang='lat' dir='ltr'>olim</span> <span class='ocrx_word' id='word_1_207' title='bbox 589 1737 884 1785; x_wconf 88' lang='lat' dir='ltr'>existimabam,</span> <span class='ocrx_word' id='word_1_208' title='bbox 916 1737 1088 1776; x_wconf 88' lang='lat' dir='ltr'>fortasse</span> <span class='ocrx_word' id='word_1_209' title='bbox 1121 1737 1202 1776; x_wconf 83' lang='lat' dir='ltr'>alia</span> <span class='ocrx_word' id='word_1_210' title='bbox 1233 1737 1275 1775; x_wconf 90' lang='lat' dir='ltr'>in</span> <span class='ocrx_word' id='word_1_211' title='bbox 1307 1750 1445 1776; x_wconf 91' lang='lat' dir='ltr'>eorum</span> <span class='ocrx_word' id='word_1_212' title='bbox 1476 1738 1606 1776; x_wconf 91' lang='lat' dir='ltr'>locum</span> <span class='ocrx_word' id='word_1_213' title='bbox 1635 1750 1737 1788; x_wconf 88' lang='lat' dir='ltr'>quae</span> 
     </span>
     <span class='ocr_line' id='line_1_25' title="bbox 200 1801 1735 1853; baseline 0.002 -14"><span class='ocrx_word' id='word_1_214' title='bbox 200 1801 359 1841; x_wconf 87' lang='lat' dir='ltr'>Platoni</span> <span class='ocrx_word' id='word_1_215' title='bbox 391 1802 624 1853; x_wconf 86' lang='lat' dir='ltr'>abroganda</span> <span class='ocrx_word' id='word_1_216' title='bbox 657 1804 769 1850; x_wconf 86' lang='lat' dir='ltr'>sunt,</span> <span class='ocrx_word' id='word_1_217' title='bbox 809 1801 1002 1841; x_wconf 90' lang='lat' dir='ltr'>substitui</span> <span class='ocrx_word' id='word_1_218' title='bbox 1040 1813 1175 1851; x_wconf 86' lang='lat' dir='ltr'>posse,</span> <span class='ocrx_word' id='word_1_219' title='bbox 1214 1814 1294 1840; x_wconf 90' lang='lat' dir='ltr'>non</span> <span class='ocrx_word' id='word_1_220' title='bbox 1331 1802 1410 1840; x_wconf 90' lang='lat' dir='ltr'>iam</span> <span class='ocrx_word' id='word_1_221' title='bbox 1442 1803 1570 1842; x_wconf 87' lang='lat' dir='ltr'>tueor.</span> <span class='ocrx_word' id='word_1_222' title='bbox 1632 1802 1735 1842; x_wconf 83' lang='lat' dir='ltr'>Sane</span> 
     </span>
     <span class='ocr_line' id='line_1_26' title="bbox 198 1866 1736 1918; baseline 0.002 -14"><span class='ocrx_word' id='word_1_223' title='bbox 198 1879 277 1905; x_wconf 91' lang='lat' dir='ltr'>non</span> <span class='ocrx_word' id='word_1_224' title='bbox 314 1868 529 1907; x_wconf 88' lang='lat' dir='ltr'>invenusta</span> <span class='ocrx_word' id='word_1_225' title='bbox 569 1869 662 1906; x_wconf 89' lang='lat' dir='ltr'>sunt</span> <span class='ocrx_word' id='word_1_226' title='bbox 701 1869 764 1912; x_wconf 89' lang='grc' dir='ltr'>24Ι</span> <span class='ocrx_word' id='word_1_227' title='bbox 789 1869 830 1906; x_wconf 90' lang='lat' dir='ltr'>et</span> <span class='ocrx_word' id='word_1_228' title='bbox 862 1868 935 1918; x_wconf 85' lang='lat'>32,</span> <span class='ocrx_word' id='word_1_229' title='bbox 979 1878 1108 1915; x_wconf 85' lang='lat' dir='ltr'>neque</span> <span class='ocrx_word' id='word_1_230' title='bbox 1152 1866 1257 1916; x_wconf 90' lang='lat' dir='ltr'>quod</span> <span class='ocrx_word' id='word_1_231' title='bbox 1300 1866 1365 1905; x_wconf 89' lang='lat' dir='ltr'>hic</span> <span class='ocrx_word' id='word_1_232' title='bbox 1404 1867 1603 1916; x_wconf 87' lang='lat' dir='ltr'>quandam</span> <span class='ocrx_word' id='word_1_233' title='bbox 1646 1880 1736 1907; x_wconf 88' lang='lat' dir='ltr'>cum</span> 
     </span>
     <span class='ocr_line' id='line_1_27' title="bbox 199 1931 1795 1982; baseline 0.002 -12"><span class='ocrx_word' id='word_1_234' title='bbox 199 1932 390 1972; x_wconf 87' lang='lat' dir='ltr'>bucolicis</span> <span class='ocrx_word' id='word_1_235' title='bbox 417 1933 660 1971; x_wconf 85' lang='lat' dir='ltr'>carminibus</span> <span class='ocrx_word' id='word_1_236' title='bbox 688 1932 1021 1982; x_wconf 90' lang='lat' dir='ltr'>deprehendimus</span> <span class='ocrx_word' id='word_1_237' title='bbox 1051 1931 1353 1970; x_wconf 87' lang='lat' dir='ltr'>similitudinem</span> <span class='ocrx_word' id='word_1_238' title='bbox 1385 1932 1560 1982; x_wconf 88' lang='lat' dir='ltr'>offendit,</span> <span class='ocrx_word' id='word_1_239' title='bbox 1587 1934 1657 1972; x_wconf 91' lang='lat' dir='ltr'>sed</span> <span class='ocrx_word' id='word_1_240' title='bbox 1678 1936 1734 1973; x_wconf 80' lang='lat'>24</span> <span class='ocrx_word' id='word_1_241' title='bbox 1793 1931 1795 1934; x_wconf 43' lang='lat'><em>⁴</em></span> 
     </span>
     <span class='ocr_line' id='line_1_28' title="bbox 198 1996 1735 2050; baseline 0 -13"><span class='ocrx_word' id='word_1_242' title='bbox 198 1998 357 2038; x_wconf 89' lang='lat' dir='ltr'>videtur</span> <span class='ocrx_word' id='word_1_243' title='bbox 388 1998 549 2037; x_wconf 89' lang='lat' dir='ltr'>Platoni</span> <span class='ocrx_word' id='word_1_244' title='bbox 579 1998 780 2037; x_wconf 88' lang='lat' dir='ltr'>tributum</span> <span class='ocrx_word' id='word_1_245' title='bbox 811 2011 918 2047; x_wconf 87' lang='lat' dir='ltr'>esse,</span> <span class='ocrx_word' id='word_1_246' title='bbox 951 1996 1137 2047; x_wconf 90' lang='lat' dir='ltr'>quoniam</span> <span class='ocrx_word' id='word_1_247' title='bbox 1169 1997 1410 2035; x_wconf 86' lang='lat' dir='ltr'>describitur</span> <span class='ocrx_word' id='word_1_248' title='bbox 1440 1998 1550 2037; x_wconf 90' lang='lat' dir='ltr'>locus</span> <span class='ocrx_word' id='word_1_249' title='bbox 1581 1999 1623 2037; x_wconf 92' lang='lat' dir='ltr'>in</span> <span class='ocrx_word' id='word_1_250' title='bbox 1653 1999 1735 2050; x_wconf 86' lang='lat' dir='ltr'>Hy-</span> 
     </span>
     <span class='ocr_line' id='line_1_29' title="bbox 198 2057 1735 2114; baseline 0.001 -12"><span class='ocrx_word' id='word_1_251' title='bbox 198 2065 342 2114; x_wconf 88' lang='lat' dir='ltr'>metto,</span> <span class='ocrx_word' id='word_1_252' title='bbox 374 2076 492 2114; x_wconf 91' lang='lat' dir='ltr'>quem</span> <span class='ocrx_word' id='word_1_253' title='bbox 525 2059 740 2111; x_wconf 77' lang='grc' dir='ltr'><em>Πλάτωνος</em></span> <span class='ocrx_word' id='word_1_254' title='bbox 771 2059 906 2114; x_wconf 74' lang='grc' dir='ltr'><em>νάπην</em></span> <span class='ocrx_word' id='word_1_255' title='bbox 937 2063 1151 2113; x_wconf 88' lang='lat' dir='ltr'>vocabant,</span> <span class='ocrx_word' id='word_1_256' title='bbox 1184 2057 1282 2114; x_wconf 86' lang='lat' dir='ltr'>(vid.</span> <span class='ocrx_word' id='word_1_257' title='bbox 1315 2063 1366 2101; x_wconf 91' lang='lat' dir='ltr'>ad</span> <span class='ocrx_word' id='word_1_258' title='bbox 1401 2075 1459 2113; x_wconf 91' lang='lat' dir='ltr'>ep.</span> <span class='ocrx_word' id='word_1_259' title='bbox 1488 2065 1561 2112; x_wconf 85' lang='lat'>25,</span> <span class='ocrx_word' id='word_1_260' title='bbox 1594 2064 1664 2103; x_wconf 91' lang='lat' dir='ltr'>ubi</span> <span class='ocrx_word' id='word_1_261' title='bbox 1694 2064 1735 2103; x_wconf 91' lang='lat' dir='ltr'>id</span> 
     </span>
     <span class='ocr_line' id='line_1_30' title="bbox 199 2125 1734 2181; baseline 0.001 -13"><span class='ocrx_word' id='word_1_262' title='bbox 199 2130 346 2168; x_wconf 86' lang='lat' dir='ltr'>iterum</span> <span class='ocrx_word' id='word_1_263' title='bbox 366 2142 442 2168; x_wconf 89' lang='lat' dir='ltr'>usu</span> <span class='ocrx_word' id='word_1_264' title='bbox 462 2125 604 2181; x_wconf 87' lang='lat' dir='ltr'>venit),</span> <span class='ocrx_word' id='word_1_265' title='bbox 636 2129 734 2168; x_wconf 86' lang='lat' dir='ltr'>item</span> <span class='ocrx_word' id='word_1_266' title='bbox 761 2131 814 2168; x_wconf 83' lang='lat'>32</span> <span class='ocrx_word' id='word_1_267' title='bbox 842 2128 1021 2167; x_wconf 87' lang='lat' dir='ltr'>Platonis</span> <span class='ocrx_word' id='word_1_268' title='bbox 1041 2140 1185 2167; x_wconf 88' lang='lat' dir='ltr'>nomen</span> <span class='ocrx_word' id='word_1_269' title='bbox 1205 2141 1301 2178; x_wconf 91' lang='lat' dir='ltr'>prae</span> <span class='ocrx_word' id='word_1_270' title='bbox 1323 2141 1365 2167; x_wconf 89' lang='lat' dir='ltr'>se</span> <span class='ocrx_word' id='word_1_271' title='bbox 1384 2129 1474 2179; x_wconf 87' lang='lat' dir='ltr'>fert,</span> <span class='ocrx_word' id='word_1_272' title='bbox 1499 2129 1604 2179; x_wconf 89' lang='lat' dir='ltr'>quod</span> <span class='ocrx_word' id='word_1_273' title='bbox 1632 2142 1734 2180; x_wconf 88' lang='lat' dir='ltr'>quae</span> 
     </span>
     <span class='ocr_line' id='line_1_31' title="bbox 198 2187 1733 2245; baseline 0.001 -12"><span class='ocrx_word' id='word_1_274' title='bbox 198 2195 262 2234; x_wconf 87' lang='lat' dir='ltr'>hic</span> <span class='ocrx_word' id='word_1_275' title='bbox 294 2195 342 2234; x_wconf 88' lang='lat' dir='ltr'>de</span> <span class='ocrx_word' id='word_1_276' title='bbox 374 2208 496 2245; x_wconf 89' lang='lat' dir='ltr'>apum</span> <span class='ocrx_word' id='word_1_277' title='bbox 529 2187 709 2234; x_wconf 81' lang='lat' dir='ltr'>examine</span> <span class='ocrx_word' id='word_1_278' title='bbox 741 2197 781 2234; x_wconf 93' lang='lat' dir='ltr'>et</span> <span class='ocrx_word' id='word_1_279' title='bbox 811 2195 960 2234; x_wconf 86' lang='lat' dir='ltr'>Amore</span> <span class='ocrx_word' id='word_1_280' title='bbox 997 2196 1231 2243; x_wconf 87' lang='lat' dir='ltr'>narrantur,</span> <span class='ocrx_word' id='word_1_281' title='bbox 1268 2194 1492 2232; x_wconf 85' lang='lat' dir='ltr'>fabularem</span> <span class='ocrx_word' id='word_1_282' title='bbox 1524 2195 1733 2234; x_wconf 89' lang='lat' dir='ltr'>historiam</span> 
     </span>
     <span class='ocr_line' id='line_1_32' title="bbox 198 2258 1734 2300; baseline 0.001 -1"><span class='ocrx_word' id='word_1_283' title='bbox 198 2261 246 2299; x_wconf 88' lang='lat' dir='ltr'>de</span> <span class='ocrx_word' id='word_1_284' title='bbox 278 2261 432 2299; x_wconf 89' lang='lat' dir='ltr'>infante</span> <span class='ocrx_word' id='word_1_285' title='bbox 460 2260 628 2299; x_wconf 89' lang='lat' dir='ltr'>Platone</span> <span class='ocrx_word' id='word_1_286' title='bbox 660 2260 701 2297; x_wconf 91' lang='lat' dir='ltr'>in</span> <span class='ocrx_word' id='word_1_287' title='bbox 729 2260 962 2299; x_wconf 88' lang='lat' dir='ltr'>memoriam</span> <span class='ocrx_word' id='word_1_288' title='bbox 991 2259 1244 2298; x_wconf 87' lang='lat' dir='ltr'>revocabant.</span> <span class='ocrx_word' id='word_1_289' title='bbox 1294 2258 1555 2298; x_wconf 86' lang='lat' dir='ltr'>Praeconium</span> <span class='ocrx_word' id='word_1_290' title='bbox 1579 2259 1734 2300; x_wconf 88' lang='lat' dir='ltr'>Aristo-</span> 
     </span>
     <span class='ocr_line' id='line_1_33' title="bbox 196 2324 1730 2377; baseline 0.001 -13"><span class='ocrx_word' id='word_1_291' title='bbox 196 2326 341 2375; x_wconf 89' lang='lat' dir='ltr'>phanis</span> <span class='ocrx_word' id='word_1_292' title='bbox 368 2325 506 2364; x_wconf 90' lang='lat' dir='ltr'>comici</span> <span class='ocrx_word' id='word_1_293' title='bbox 534 2327 600 2377; x_wconf 85' lang='lat'>29,</span> <span class='ocrx_word' id='word_1_294' title='bbox 632 2325 813 2375; x_wconf 87' lang='lat' dir='ltr'>quamvis</span> <span class='ocrx_word' id='word_1_295' title='bbox 846 2324 1011 2364; x_wconf 89' lang='lat' dir='ltr'>testium</span> <span class='ocrx_word' id='word_1_296' title='bbox 1035 2324 1254 2364; x_wconf 88' lang='lat' dir='ltr'>auctoritas</span> <span class='ocrx_word' id='word_1_297' title='bbox 1286 2338 1364 2364; x_wconf 92' lang='lat' dir='ltr'>non</span> <span class='ocrx_word' id='word_1_298' title='bbox 1396 2324 1609 2364; x_wconf 87' lang='lat' dir='ltr'>admodum</span> <span class='ocrx_word' id='word_1_299' title='bbox 1641 2338 1730 2376; x_wconf 88' lang='lat' dir='ltr'>gra-</span> 
     </span>
     <span class='ocr_line' id='line_1_34' title="bbox 195 2389 1731 2441; baseline 0.001 -12"><span class='ocrx_word' id='word_1_300' title='bbox 195 2391 275 2440; x_wconf 88' lang='lat' dir='ltr'>vis,</span> <span class='ocrx_word' id='word_1_301' title='bbox 307 2404 397 2429; x_wconf 88' lang='lat' dir='ltr'>cum</span> <span class='ocrx_word' id='word_1_302' title='bbox 428 2391 655 2440; x_wconf 85' lang='lat' dir='ltr'>philosophi</span> <span class='ocrx_word' id='word_1_303' title='bbox 686 2390 848 2440; x_wconf 87' lang='lat' dir='ltr'>ingenio</span> <span class='ocrx_word' id='word_1_304' title='bbox 882 2390 934 2429; x_wconf 90' lang='lat' dir='ltr'>sit</span> <span class='ocrx_word' id='word_1_305' title='bbox 965 2389 1262 2441; x_wconf 88' lang='lat' dir='ltr'>dignissimum,</span> <span class='ocrx_word' id='word_1_306' title='bbox 1296 2402 1376 2429; x_wconf 89' lang='lat' dir='ltr'>non</span> <span class='ocrx_word' id='word_1_307' title='bbox 1407 2390 1535 2428; x_wconf 88' lang='lat' dir='ltr'>ausim</span> <span class='ocrx_word' id='word_1_308' title='bbox 1566 2390 1731 2441; x_wconf 90' lang='lat' dir='ltr'>eripere.</span> 
     </span>
     <span class='ocr_line' id='line_1_35' title="bbox 197 2454 1731 2508; baseline 0.001 -14"><span class='ocrx_word' id='word_1_309' title='bbox 197 2456 275 2495; x_wconf 82' lang='lat' dir='ltr'>Sed</span> <span class='ocrx_word' id='word_1_310' title='bbox 313 2456 476 2495; x_wconf 84' lang='lat' dir='ltr'>Pindari</span> <span class='ocrx_word' id='word_1_311' title='bbox 515 2456 690 2506; x_wconf 88' lang='lat' dir='ltr'>elogium</span> <span class='ocrx_word' id='word_1_312' title='bbox 729 2469 789 2505; x_wconf 89' lang='lat' dir='ltr'>ep.</span> <span class='ocrx_word' id='word_1_313' title='bbox 824 2457 847 2494; x_wconf 87' lang='grc'><strong>6</strong></span> <span class='ocrx_word' id='word_1_314' title='bbox 886 2457 1100 2506; x_wconf 89' lang='lat' dir='ltr'>antequam</span> <span class='ocrx_word' id='word_1_315' title='bbox 1137 2456 1256 2494; x_wconf 90' lang='lat' dir='ltr'>natus</span> <span class='ocrx_word' id='word_1_316' title='bbox 1299 2455 1378 2493; x_wconf 83' lang='lat' dir='ltr'>fuit</span> <span class='ocrx_word' id='word_1_317' title='bbox 1413 2454 1530 2494; x_wconf 89' lang='lat' dir='ltr'>Plato</span> <span class='ocrx_word' id='word_1_318' title='bbox 1568 2456 1731 2508; x_wconf 89' lang='lat' dir='ltr'>factum,</span> 
     </span>
     <span class='ocr_line' id='line_1_36' title="bbox 197 2521 740 2571; baseline 0.002 -12"><span class='ocrx_word' id='word_1_319' title='bbox 197 2521 288 2560; x_wconf 90' lang='lat' dir='ltr'>vide</span> <span class='ocrx_word' id='word_1_320' title='bbox 321 2534 422 2571; x_wconf 88' lang='lat' dir='ltr'>quae</span> <span class='ocrx_word' id='word_1_321' title='bbox 453 2521 510 2559; x_wconf 89' lang='lat' dir='ltr'>ibi</span> <span class='ocrx_word' id='word_1_322' title='bbox 540 2521 740 2561; x_wconf 88' lang='lat' dir='ltr'>adnotavi.</span> 
     </span>
    </p>
   </div>
   <div class='ocr_carea' id='block_1_4' title="bbox 197 2598 1731 2975">
    <p class='ocr_par' dir='ltr' id='par_1_4' title="bbox 197 2598 1731 2975">
     <span class='ocr_line' id='line_1_37' title="bbox 316 2598 1729 2649; baseline 0.001 -12"><span class='ocrx_word' id='word_1_323' title='bbox 316 2599 486 2649; x_wconf 87' lang='lat' dir='ltr'>Reliqua</span> <span class='ocrx_word' id='word_1_324' title='bbox 522 2611 601 2638; x_wconf 91' lang='lat' dir='ltr'>non</span> <span class='ocrx_word' id='word_1_325' title='bbox 638 2599 868 2638; x_wconf 89' lang='lat' dir='ltr'>dubitamus</span> <span class='ocrx_word' id='word_1_326' title='bbox 907 2599 1003 2649; x_wconf 90' lang='lat' dir='ltr'>quin</span> <span class='ocrx_word' id='word_1_327' title='bbox 1034 2613 1058 2638; x_wconf 92' lang='lat' dir='ltr'>a</span> <span class='ocrx_word' id='word_1_328' title='bbox 1088 2599 1256 2638; x_wconf 89' lang='lat' dir='ltr'>Platone</span> <span class='ocrx_word' id='word_1_329' title='bbox 1296 2598 1532 2648; x_wconf 85' lang='lat' dir='ltr'>philosopho</span> <span class='ocrx_word' id='word_1_330' title='bbox 1570 2600 1729 2639; x_wconf 86' lang='lat' dir='ltr'>omnino</span> 
     </span>
     <span class='ocr_line' id='line_1_38' title="bbox 198 2663 1731 2714; baseline 0.001 -12"><span class='ocrx_word' id='word_1_331' title='bbox 198 2665 329 2703; x_wconf 86' lang='lat' dir='ltr'>aliena</span> <span class='ocrx_word' id='word_1_332' title='bbox 362 2664 458 2702; x_wconf 89' lang='lat' dir='ltr'>sint:</span> <span class='ocrx_word' id='word_1_333' title='bbox 491 2665 568 2703; x_wconf 88' lang='lat' dir='ltr'>huc</span> <span class='ocrx_word' id='word_1_334' title='bbox 599 2664 810 2703; x_wconf 84' lang='lat' dir='ltr'>referenda</span> <span class='ocrx_word' id='word_1_335' title='bbox 841 2667 935 2704; x_wconf 90' lang='lat' dir='ltr'>sunt</span> <span class='ocrx_word' id='word_1_336' title='bbox 966 2665 1116 2714; x_wconf 84' lang='lat' dir='ltr'>omnia,</span> <span class='ocrx_word' id='word_1_337' title='bbox 1148 2676 1250 2714; x_wconf 88' lang='lat' dir='ltr'>quae</span> <span class='ocrx_word' id='word_1_338' title='bbox 1280 2663 1323 2702; x_wconf 91' lang='lat' dir='ltr'>in</span> <span class='ocrx_word' id='word_1_339' title='bbox 1347 2663 1446 2702; x_wconf 88' lang='lat' dir='ltr'>artis</span> <span class='ocrx_word' id='word_1_340' title='bbox 1473 2663 1660 2713; x_wconf 88' lang='lat' dir='ltr'>operibus</span> <span class='ocrx_word' id='word_1_341' title='bbox 1690 2667 1731 2704; x_wconf 88' lang='lat' dir='ltr'>et</span> 
     </span>
     <span class='ocr_line' id='line_1_39' title="bbox 197 2728 1730 2780; baseline 0.001 -13"><span class='ocrx_word' id='word_1_342' title='bbox 197 2729 371 2768; x_wconf 86' lang='lat' dir='ltr'>donariis</span> <span class='ocrx_word' id='word_1_343' title='bbox 398 2730 667 2769; x_wconf 87' lang='lat' dir='ltr'>describendis</span> <span class='ocrx_word' id='word_1_344' title='bbox 693 2731 923 2779; x_wconf 86' lang='lat' dir='ltr'>versantur,</span> <span class='ocrx_word' id='word_1_345' title='bbox 956 2743 1058 2780; x_wconf 87' lang='lat' dir='ltr'>quae</span> <span class='ocrx_word' id='word_1_346' title='bbox 1082 2743 1162 2769; x_wconf 89' lang='lat' dir='ltr'>non</span> <span class='ocrx_word' id='word_1_347' title='bbox 1187 2730 1314 2769; x_wconf 88' lang='lat' dir='ltr'>solum</span> <span class='ocrx_word' id='word_1_348' title='bbox 1338 2730 1505 2778; x_wconf 89' lang='lat' dir='ltr'>propter</span> <span class='ocrx_word' id='word_1_349' title='bbox 1530 2728 1571 2768; x_wconf 92' lang='lat' dir='ltr'>id</span> <span class='ocrx_word' id='word_1_350' title='bbox 1598 2728 1730 2778; x_wconf 87' lang='lat' dir='ltr'>ipsum</span> 
     </span>
     <span class='ocr_line' id='line_1_40' title="bbox 197 2793 1728 2846; baseline 0.001 -13"><span class='ocrx_word' id='word_1_351' title='bbox 197 2795 446 2844; x_wconf 87' lang='lat' dir='ltr'>institutum,</span> <span class='ocrx_word' id='word_1_352' title='bbox 488 2795 556 2834; x_wconf 84' lang='lat' dir='ltr'>sed</span> <span class='ocrx_word' id='word_1_353' title='bbox 597 2795 718 2834; x_wconf 89' lang='lat' dir='ltr'>etiam</span> <span class='ocrx_word' id='word_1_354' title='bbox 750 2795 986 2846; x_wconf 90' lang='lat' dir='ltr'>plerumque</span> <span class='ocrx_word' id='word_1_355' title='bbox 1023 2796 1188 2846; x_wconf 89' lang='lat' dir='ltr'>propter</span> <span class='ocrx_word' id='word_1_356' title='bbox 1219 2793 1409 2833; x_wconf 87' lang='lat' dir='ltr'>orationis</span> <span class='ocrx_word' id='word_1_357' title='bbox 1440 2794 1728 2843; x_wconf 89' lang='lat' dir='ltr'>proprietatem</span> 
     </span>
     <span class='ocr_line' id='line_1_41' title="bbox 197 2859 1729 2910; baseline 0.001 -12"><span class='ocrx_word' id='word_1_358' title='bbox 197 2873 275 2899; x_wconf 88' lang='lat' dir='ltr'>non</span> <span class='ocrx_word' id='word_1_359' title='bbox 302 2861 432 2899; x_wconf 90' lang='lat' dir='ltr'>solum</span> <span class='ocrx_word' id='word_1_360' title='bbox 457 2874 481 2898; x_wconf 87' lang='lat' dir='ltr'>a</span> <span class='ocrx_word' id='word_1_361' title='bbox 506 2861 691 2910; x_wconf 85' lang='lat' dir='ltr'>Platone,</span> <span class='ocrx_word' id='word_1_362' title='bbox 725 2860 793 2898; x_wconf 85' lang='lat' dir='ltr'>sed</span> <span class='ocrx_word' id='word_1_363' title='bbox 825 2861 983 2899; x_wconf 89' lang='lat' dir='ltr'>omnino</span> <span class='ocrx_word' id='word_1_364' title='bbox 1015 2861 1066 2899; x_wconf 90' lang='lat' dir='ltr'>ab</span> <span class='ocrx_word' id='word_1_365' title='bbox 1097 2861 1171 2899; x_wconf 92' lang='lat' dir='ltr'>hoc</span> <span class='ocrx_word' id='word_1_366' title='bbox 1203 2859 1359 2898; x_wconf 86' lang='lat' dir='ltr'>saeculo</span> <span class='ocrx_word' id='word_1_367' title='bbox 1391 2871 1554 2908; x_wconf 85' lang='lat' dir='ltr'>prorsus</span> <span class='ocrx_word' id='word_1_368' title='bbox 1587 2859 1729 2899; x_wconf 85' lang='lat' dir='ltr'>abhor-</span> 
     </span>
     <span class='ocr_line' id='line_1_42' title="bbox 197 2924 1726 2975; baseline 0.001 -12"><span class='ocrx_word' id='word_1_369' title='bbox 197 2927 305 2974; x_wconf 89' lang='lat' dir='ltr'>rent,</span> <span class='ocrx_word' id='word_1_370' title='bbox 337 2926 448 2964; x_wconf 88' lang='lat' dir='ltr'>velut</span> <span class='ocrx_word' id='word_1_371' title='bbox 481 2927 519 2964; x_wconf 90' lang='grc'>4.</span> <span class='ocrx_word' id='word_1_372' title='bbox 547 2927 584 2964; x_wconf 82' lang='grc'>5.</span> <span class='ocrx_word' id='word_1_373' title='bbox 614 2927 681 2965; x_wconf 89' lang='grc'>21.</span> <span class='ocrx_word' id='word_1_374' title='bbox 709 2927 776 2964; x_wconf 87' lang='grc'>22.</span> <span class='ocrx_word' id='word_1_375' title='bbox 805 2928 873 2967; x_wconf 87' lang='grc'>23.</span> <span class='ocrx_word' id='word_1_376' title='bbox 900 2929 966 2965; x_wconf 88' lang='grc'>26.</span> <span class='ocrx_word' id='word_1_377' title='bbox 995 2928 1061 2966; x_wconf 87' lang='grc'>27.</span> <span class='ocrx_word' id='word_1_378' title='bbox 1089 2926 1157 2975; x_wconf 87' lang='grc'>28,</span> <span class='ocrx_word' id='word_1_379' title='bbox 1188 2924 1289 2963; x_wconf 90' lang='lat' dir='ltr'>adde</span> <span class='ocrx_word' id='word_1_380' title='bbox 1320 2926 1529 2975; x_wconf 87' lang='lat' dir='ltr'>praeterea</span> <span class='ocrx_word' id='word_1_381' title='bbox 1556 2926 1623 2964; x_wconf 84' lang='lat'>25.</span> <span class='ocrx_word' id='word_1_382' title='bbox 1666 2926 1726 2964; x_wconf 81' lang='lat' dir='ltr'>Ex</span> 
     </span>
    </p>
   </div>
  </div>
 </body>
</html>
