1890 3216
843 791 845 795 y
937 736 1051 780 XLI.
1411 783 1414 786 Α
1686 747 1754 780 639

775 827 1204 880 ASTYDAMAS.
1444 801 1454 807 ’

301 957 407 1003 Εἴθ’
444 956 528 1015 ἐγώ
563 959 610 1002 ἐν
642 961 806 1010 κείνοις
838 957 1035 1014 γενόμην
1067 955 1094 1014 ἢ
1126 964 1267 1002 κεῖνοι
1299 956 1373 1014 ἅμ’
1409 955 1531 1015 ἡμῖν,
1597 957 1616 976 ”

359 1034 405 1074 οἳ
434 1029 638 1086 γλώσσης
668 1031 858 1086 τερπνῆς
889 1031 1041 1086 πρῶτα
1074 1032 1259 1074 δοκοῦσι
1291 1029 1460 1086 φέρειν,

301 1099 359 1154 ὡς
393 1099 461 1145 ἐπ’
497 1099 712 1157 ἀληθείας
745 1101 931 1157 ἐκρίθην
964 1099 1150 1157 ἀφεθεὶς
1174 1099 1473 1158 παραμιλλος·

359 1175 444 1216 νῦν
477 1171 526 1216 δὲ
557 1170 704 1231 χρόνῳ
737 1170 990 1229 προε’χουσ’,
1023 1166 1089 1224 οἷς
1121 1171 1298 1228 φθόνος
1331 1170 1411 1228 οὐχ
1445 1171 1601 1215 ἕπεται.

325 1302 606 1360 Astydamas
657 1301 812 1337 Photius
839 1305 919 1346 502,
945 1306 1006 1337 21:
1039 1299 1193 1359 Σαυτὴν
1220 1299 1403 1346 ἐπαινεῖς,
1437 1298 1562 1345 ω’σπερ
1591 1298 1759 1337 Ἀστυδά-

230 1364 300 1397 μας
325 1349 432 1386 ποτέ·
457 1347 662 1398 Ἀστυδάμᾳ
695 1350 744 1397 τῷ
779 1350 978 1406 Μορσίμου
1007 1346 1287 1407 εὐημερήσαντι
1320 1346 1382 1385 ἐπὶ
1413 1350 1623 1408 τραγῳδίας
1653 1350 1760 1385 Saffo:-

230 1386 362 1447 ισκαλίᾳ
401 1399 704 1457 Παρθενοπαίου
746 1397 913 1457 δοθῆναι
950 1394 1017 1432 ὑπ’
1038 1394 1261 1440 -Αθηναίων
1300 1394 1446 1436 εἰκόνος
1489 1393 1679 1432 ἀνάθεσιν
1719 1394 1761 1432 ἐν

231 1435 392 1505 θεᾴτρῳ.
420 1443 486 1480 τὸν
513 1443 554 1480 δε
584 1444 636 1486 εἰς
662 1441 778 1479 αὑτὸν
805 1441 1020 1501 ἐπίγραμμα
1054 1445 1208 1489 ποιῆσαι
1239 1441 1465 1487 αλαζονικὸν
1496 1445 1624 1480 τοῦτο·
1664 1441 1759 1480 Εἴθ’

232 1491 304 1539 ἐγὼ
336 1496 417 1528 κτλ.·
463 1493 555 1528 Add.
591 1492 722 1527 Suidas
761 1504 788 1527 s,
825 1503 858 1529 v,
885 1489 1039 1538 Σαντήν
1079 1489 1267 1535 ἐπαινεῖς,
1304 1492 1472 1537 Apostol.
1506 1489 1573 1527 XV
1599 1495 1656 1527 36.
1706 1491 1762 1527 De

231 1540 429 1587 proverbio
467 1540 523 1576 cf.-
548 1539 663 1576 etiam
705 1540 839 1575 Zenob
867 1539 900 1574 V
928 1544 1005 1576 100
1038 1540 1165 1575 Arsen.
1198 1543 1279 1576 427.
1329 1539 1652 1585 Parthenopaeum
1688 1551 1763 1577 una

232 1601 316 1624 oum
350 1589 523 1632 Lycaone
557 1587 684 1623 docuit
709 1586 803 1633 Asty
806 1588 935 1622 damas
963 1588 1018 1623 Ol.
1049 1590 1128 1632 109,
1153 1591 1176 1622 4
1203 1587 1394 1632 victorque
1427 1588 1484 1622 est
1514 1587 1762 1631 renuntiatus,
1790 1606 1795 1611 ·

233 1638 275 1671 ut
299 1635 523 1671 testificatur
549 1635 754 1670 didascalia
780 1645 898 1680 nuper
923 1635 1079 1670 Athenis
1106 1636 1272 1680 reperta,
1305 1646 1418 1679 quam
1449 1634 1569 1670 edidit
1601 1634 1762 1670 Koehler

233 1683 409 1719 Mittheil.
438 1683 501 1718 des
527 1683 722 1718 Archaeol.
749 1682 871 1717 Instit.
900 1683 966 1726 ΙΙΙ,
993 1693 1112 1727 neque
1138 1693 1226 1718 vero
1251 1684 1403 1728 propter
1428 1681 1524 1718 hanc
1557 1681 1762 1726 victoriam,

234 1734 277 1767 ut
302 1729 631 1785 paroemiographi
656 1730 828 1774 tradunt,
854 1728 1100 1765 Athenienses
1126 1730 1299 1765 videntur
1325 1731 1470 1765 statuae
1497 1730 1676 1765 honorem
1701 1730 1762 1765 de-

237 1778 406 1822 crevisse,
433 1777 499 1813 sed
535 1780 577 1813 ut
601 1778 785 1823 insignem
811 1779 945 1822 poetae
971 1777 1194 1813 industriam
1221 1777 1454 1821 decorarent,
1480 1777 1544 1821 qui
1568 1788 1636 1822 per
1661 1787 1763 1812 sexa-

234 1826 340 1872 ginta
365 1826 442 1860 fere
467 1836 583 1861 annos
607 1825 775 1870 tragicae
801 1824 873 1859 arti
907 1836 1056 1870 operam
1089 1824 1259 1868 navavit;
1290 1836 1378 1860 nam
1408 1824 1568 1869 primam
1599 1824 1764 1860 fabulam

235 1874 362 1909 docuit
389 1873 444 1908 Ol.
474 1875 535 1916 95,
563 1877 602 1915 2,
634 1872 761 1917 itaque
796 1871 951 1907 Diodori
984 1872 1100 1908 verba
1134 1872 1230 1917 XIV,
1256 1875 1301 1907 43
1338 1870 1443 1917 ἔζησε
1481 1870 1544 1917 ε”τη
1581 1868 1764 1917 ἑξήκοντα

234 1921 434 1956 manifesto
461 1901 554 1955 viti’o
593 1899 783 1963 iaborant,
823 1920 985 1965 corrigas
1012 1900 1306 1965 ἐνενήκοντα.
1354 1918 1470 1962 Quem
1508 1919 1763 1965 grandaevum

237 1968 374 2005 obiisse
399 1967 499 2003 diem
524 1979 738 2013 supremum
765 1966 878 2002 etiam
903 1979 1127 2013 permagnus
1152 1967 1362 2002 fabularum
1389 1978 1561 2002 numerus
1584 1968 1681 2011 (240)
1707 1977 1763 2002 ar·
1786 1994 1792 1997 ,

237 2017 415 2062 gumento
449 2017 522 2050 est.
560 2026 681 2059 neque
713 2014 810 2050 enim
848 2014 1054 2050 audiendus
1089 2015 1266 2058 Koehler,
1303 2013 1548 2050 didascaliam
1578 2012 1692 2049 istam
1717 2014 1764 2049 ad

236 2063 546 2116 Astydamantem
571 2063 754 2097 minorem
779 2063 954 2107 referens,
980 2063 1023 2098 ut
1047 2061 1375 2107 paroemiographi
1399 2063 1539 2097 temere
1563 2061 1766 2098 Partheno-

235 2122 371 2157 paeum
415 2109 547 2145 maiori
586 2110 836 2145 attribuerint.
898 2091 1025 2145 Honor
1062 2109 1327 2154 Astydamanti
1370 2109 1580 2155 impertitus
1620 2109 1767 2145 videtur

237 2159 450 2204 Lycurgum
475 2157 703 2202 permovisse
729 2158 771 2192 ut
795 2156 918 2203 legem
936 2157 1052 2193 ferret
1077 2157 1122 2192 de
1142 2157 1329 2202 Aeschyli,
1350 2156 1555 2202 Sophoclis,
1575 2156 1764 2202 Euripidis

237 2206 371 2241 statuis
406 2204 604 2251 fingendis:
643 2204 830 2250 principes
877 2204 976 2239 enim
1015 2204 1105 2240 artis
1143 2205 1309 2260 tragicae
1341 2204 1454 2240 etiam
1490 2205 1578 2239 tunc
1616 2204 1766 2240 honoris

237 2252 347 2288 huius
372 2253 556 2288 immunes
583 2254 698 2295 erant,
726 2252 799 2288 vid.
827 2252 935 2298 Diog.
957 2253 996 2287 L.
1024 2252 1058 2287 II
1084 2256 1147 2287 43.·
1173 2251 1238 2287 καὶ
1263 2249 1335 2309 γάρ
1353 2248 1527 2297 Όμηρον,
1553 2246 1634 2296 (ὃν)
1659 2249 1765 2286 καθά

239 2313 353 2346 φησιν
375 2297 619 2356 Ηρακλείδης
644 2297 877 2356 πεντήκοντα
904 2301 1087 2345 δραχμαῖς
1113 2296 1164 2360 ᾡς
1163 2297 1420 2358 μαινόμενον
1448 2281 1677 2356 ἐζημίωσαν,
1702 2298 1765 2334 καὶ

241 2352 443 2392 Τυρταῖον,
480 2343 559 2393 (ὃν)
595 2345 853 2404 παρακόπτειν
892 2346 1038 2392 ἔλεγον,
1070 2346 1133 2382 καὶ
1163 2343 1439 2399 Ἀστυδαμαντα
1474 2343 1658 2392 πρότερον
1692 2346 1766 2381 τῶν

238 2392 1050 2488 ᾗῗξίζ,3332ύῗὲήῗέἕὲῗαέεῷῗῗὲἔέᾶἕἵῖιῖης
1082 2393 1767 2495 etima‘zffisssgszzisszss‘zffi‘z

239 2493 378 2526 honore
406 2490 570 2526 decorati
596 2492 682 2525 sunt
707 2490 755 2525 ab
781 2489 1089 2525 Atheniensibus:
1115 2488 1208 2535 Asty
1213 2489 1341 2525 damas
1367 2487 1467 2524 enim
1493 2487 1557 2524 diu
1575 2488 1766 2534 neglectus

240 2539 295 2574 Ol.
333 2541 417 2582 101,
450 2542 472 2572 4
503 2537 664 2583 primum
695 2536 890 2572 victoriam
927 2536 1150 2582 reportavit,
1182 2502 1220 2571 iyd
1258 2536 1361 2593 quod
1394 2536 1455 2572 vel
1490 2536 1668 2582 Diogenis
1707 2536 1767 2571 vel

238 2584 383 2620 librarii
421 2585 591 2620 socordia
621 2585 925 2640 praetermissum
957 2586 1023 2620 est.
1058 2606 1100 2609 —
1132 2583 1176 2619 V.
1212 2587 1242 2619 1.
1274 2581 1456 2629 γενόμην,
1494 2583 1602 2621 Phot.
1637 2584 1675 2619 et
1707 2595 1766 2629 ap.

241 2632 341 2668 Suid.
371 2633 403 2667 V
429 2633 619 2678 γενοίμην.
648 2654 689 2657 -
719 2632 761 2668 V.
789 2637 821 2668 2.
848 2629 1011 2677 γλωσσης
1036 2631 1197 2689 τερπνῆς
1221 2643 1295 2666 non
1321 2633 1424 2666 caret
1455 2629 1674 2674 offensione,
1708 2643 1767 2666 ex-

241 2681 499 2772 {310005223135
527 2692 703 2785 ἔξῑὲνᾍῗ
734 2677 1178 2787 {3051‘1‘22‘23‘223232233
1186 2692 1244 2724 ⁷⁷⁹
1274 2678 1453 2782 ἐῖρῖἑῇιῗζ
1483 2659 1768 2777 {zofftfflfff

244 2795 284 2799 —
313 2775 354 2809 V.
383 2778 414 2810 4.
442 2771 656 2832 προέχουσ’,
682 2773 750 2819 οἷς,
775 2771 982 2820 παρέχουσ’
1011 2773 1066 2814 οἷς
1097 2773 1216 2814 Suid.
1249 2770 1534 2818 προσεχούσαις,
1567 2777 1623 2813 οἱς
1647 2773 1768 2814 Phot„

241 2819 464 2878 προσέχουσ’
499 2826 554 2862 οἱς
585 2822 734 2868 Apost„
774 2822 839 2857 sed
864 2822 897 2857 R
931 2817 1146 2867 προέχουσ’
1195 2802 1352 2867 Bentley
1386 2819 1535 2866 scripsit
1564 2817 1762 2866 προέχουσ’

243 2863 282 2917 ᾧ,
309 2881 418 2915 quem
444 2871 555 2905 antea
581 2871 729 2905 secutus
755 2881 844 2905 sum.
