1890 3216
670 180 936 220 SIMONIDES
963 180 1266 230 AMORGINUS.
1652 181 1738 224 447

226 300 270 333 10
295 286 344 333 τὸ
378 288 460 347 μὲν
492 288 578 348 γὰρ
612 288 762 336 αὐτῶν
796 288 888 335 εἷπε
921 290 1134 344 πολλάκις
1164 290 1325 346 κακόν,

293 359 343 405 τὸ
378 358 419 405 δ’
456 361 642 406 ἐσθλόν·
677 359 818 421 ὀργὴν
851 360 893 406 δ’
929 360 1080 407 ἄλλοτ’
1116 361 1303 420 ἀλλοίην
1336 366 1435 421 ἔχει.

358 431 450 490 Τὴν
484 431 527 478 δ’
565 435 610 479 ἐκ
642 432 778 487 κυνὸς
809 437 1043 492 λίταργον,
1075 432 1382 493 αὕτομήτορα,

293 501 320 562 ἢ
353 503 484 549 πάντ’
520 503 733 561 ἀκοῦσαι,
765 504 911 550 πάντα
945 503 986 550 δ’
1023 507 1189 551 εἰδέναι
1222 507 1368 563 θέλει,

292 576 436 636 πάντῃ
471 577 519 622 δὲ
551 580 863 622 παπταίνουσα
894 577 968 622 καὶ
1000 579 1267 636 πλανωμένη

223 660 265 692 16
292 649 496 706 λε’ληκεν,
528 646 586 707 ἢν
617 650 687 694 καὶ
723 647 880 707 μηδέν’
916 648 1178 708 ἀνθρώπων
1211 648 1308 709 ὁρᾷ.

290 720 474 766 παύσειε
507 719 548 766 δ’
584 720 643 765 ἄν
675 739 753 778 μιν
786 719 881 766 οὔτ’
918 719 1160 779 ἀπειλήσας
1192 720 1332 780 ἀνήρ,

293 791 394 837 οὐδ’
429 795 471 838 εἰ
500 793 720 851 χολωθεὶς
752 792 1002 851 ἐξαράξειεν
1034 798 1150 853 λίθῳ

291 862 500 922 ὀδόντας,
534 863 631 910 οὔτ’
667 862 724 910 ἄν
757 869 963 923 μειλίχαις
994 866 1298 924 μυθεύμενος,

291 934 392 982 οὐδ’
428 940 470 982 εἰ
498 935 617 995 παρὰ
651 938 863 991 ξείνοισιν
895 935 1036 995 ἡμένη
1069 938 1213 996 τύχοι·

218 1019 264 1052 20
290 1005 388 1053 ἀλλ’
424 1009 623 1066 ἐμπέδως
655 1008 883 1067 ἄπρηκτον
917 1008 1091 1068 αὐονὴν
1124 1013 1225 1068 ἔχει.

356 1079 448 1138 Τὴν
482 1080 532 1125 δὲ
564 1080 812 1134 πλάσαντες
842 1084 1007 1139 γηΐνην
1035 1079 1265 1140 Ὀλύμπιοι

291 1154 465 1197 ἔδωκαν
498 1150 633 1210 ἀνδρὶ
665 1151 830 1211 πηρόν·
865 1152 967 1198 οὔτε
998 1152 1084 1212 γὰρ
1116 1153 1277 1210 κακόν,

292 1222 387 1269 οὔτ’
424 1222 592 1269 ἐσθλὸν
625 1223 763 1269 οὐδὲν
795 1222 891 1269 οἶδε
922 1225 1106 1283 τοιαύτη
1139 1225 1277 1283 γυνή,
1356 1217 1358 1219 ’
1670 1241 1738 1272 740

291 1299 425 1354 ἔργον
459 1295 508 1341 δὲ
540 1299 716 1354 μοῦνον
749 1298 921 1342 ἐσθίειν
954 1298 1198 1342 ἐπίσταται·

196 1485 338 1534 εΐμένη.
361 1509 404 1515 -
431 1487 475 1526 V.
500 1492 554 1525 10.
562 1486 720 1547 αὐτῶν,
747 1489 927 1525 Brunckii
953 1490 1032 1526 cod.
1055 1490 1142 1574 (ΒῬΞ
1165 1487 1272 1536 αὐτὸ,
1298 1489 1364 1526 sed
1390 1490 1427 1526 in
1453 1503 1570 1538 marg.
1598 1489 1737 1534 αὐτῶν,

194 1535 252 1572 Fr.
267 1535 390 1573 Haase
410 1536 506 1573 coni.
527 1534 662 1583 αὔτως,
688 1517 835 1574 A'hrens
857 1531 900 1574 εὖ
921 1538 1010 1583 γῶν.
1030 1559 1077 1564 —
1104 1551 1120 1574 ε
1139 1551 1185 1574 πε
1202 1539 1245 1584 Α,
1270 1536 1308 1584 γ’
1332 1536 1413 1575 εἷπε
1436 1539 1464 1573 Β
1486 1540 1539 1585 (et
1558 1520 1738 1575 Brunckii'

569 1598 590 1621 σ

196 1620 311 1677 cod),
350 1618 389 1656 εἶ
410 1620 539 1665 Vind.,
573 1634 608 1657 ει
633 1603 754 1666 Voss„
793 1615 836 1658 εὖ
863 1622 1010 1666 Arsen„
1047 1619 1148 1658 εἶναι
1178 1622 1223 1658 N.
1250 1621 1390 1667 Trinc.⁷
1430 1619 1507 1658 ε’στι
1539 1622 1664 1669 vulgo.
1692 1643 1735 1648 —

195 1665 334 1715 κακόν,
367 1668 472 1705 Voss.
499 1648 613 1705 V’ind.
640 1669 781 1706 κακῶν.
832 1670 955 1706 Locus
987 1650 1121 1728 corrup
1123 1671 1201 1715 tus,
1236 1670 1302 1706 sed
1335 1670 1549 1706 emendatio
1574 1670 1734 1706 incerta:

197 1716 383 1776 Hartung
395 1713 438 1752 τὸ
466 1730 501 1761 μ.
528 1730 562 1763 γ.
588 1713 716 1753 αὐτῶν
744 1715 844 1762 ἐ’,ρξε
871 1731 909 1754 π.
923 1731 977 1778 κ.,
1003 1713 1081 1753 τότ’
1097 1683 1261 1776 Ρέσθλόν,
1289 1717 1549 1755 Schneidewin
1575 1715 1641 1754 τὸν
1667 1716 1736 1775 μὲν

194 1761 267 1822 γὰρ
293 1761 414 1800 αὐτὸν
441 1763 543 1810 εἶπε,
576 1765 797 1801 Heimsoeth
823 1763 864 1801 τὸ
893 1746 977 1812 μὲν
989 1763 1061 1823 γὰρ
1088 1762 1188 1802 αὔτ’
1214 1764 1394 1823 ἔνισπε,
1426 1766 1473 1801 de
1501 1766 1614 1823 Sybel
1640 1762 1736 1823 αύτη

194 1809 232 1858 γ’
236 1810 350 1871 ,ἔρξε
390 1813 566 1849 Fortasse
585 1812 786 1859 legendum
806 1814 863 1862 τῷ
883 1812 954 1860 μὲν
974 1811 1047 1860 γὰρ
1073 1810 1171 1849 ἀντ’
1200 1826 1259 1849 ων
1286 1794 1394 1850 εἷπε
1407 1811 1586 1855 πολλάκις
1605 1811 1738 1859 κακόν,

193 1873 250 1907 τῳ
279 1857 316 1896 δ’
341 1857 491 1898 ἐσθλόν.
532 1860 631 1897 Olim
657 1860 752 1897 mihi
771 1850 858 1897 ante
884 1874 918 1898 v.
942 1865 986 1898 10
1011 1861 1193 1898 nonnulla
1216 1861 1427 1908 intercepta
1453 1873 1534 1898 esse
1559 1862 1736 1898 videban-

192 1909 271 1952 tur,
298 1908 397 1954 quod
419 1909 534 1945 etiam
554 1908 742 1955 Kiessling
762 1909 983 1955 suspicatur,
1009 1920 1054 1946 ac
1080 1921 1169 1946 sane
1194 1909 1311 1946 nimia,
1337 1910 1522 1946 brevitate
1547 1910 1641 1946 haec
1662 1910 1736 1946 eal-

193 1935 294 1992 lidie
319 1956 488 1993 mulieris
514 1956 719 2003 descriptio
746 1957 911 2003 laborat,
943 1958 983 1993 et
1012 1957 1103 2013 ipsa.
1121 1957 1189 1994 illa
1214 1957 1422 2004 calliditas,
1455 1969 1531 2003 qua.
1556 1958 1736 2002 mulieris,

195 2014 292 2050 quae
324 2015 348 2040 a.
378 2004 491 2050 vulpe
523 2015 640 2050 genus
673 2004 841 2050 deducit,
879 2016 1003 2042 mores
1033 2005 1199 2051 insignes
1230 2017 1311 2042 esse
1343 2007 1635 2042 consentaneum
1667 2007 1735 2063 est,

193 2052 308 2109 plane
333 2052 666 2109 praetermittitur:
693 2052 828 2088 deinde
849 2055 973 2089 autem
995 2053 1233 2089 scribendum
1258 2053 1439 2100 proposui
1463 2051 1541 2089 τὸν
1568 2052 1637 2100 μὲν
1663 2051 1735 2099 γὰρ

194 2096 338 2135 αὐτὸν
370 2097 452 2135 εἷπε
485 2097 664 2141 πολλάκις
689 2098 828 2145 κακόν,
866 2098 957 2137 τότ’
986 2098 1137 2137 ἐσθλόν.
1187 2100 1239 2137 At
1269 2101 1481 2138 arctissima
1511 2102 1736 2138 necessitate

193 2160 228 2183 v.
256 2151 288 2184 8.
315 2151 336 2183 9
363 2149 402 2183 et
426 2159 460 2185 v
489 2151 614 2184 10.11
643 2147 845 2184 coniuncta
869 2150 971 2194 sunt,
998 2151 1041 2185 ut
1066 2149 1128 2184 hic
1154 2149 1304 2205 quidem
1331 2148 1547 2186 detrimenti
1573 2149 1735 2207 suspicio

195 2206 294 2231 vana
319 2195 380 2232 sit.
415 2216 462 2222 —
497 2195 542 2231 V.
570 2199 624 2231 12.
660 2197 836 2253 λίταργον
863 2195 1011 2243 scripsi,
1046 2194 1219 2243 λιτοργόν
1245 2197 1333 2232 libri
1358 2209 1503 2241 omnes,
1538 2195 1735 2243 λιτουργόν

196 2242 338 2279 Gesner
372 2243 432 2287 (cf.
459 2243 618 2289 Hesych.
645 2241 860 2290 λιτουργόν,
886 2244 1136 2291 κακοῦργον),
1168 2243 1387 2291 λειτουργόν
1413 2245 1576 2281 Grotius.
1629 2244 1735 2288 Quod

196 2290 339 2328 conieci
363 2291 598 2348 λίταργον,
625 2291 740 2327 etiam
759 2273 970 2328 Wak’efield
990 2293 1330 2337 commendaverat,
1356 2293 1402 2330 cf.
1423 2293 1488 2329 Et.
1505 2294 1552 2329 M.
1574 2297 1655 2351 567,
1670 2296 1734 2329 38:

197 2340 380 2396 Αίταργος
411 2335 530 2385 κύων,
563 2340 738 2385 σημαίνει
770 2337 838 2375 τὸν
868 2338 1004 2386 ταχύν,
1037 2338 1141 2386 παρὰ
1167 2338 1210 2376 τὸ
1235 2341 1320 2377 λίαν
1346 2337 1466 2387 ἀργὸν
1492 2339 1590 2377 εἶναι
1615 2338 1734 2386 ἤγουν

192 2384 324 2433 ταχύν
375 2397 602 2445 quamquam
628 2387 896 2446 grammaticus
922 2390 1074 2446 etymon
1103 2388 1277 2425 vocabuli
1302 2400 1378 2425 non
1402 2390 1504 2425 recte
1533 2389 1732 2435 expedivit.

194 2435 300 2471 Adde
326 2434 375 2470 ib.
404 2438 484 2491 127,
511 2437 533 2470 8
560 2431 827 2491 ἄπολιταργεῑν
857 2433 899 2472 τὸ
928 2433 1114 2472 ἀπελθεῖν
1147 2435 1306 2483 ταχέως,
1342 2434 1446 2483 παρὰ
1478 2434 1519 2473 τὸ
1552 2439 1638 2472 λίαν
1669 2437 1734 2472 καὶ

87 2481 91 2486 ”
128 2505 132 2510 ·
191 2479 234 2519 τὸ
267 2479 404 2529 αργόν,
442 2495 462 2518 ο
497 2480 575 2519 ἐστι
606 2481 718 2529 ταχύ,
756 2482 1042 2528 περιττεύοντος
1078 2484 1146 2520 τοῦ
1179 2498 1209 2520 τ.
1261 2484 1394 2521 Verbis
1432 2485 1658 2531 λιταργίζειν
1696 2486 1735 2520 et

191 2526 496 2576 ἄπολιταργίζειν
521 2530 641 2566 utitur
661 2510 940 2587 Aristophanes
964 2553 1007 2558 —
1035 2528 1288 2591 αὐτομήτορα,
1314 2533 1525 2568 Wakefield
1543 2530 1732 2591 αὐτοκλή-

192 2591 296 2624 τορα,
322 2578 545 2615 Doederlein
565 2574 839 2624 αὖτομήστορα,
860 2580 918 2617 Fr.
932 2579 1057 2616 Haase
1070 2577 1324 2638 αὐτορήτορα,
1350 2580 1484 2616 Nauck
1503 2577 1624 2616 αὐονί
1615 2593 1731 2625 [τορα,

192 2625 338 2662 Ahrens
365 2623 615 2673 ἆστομήτορα,
642 2626 742 2684 quod
767 2626 1037 2683 interpretatur
1062 2624 1228 2674 ἄστομον
1247 2623 1338 2686 ἦτορ
1360 2626 1534 2674 ἔχουσαν,
1560 2628 1732 2664 Meineke

193 2671 476 2758 ῧῗτῗὲΨέορέν
494 2670 969 2782 ῗῗὶἶῑῑὲῗηὲῗτὲμοὲἵῖἰα
989 2674 1112 2760 {mv
1129 2679 1190 2758 ΞΞ
1205 2688 1365 2769 ,ἶῖῗπῃ-
1385 2673 1659 2760 V3¹g383⁰²352⁷
1683 2698 1732 2759 αῖ

192 2765 631 2872 :5553543333003333
607 2770 844 2865 ῒῖεχῖᾳῖἷοέ
851 2736 1031 2854 Ξθὲἓὲὲἴη
1027 2771 1229 2865 ροῖἒῖἶῗῖ
1244 2769 1732 2878 ᾮῗὲοΞῖῑζέἒδῖἑέἶίἷίρξ

193 2864 265 2900 nisi
285 2862 480 2923 ἐμπεδέως
504 2867 628 2910 malis,
654 2866 851 2912 legebatur
871 2864 1054 2924 ἑμπεὸὧς,
1080 2867 1114 2902 Α
1134 2865 1306 2912 ἔμπεδος.
1331 2888 1373 2894 -
1401 2863 1558 2912 αὖονὴν,
1584 2869 1616 2902 Α
1635 2865 1732 2904 αὖον

194 2905 255 2969 ἦν,
282 2909 452 2959 αὖὸόνην
478 2914 661 2960 Hartung.
683 2934 727 2940 —-
753 2914 796 2949 V.
818 2918 874 2951 22.
902 2927 976 2960 πηρ
956 2911 1022 2959 ρόν
1047 2913 1082 2950 A
1100 2914 1206 2950 Voss
1229 2915 1338 2951 Vind.
1359 2915 1453 2960 Ars,
1480 2915 1592 2961 vulgo
1618 2927 1732 2962 πονη-

193 2957 272 3006 ρόν.
302 2981 343 2986 -
379 2960 424 2997 V.
452 2965 508 2997 24.
543 2960 670 3007 ἐ’,ργον
696 2960 807 2998 Vind.
834 2962 936 2998 Voss.
964 2962 1083 3009 ἔργων
1109 2962 1209 3007 quod
1234 2963 1435 3009 praeoptat
1459 2962 1505 2998 de
1533 2963 1657 3009 Sybel.
1686 2983 1731 2990 —
