1890 3216
210 163 296 206 266
744 163 936 200 ΡΟΕΤΑΕ
963 162 1202 199 ELEGIACI.

845 311 847 314 .
882 273 1069 306 MEAH.
1671 274 1738 307 591

954 357 993 399 3.

687 439 947 472 DmNIKmN
972 439 1267 477 AAKIBIAAHL.

284 703 690 724 -4υυ-υυ--
716 703 927 724 -----

286 807 349 852 Σὲ
382 807 424 852 δ’
461 807 686 866 ἄεισομαι,
719 804 753 853 ὦ
787 813 1002 854 Κλεινίου
1033 817 1129 853 παῖ·

283 878 422 924 καλὸν
455 878 480 923 ἁ
514 884 633 924 νίκα·
676 879 764 938 (τὸ)
795 880 1032 925 κάλλιστον
1066 878 1152 938 (δ’)
1185 877 1208 924 ὃ
1241 880 1394 936 μηδεὶς
1425 878 1559 932 ἄλλος
1592 877 1743 924 Ἑλλά-

1035 1007 1040 1010 ‘
1068 969 1160 996 νων
1193 951 1401 1010 (ἔλαχες),

284 1021 444 1079 ἅρματι
477 1028 627 1082 πρῶτα
661 1028 847 1082 δραμεῖν
878 1025 951 1068 καὶ
984 1024 1168 1080 δεύτερα
1200 1023 1273 1066 καὶ
1304 1027 1503 1080 τρίτατα,

284 1097 423 1151 βῆναί
451 1094 488 1139 τ’
525 1093 733 1152 ἀπονητί,
768 1094 882 1147 Διὸς
914 1095 1164 1152 στεφθέντα
1195 1097 1239 1138 τ’
1273 1096 1398 1153 ἐλαίᾳ

236 1178 256 1209 5
284 1165 442 1223 κάρυκι
475 1170 590 1222 βοᾶν
622 1169 915 1224 παραδοῦναι.

330 1375 437 1414 Plut.
464 1375 670 1414 Demosth.
698 1387 728 1413 c.
759 1377 799 1412 1:
833 1369 854 1412 ὁ
887 1371 957 1425 μὲν
987 1369 1146 1426 γράψας
1171 1369 1212 1413 τὸ
1239 1371 1299 1412 ἐπὶ
1332 1375 1378 1426 τῇ
1405 1373 1494 1426 νίκῃ
1520 1375 1587 1425 τῆς
1608 1369 1743 1426 Ὀλυμ-

211 1439 321 1479 πίασι
352 1439 616 1492 ἱπποδρομίας
647 1439 701 1487 εἰς
728 1434 982 1491 Ἀλκιβιάδην
1014 1435 1224 1492 ἐγκώμιον,
1263 1434 1329 1478 εἴτ’
1365 1435 1609 1490 Εὐριπίδης,
1641 1435 1694 1488 ὦς
1719 1435 1740 1479 ὃ

211 1500 336 1552 πολὺς
366 1508 503 1557 κρατεῖ
528 1501 656 1558 λόγος,
689 1501 766 1544 εἴθ’
802 1500 929 1556 ἕτερός
959 1520 1016 1552 τις
1046 1497 1116 1556 ἦν,
1148 1499 1311 1554 Σόσσιε,
1351 1502 1450 1555 φησὶ
1481 1506 1652 1556 χρῆναι
1683 1507 1742 1560 τῷ

213 1566 470 1623 εὐδαίμονι
496 1573 680 1623 πρῶτον
700 1566 907 1623 ὑπάρξαι
925 1566 1011 1609 τὰν
1031 1565 1107 1623 (sie
1125 1569 1333 1620 EFPaMo,
1352 1570 1474 1619 vulgo
1493 1564 1584 1623 τὴν)
1603 1565 1744 1610 πόλιν

214 1632 487 1688 εὐδόκιμον.
538 1633 693 1690 (steph.
714 1650 798 1676 var.
818 1638 843 1676 1.
865 1632 1081 1688 εὐδαίμονα
1100 1631 1327 1688 memorat.)
1379 1634 1438 1674 Cf.
1459 1634 1511 1674 ib.
1533 1648 1564 1674 c.
1585 1637 1622 1675 2.

306 1762 364 1800 Fi.
392 1767 424 1798 3.
474 1762 571 1798 Plut.
593 1763 657 1799 vit.
678 1763 757 1798 Alc.
780 1775 807 1798 e.
832 1767 891 1797 11:
919 1761 962 1797 αἱ
985 1758 1022 1797 δ’-
1049 1760 1297 1819 ἱπποτροφίαι
1323 1759 1541 1818 περιβόητοι
1567 1759 1636 1807 μὲν
1663 1758 1741 1807 ἐγέ-

212 1823 321 1846 νοντο
355 1811 418 1845 καὶ
450 1811 500 1858 τῷ
533 1808 673 1867 πλήθει
705 1811 779 1845 τῶν
811 1807 1005 1866 ἁρμάτων
1040 1806 1134 1845 ἕπτα
1166 1806 1238 1854 γὰρ
1270 1805 1381 1849 αλλος
1412 1805 1539 1849 οὐδεὶς
1569 1809 1743 1854 καθῆκεν

208 1855 457 1915 Ὀλυμπίασιν
477 1848 631 1903 ἰδιώτης
662 1855 752 1893 οὐδὲ
786 1855 975 1915 βασιλεύς,
1008 1855 1122 1903 μόνος
1157 1855 1199 1892 δὲ
1233 1853 1392 1896 ἐκεῖνος·
1425 1856 1489 1891 καὶ
1514 1853 1556 1892 τὸ
1591 1857 1744 1914 νικῆσαι

212 1905 254 1941 δὲ
290 1905 355 1940 καὶ
389 1903 568 1951 δεύτερον
605 1904 787 1962 γενέσθαι
822 1905 887 1940 καὶ
921 1903 1098 1948 τέταρτον
1134 1901 1183 1944 ὡς
1216 1904 1455 1948 Θουκυδίδης
1485 1905 1619 1963 φησίν,
1655 1901 1674 1939 ὁ
1702 1900 1740 1939 δ’

212 1949 421 1999 Εὐριπίδης
447 1956 588 1996 τρίτον,
605 1950 842 2011 ὑπερβάλλει
859 1950 1102 2013 λαμπρότητι
1135 1951 1199 1987 καὶ
1205 1949 1316 2008 δόξῃ
1342 1951 1470 1986 πᾶσαν
1495 1948 1563 1995 τὴν
1590 1949 1631 1987 ἐν
1657 1949 1741 1987 τού-

212 2014 288 2041 τοις
313 2002 545 2047 φιλοτιμίαν
573 1999 674 2046 λέγει
699 1997 735 2036 δ’
765 1997 784 2036 ὁ
814 1998 1021 2058 Εὐριπίδης
1048 2012 1087 2035 εν
1113 2000 1162 2047 τῷ
1188 2010 1326 2057 ασματι
1352 1999 1492 2034 ταῦτα·
1519 1997 1571 2034 Σὲ
1599 1995 1637 2034 δ’
1665 2002 1739 2035 κτλ.

211 2048 379 2094 Respicit
409 2049 481 2084 huc
514 2049 649 2084 Athen.
682 2049 697 2083 I
730 2053 750 2083 3
784 2049 831 2105 Ε·
863 2045 1092 2105 Ἀλκιβιάδης
1125 2036 1167 2082 δὲ
1201 2043 1394 2103 Ὀλύμπια,
1418 2043 1575 2091 νικήσας
1588 2042 1744 2104 α’ρματι

211 2097 355 2154 πρῶτος
379 2096 444 2131 καὶ
470 2093 647 2141 δεύτερος
671 2095 736 2131 καὶ
760 2095 946 2140 τέταρτος,
966 2094 1019 2136 εἰς
1044 2092 1090 2135 ἃς
1116 2096 1223 2135 νίκας
1248 2093 1314 2129 καὶ
1339 2090 1548 2139 Εὐριπίδης
1556 2092 1742 2151 ἔγραψεν

213 2141 399 2179 ἐπινίκιον
425 2147 499 2179 κτλ.
528 2164 571 2169 -
598 2145 641 2179 V.
664 2148 696 2179 2.
723 2142 747 2179 ἁ
774 2145 874 2187 νι’,κα
899 2145 942 2178 ut
967 2143 1171 2199 Xylander
1180 2141 1382 2185 ABGDEF,
1410 2141 1523 2187 vulgo
1548 2154 1678 2178 ανικα.
1698 2163 1740 2167 —-

211 2188 251 2226 τὸ
280 2188 475 2227 κάλλιστον
502 2191 649 2248 scripsi,
680 2192 795 2245 vulgo
829 2173 1034 2227 κόίλλιστον.
1063 2211 1106 2216 -
1134 2186 1171 2224 δ’
1200 2189 1338 2225 adiecit
1369 2189 1514 2224 Reiske.
1541 2210 1587 2214 —
1614 2187 1744 2235 ἔλαχες

213 2238 352 2282 addidi,
379 2241 492 2274 antea
516 2237 630 2285 λάχεν
658 2239 799 2284 scripsi,
827 2238 999 2274 similiter
1026 2238 1214 2273 Hermann
1242 2235 1383 2283 ἔλαχεν.
1406 2257 1450 2262 -
1470 2235 1513 2271 V.
1536 2241 1569 2272 3.
1590 2238 1742 2294 τρίτατα

211 2286 358 2332 scripsi,
391 2286 733 2343 1688ϋᾶῡ111,τρίτα;
760 2307 803 2312 ψ-
832 2287 873 2322 V
901 2290 933 2322 4.
968 2286 1085 2332 βῆναί
1113 2281 1145 2319 τ’
1181 2283 1361 2341 ΑΒΟΒΕ,
1393 2284 1506 2330 vulgo
1535 2284 1654 2338 βῆναι
1689 2281 1740 2330 δ’,

212 2334 384 2379 Har-tung
404 2347 536 2379 φαμαν
564 2331 610 2370 τ’.
639 2354 681 2360 -
709 2330 887 2379 ἀπονητί,
912 2333 1035 2369 nescio
1061 2345 1109 2368 an
1132 2333 1267 2378 poetae
1294 2345 1438 2377 auom?
1449 2345 1487 2366 τι
1513 2313 1741 2367 S1t.3redden

211 2381 311 2423 dum,
344 2362 445 2426 qeuod
470 2382 583 2428 vulgo
610 2379 757 2418 ἀκονιτὶ
783 2381 895 2417 scribi
927 2381 1039 2425 solet,
1070 2390 1283 2426 perperam,
1315 2378 1389 2414 vid.
1389 2378 1578 2438 Spengel
1604 2378 1739 2415 Philol.

212 2428 350 2463 XXXII
382 2433 468 2473 365,
500 2441 569 2465 neo
601 2430 782 2465 debebam
818 2429 854 2464 in
894 2428 1054 2464 Pindaro
1086 2428 1192 2463 Nem.
1226 2427 1277 2461 111
1304 2431 1347 2462 36
1381 2422 1555 2471 ἐγκονητὶ
1586 2428 1741 2462 tentare.

213 2497 256 2502 —
285 2473 377 2517 Διὸς
400 2477 601 2520 Hermann,
627 2477 715 2512 libri
741 2476 809 2521 δὶς,
834 2476 971 2512 Reiske
997 2475 1063 2511 alii
1087 2476 1175 2520 τρὶς,
1201 2475 1242 2509 at
1266 2485 1340 2517 eos,
1369 2474 1433 2519 qui
1453 2474 1655 2509 secundum
1681 2475 1740 2510 vel

211 2523 363 2559 tertium
389 2524 513 2559 locum
539 2525 794 2568 obtinueiQunt
826 2524 918 2559 item
949 2522 1146 2569 oleaginea
1177 2533 1315 2558 corona
1345 2522 1494 2557 ornatos
1527 2521 1642 2557 fuisse
1668 2533 1742 2557 non

213 2573 362 2607 constat
393 2583 461 2607 nee
487 2572 687 2608 verisimile
719 2574 785 2608 est.
813 2593 858 2597 —
890 2571 1107 2616 στεφθέντα
1139 2566 1173 2605 τ’
1208 2569 1357 2623 scripsi,
1388 2569 1476 2604 libri
1512 2568 1741 2614 στεφθέντα,

213 2630 298 2654 nam
337 2620 518 2664 στεφθείς
555 2617 588 2655 τ’
629 2621 782 2665 propter
819 2621 1024 2655 structurae
1059 2616 1299 2654 insolentiam
1333 2616 1516 2662 displicet.
1556 2637 1601 2642 —
1637 2617 1680 2652 V.
1708 2621 1740 2654 5.

215 2667 326 2722 βοᾶν,
360 2677 449 2703 cave
481 2665 579 2714 βοὰν
612 2667 768 2713 scribas,
801 2666 974 2703 similiter
1004 2665 1214 2702 Herodotus
1249 2663 1344 2699 dixit
1380 2663 1494 2698 νικῶν
1531 2665 1740 2710 παρεδίδου

211 2711 542 2760 ανακηρυχθῆναι.
