1890 3216
865 193 1051 230 zuuxls.
1443 247 1451 255 .
1644 172 1728 233 317

181 306 335 346 Plinius
368 301 465 359 (vid.
498 307 549 346 ad
582 293 722 347 Parrh.
756 320 817 358 ep.
851 302 898 361 3)
930 306 1103 347 dilucide
1135 306 1355 357 significat,
1396 318 1463 357 ea,
1495 318 1598 356 quae
1636 306 1732 344 Par-

183 373 343 416 rhasius
371 373 420 412 de
452 386 495 413 se
520 374 720 425 gloriatus
755 374 825 424 sit,
863 386 942 413 non
980 373 1022 412 in
1059 385 1138 412 uno
1177 373 1395 423 eodemque
1433 373 1635 423 poematio
1675 373 1733 410 in-

182 452 281 480 esse.
321 439 556 481 Athenaeus
583 440 789 480 Parrhasii
814 440 895 480 tria
920 440 1098 479 carmina
1122 439 1357 489 planissime
1383 438 1611 490 distinguit,
1643 437 1732 477 Ari-

183 505 308 546 stides
342 505 547 545 Parrhasii
581 506 628 545 fr.
663 508 686 545 ‘2
721 504 945 560 ἐπίγραμμα
982 506 1100 545 vocat
1132 507 1173 544 et
1213 505 1417 555 integrum
1450 517 1612 560 carmen
1643 517 1731 544 esse

182 571 399 624 significat,
438 572 545 610 idem
577 575 793 623 postquam
832 572 1016 611 Zeuxidis
1055 571 1302 622 poematium
1335 570 1567 621 adscripsit,
1601 570 1730 610 addit:

181 635 248 677 καὶ
278 638 393 678 τοῦτο
423 633 466 677 τό
499 635 774 691 ἐπίγραμμα
806 633 889 678 οὔτ’
929 636 1077 685 ἐκεῖνος
1109 633 1347 689 ἆπώκνησεν
1380 632 1433 685 ὡς
1470 632 1604 687 θρασὺ
1643 632 1731 676 οὔτε

182 719 239 753 τις
270 699 377 759 αὐτῷ
408 705 487 743 τῶν
519 702 684 757 ἑταίρων
709 699 984 755 ἀπαλεῖψαι
1017 699 1347 756 συνεβούλευσεν,
1379 698 1517 754 ἐπειδή
1552 715 1595 755 γε
1627 699 1732 742 ἕποί-
1746 709 1815 741 633

180 781 296 822 ησεν,
336 783 381 810 ac
414 770 557 810 deinde
589 771 685 810 dicit
725 770 896 810 eundem
933 771 1125 821 pictorem
1164 770 1342 809 Helenae
1381 768 1550 820 imagini
1589 781 1730 808 versus

181 835 415 876 Homericos
451 831 511 875 Οὐ
539 834 690 888 νέμεσις
715 839 790 876 κτλ.
814 837 1111 887 subscripsisse.
1150 835 1265 875 Hunc
1293 848 1531 882 consensum
1558 834 1731 874 fortasse

181 902 328 952 aliquis
373 902 532 942 elevare
571 904 754 953 conetur,
793 902 1038 943 contendens
1077 914 1213 942 omnes
1253 902 1392 940 eodem
1430 903 1594 940 auctore
1636 914 1731 940 usos

181 980 287 1019 esse3
325 981 371 1008 ac
403 981 498 1007 sane
536 970 757 1019 potuerunt
795 969 856 1007 illi
894 969 992 1008 haec
1024 970 1164 1018 petere
1197 979 1243 1005 ex
1275 967 1398 1016 libro,
1440 966 1508 1017 qui
1539 967 1732 1017 pingendi

179 1035 279 1074 artis
318 1035 530 1075 historiam
567 1035 821 1085 illustrabat3
860 1038 903 1075 at
940 1047 1036 1074 vero
1069 1034 1303 1073 Athenaeus
1346 1045 1427 1072 non
1466 1034 1595 1073 solum
1628 1034 1732 1073 eius-

180 1099 287 1139 modi
318 1101 422 1140 libro
454 1114 552 1141 usus
585 1103 665 1151 est,
698 1102 768 1141 sed
801 1104 1012 1152 praeterea
1039 1099 1223 1139 Clearchi
1249 1112 1368 1150 opere
1399 1097 1487 1151 περὶ
1516 1099 1630 1151 βίων,
1663 1101 1731 1150 qui

182 1165 399 1206 Clearchus
425 1169 586 1206 tantum
611 1167 660 1206 de
687 1167 894 1207 Parrhasii
919 1168 1005 1207 vita
1030 1166 1220 1216 delicata,
1252 1178 1382 1216 neque
1409 1178 1506 1204 vero
1533 1165 1581 1204 de
1607 1166 1733 1216 picto-

181 1232 237 1271 ris
271 1233 462 1283 superbia
493 1234 617 1273 verba
648 1232 762 1274 fecit:
796 1248 937 1274 verum
971 1233 1188 1273 Clearchus
1221 1245 1380 1282 quoque
1412 1232 1602 1280 testatur,
1634 1232 1730 1271 Par-

181 1299 363 1339 rhasium
395 1300 443 1338 de
469 1299 555 1339 vita
581 1312 654 1339 sua
679 1301 908 1350 professum
936 1312 1023 1339 esse
1049 1299 1091 1337 in
1115 1298 1313 1348 versibus,
1341 1310 1440 1347 quos
1467 1298 1618 1337 tabulis
1646 1299 1728 1338 suis

183 1365 435 1404 subscribere
462 1365 516 1404 sit
547 1366 708 1405 solitus:
741 1366 782 1405 id
813 1379 892 1406 non
920 1366 1050 1406 solum
1081 1365 1193 1415 prior
1218 1365 1330 1404 locus
1356 1364 1556 1403 Athenaei
1583 1365 1729 1415 arguit,

181 1422 301 1482 quem
333 1432 528 1482 adscripsi
561 1445 621 1483 ep.
659 1436 700 1482 1,
734 1434 803 1472 sed
837 1433 959 1472 etiam
991 1434 1096 1472 alter
1127 1430 1202 1469 XV
1230 1432 1313 1470 687
1336 1431 1387 1469 B:
1424 1424 1656 1482 Παρράσιος
1689 1426 1725 1469 δ’

183 1492 204 1536 ὃ
238 1493 447 1550 ζωγράφος
478 1498 618 1549 καίπερ
649 1495 758 1550 παρὰ
790 1497 904 1551 μέλος
935 1494 1035 1550 ὑπὲρ
1066 1493 1138 1549 τὴν
1170 1494 1313 1536 ἑαυτοῦ
1344 1494 1485 1548 τέχνην
1509 1492 1730 1549 τρυφήσας,

183 1561 251 1602 καὶ
287 1558 329 1602 τὸ
367 1559 580 1616 λεγόμενον
619 1563 847 1616 ἐλευθέριον
888 1563 930 1604 ἐκ
962 1563 1140 1618 ῥαβδίων
1172 1564 1291 1602 τινῶν
1322 1561 1522 1613 ποτηρίων
1554 1558 1728 1611 ἑλκύσας,

180 1624 283 1684 λόγῳ
322 1630 421 1682 γοῦν
461 1624 693 1681 ἀντελάβετο
733 1633 802 1683 τῆς
843 1627 984 1683 ἀρετῆς
1021 1625 1343 1682 ἐπιγραψάμενος
1386 1631 1468 1676 τοῖς
1506 1625 1549 1667 ἐν
1587 1628 1728 1683 Λίνδῳ

180 1696 303 1734 πᾶσιν
342 1689 464 1734 αὑτοῦ
511 1694 656 1748 ἔργοις·
694 1691 1025 1749 ’Λβροδίαιτος
1058 1728 1066 1736 .
1094 1726 1101 1734 .
1130 1726 1138 1735 .
1166 1726 1174 1734 .
1213 1694 1393 1748 ἔγραψε
1438 1690 1729 1747 Παρράσιος.

183 1751 214 1815 ᾧ
246 1755 405 1812 κομψός
436 1775 513 1808 τις,
547 1756 600 1808 ὡς
632 1759 718 1813 ἐμοὶ
751 1761 879 1812 δοκεῖ,
910 1757 1187 1816 ὑπεραλγήσας
1218 1761 1453 1814 ῥυπαίνοντι
1483 1757 1525 1801 τὸ
1552 1763 1620 1813 τῆς
1645 1757 1730 1813 ἄρε-

179 1841 248 1877 της
279 1820 406 1878 ἁβρὸν
431 1824 498 1865 καὶ
523 1823 666 1877 καλόν,
698 1842 762 1867 ατε
796 1830 995 1881 φορτικῶς
1021 1824 1366 1881 μετακαλεσαμένῳ
1394 1827 1449 1874 εἰς
1475 1842 1634 1879 τρυφην
1658 1843 1731 1879 την

185 1887 415 1931 δοθεῖσαν
397 1887 474 1932 υπὸ
501 1894 570 1944 τῆς
595 1889 713 1969 τύχης
733 1893 942 1970 χορηγίαν,
968 1891 1197 1947 παρέγραφε
1222 1888 1264 1932 τὸ
1287 1887 1581 1944 Ῥαβδοδίαιτος
1607 1889 1728 1945 ἀνήρ

180 1951 269 1995 ἀλλ’
305 1952 411 2008 ὅμως
444 1953 510 1996 δια
542 1953 584 1997 τὸ
617 1973 690 2010 την
721 1973 864 2011 αρετην
896 1971 1020 2010 φησαι
1061 1961 1177 2011 τιμᾶν
1215 1955 1418 1998 ἀνεκτέον
1451 1961 1572 1998 ταῦτα
1605 1957 1676 2011 μὲν
1708 1955 1729 1999 ὃ

183 2019 393 2074 Κλέαρχος.
445 2024 560 2063 Adde
590 2024 751 2064 Aeliani
777 2025 824 2064 V.
851 2025 900 2063 H.
927 2025 984 2065 IX
1013 2028 1085 2064 11;
1125 2021 1354 2077 Παρρασιος
1386 2019 1407 2063 ὁ
1434 2018 1685 2078 ζωγραφος
1672 2021 1730 2065 ότι

181 2084 252 2138 μὲν
277 2089 508 2141 πορφυρίδα
539 2086 675 2142 ἐφόρει
699 2089 766 2130 καὶ
791 2092 966 2143 χρυσοῦν
997 2090 1196 2143 στέφανον
1221 2089 1455 2143 περιέκειτο,
1486 2093 1730 2144 μαρτυροῦσι

180 2151 247 2192 καὶ
278 2150 387 2194 ἄλλοι
417 2153 484 2194 καὶ
515 2151 561 2194 τὰ
594 2154 865 2210 ἐπίγραμματα
897 2154 941 2196 δὲ
973 2154 1037 2195 ἐπὶ
1067 2158 1226 2196 πολλῶν
1258 2151 1427 2196 εἰκόνων
1459 2152 1595 2196 αὐτοῦ.

300 2232 455 2272 Deinde
488 2233 620 2272 Iahnii
651 2235 880 2274 coniectura
919 2234 1116 2274 evertitur
1148 2235 1245 2284 ipsis
1277 2235 1359 2274 illis
1392 2236 1598 2275 versibus:
1636 2248 1729 2275 nani

180 2298 288 2348 quod
319 2298 472 2349 legitur
502 2299 644 2339 Parrh.
680 2302 722 2340 1:
760 2296 858 2340 τάδ’
901 2299 1099 2354 ἔγραψεν,
1142 2301 1226 2340 sive
1259 2303 1400 2351 semel,
1440 2302 1524 2341 sive
1559 2302 1729 2353 singulis

183 2364 369 2414 deinceps
402 2365 554 2404 tabulis
587 2365 825 2416 subscripsit
856 2366 1005 2416 pictor,
1043 2370 1213 2417 apparet
1245 2380 1365 2406 unam
1405 2368 1581 2417 aliquam
1614 2368 1730 2406 tabu-

181 2431 262 2469 lam
295 2432 496 2481 spectare,
535 2431 646 2469 nullo
685 2434 822 2470 autem
853 2432 971 2471 modo
1003 2432 1288 2482 Nicomachus,
1321 2433 1355 2473 si
1387 2433 1648 2472 Parrhasium
1681 2435 1729 2472 de

126 2490 130 2495 ’
183 2508 256 2535 sua
281 2498 370 2536 arte
397 2497 638 2546 gloriantem
665 2497 833 2548 induxit,
865 2498 924 2536 ita
949 2497 1082 2548 potuit
1108 2499 1296 2538 scribere.
1335 2498 1461 2538 Porro
1488 2499 1729 2538 Parrhasius

181 2574 241 2612 ep.
284 2565 303 2601 1
349 2562 548 2602 Euenoris
592 2563 722 2602 filium
760 2577 998 2615 germanum
1043 2577 1084 2603 se
1131 2565 1325 2616 appellat,
1374 2565 1445 2603 sed
1482 2565 1589 2604 idem
1629 2565 1729 2604 alias

181 2628 426 2668 ludibundus
454 2632 500 2669 ut
525 2630 686 2670 videtur
716 2630 911 2681 Apollinis
939 2643 981 2670 se
1013 2631 1147 2670 radice
1174 2633 1306 2670 ortum
1333 2631 1567 2680 iactaveiat,
1594 2645 1730 2682 quem-

183 2693 400 2734 admodum
427 2695 582 2735 Plinius
604 2696 718 2736 dicit:
746 2697 844 2736 haec
870 2709 971 2746 quae
993 2696 1163 2736 adversa
1183 2697 1317 2736 fronte
1343 2697 1449 2736 inter
1473 2710 1514 2736 se
1534 2702 1729 2748 pugnant,

182 2772 262 2798 non
293 2762 481 2810 poterant
512 2761 554 2801 in
585 2764 779 2812 perpetuo
813 2761 987 2801 carmine
1020 2761 1116 2812 dici,
1149 2762 1190 2800 in
1223 2761 1392 2801 diversis
1425 2764 1623 2812 poematis
1649 2776 1729 2803 non

182 2824 399 2864 offendunt.

305 2901 475 2943 Omnino
502 2904 601 2943 haec
621 2905 806 2943 Zeuxidis
839 2907 880 2944 et
899 2904 1108 2944 Parrhasii
1135 2905 1168 2944 si
1194 2918 1296 2956 quae
1322 2905 1403 2944 alia
1421 2907 1596 2957 genuina
1617 2909 1725 2946 sunt:

182 2967 289 3007 inest
324 2967 495 3019 insignis
535 2970 596 3008 sui
636 2969 797 3020 fiducia,
836 2983 955 3020 quam
995 2971 1037 3009 in
1073 2972 1231 3023 magnis
1270 2971 1367 3010 viris
1399 2971 1516 3011 facile
1548 2972 1729 3026 ferimus,
