1890 3216
181 184 269 228 500
775 182 1128 219 IAMBOGRAPHI.

180 300 243 337 est
262 293 418 336 Ἵππων
450 291 780 351 ξανθακοῖρηναζ
798 297 938 345 estque
968 294 1266 333 hemistichium
1292 295 1560 335 Homericum.
1593 316 1648 322 —
1681 295 1802 335 A785

178 364 298 413 poeta
335 361 642 412 distinguendus
675 361 889 411 Hipponax
919 353 1222 411 grammaticus,
1261 349 1448 400 laudatus
1487 361 1538 400 ab
1569 361 1716 402 Athen.

178 428 235 466 XI
266 428 398 467 480F
433 422 495 480 (ἐν
527 422 815 480 συνωνύμοις),
857 427 926 465 sed
959 415 1118 465 Dobree
1145 421 1349 478 Ἑρμῶναξ
1381 426 1565 476 coniecit,
1605 427 1717 467 cuius

177 488 369 546 γλώσσαις
394 492 491 530 alibi
517 492 646 531 utitur
665 491 910 530 Athenaeus.
931 512 988 518 ——-
1017 491 1311 531 Grammaticus
1338 494 1476 543 aperte
1501 492 1718 532 adhibetur

178 559 220 597 in
251 559 382 597 Schol.
406 558 511 596 ined.
538 558 738 607 Hippocr.,
771 557 876 607 quod
904 556 1155 609 Daremberg
1187 557 1312 596 edidit
1343 558 1508 597 Notices
1540 559 1610 598 des
1642 558 1716 599 ΜΒ.

179 623 387 662 medicaux
420 624 505 661 214
540 618 738 675 (Erotian.
771 621 830 660 ed.
865 621 983 660 Klein
1012 637 1051 674 p.
1081 618 1174 676 19):
1218 618 1470 675 Κοχώνην·
1503 623 1545 663 οἱ
1572 620 1645 675 μὲν
1674 618 1717 664 τὸ

178 685 285 740 ἱερὸν
317 684 478 738 ὀστοῦν,
517 687 558 727 οἱ
587 684 630 726 δὲ
660 683 728 735 τὰς
758 683 923 735 κοτύλας
951 690 1030 727 τῶν
1061 688 1217 740 ἰσχίων,
1253 687 1292 736 ἐξ
1324 681 1382 728 ὧν
1412 687 1516 728 ἐστὶν
1542 684 1714 740 Ἀριστο-

178 750 311 805 φοὶνης
331 749 352 793 ὃ
372 749 655 806 γραμματικός,
675 753 877 801 Γλαυκίας
895 752 962 793 καὶ
983 750 1207 807 Ἰσχόμαχος
1232 752 1299 793 καὶ
1318 749 1517 802 Ἱππῶναξ
1535 749 1582 793 τὰ
1601 753 1715 807 ἰσχία.

177 820 303 858 Brink
340 819 484 858 Philol.
515 819 613 857 XIII
647 820 750 868 607,
794 819 862 857 ubi
906 821 1214 870 grammaticum
1254 820 1549 871 Hipponactem
1590 819 1715 859 fuisse

177 885 336 924 omnino
361 886 503 935 negat,
534 886 632 924 haec
657 898 870 943 perperam
896 885 947 923 ad
977 886 1313 936 iambographum
1345 885 1504 924 retulit:
1535 887 1580 924 at
1605 886 1717 925 scho-

176 952 296 991 liasta
328 951 362 990 si
392 954 536 1002 poetae
569 951 809 990 auctoritate
841 951 902 989 uti
932 951 1144 1000 voluisset,
1177 951 1300 1002 infra,
1333 951 1404 989 ubi
1434 950 1619 1001 plurimis
1651 963 1714 990 co-

176 1016 369 1056 micorum
400 1019 611 1066 poetarum
637 1016 821 1055 versibus
849 1016 1182 1067 significationem
1197 1016 1314 1056 -vocis
1341 1011 1497 1068 κοχώνη
1523 1016 1715 1065 illustrat,

175 1082 439 1132 Hipponactis
470 1082 747 1121 testimonium
778 1082 988 1120 additurus
1021 1085 1124 1121 erat:
1163 1082 1290 1133 igitur
1320 1078 1373 1130 is,
1406 1083 1474 1132 qui
1506 1095 1595 1121 cum
1625 1082 1738 1122 Ari-⁹

176 1148 372 1198 stophane
411 1147 694 1199 grammatico,
737 1146 904 1186 Glaucia
943 1151 984 1188 et
1014 1148 1273 1188 Ischomacho
1305 1147 1562 1198 Hippocratis
1593 1149 1715 1188 inter-

175 1214 357 1264 pretibus
384 1214 654 1265 coniungitur,
680 1213 895 1253 manifesto
923 1214 1240 1265 glossographus
1261 1215 1333 1252 est.
1380 1211 1566 1251 Ceterum
1588 1212 1715 1252 Cobet

174 1292 254 1318 non
272 1282 382 1319 recte
402 1280 475 1319 hoc
494 1279 737 1320 vocabulum
756 1280 886 1318 voluit
905 1280 1120 1319 restituere
1135 1279 1311 1318 Luciano
1326 1278 1551 1328 Tragodop.
1563 1280 1714 1318 v.123:

389 1359 527 1413 Πόδα,
559 1358 678 1415 γόνυ,
710 1358 899 1414 κοτύλην,
931 1358 1218 1416 ἀστραγάλους,
1250 1361 1374 1413 ἰσχία,
1406 1357 1576 1415 μηρούς,

388 1427 524 1482 χέρας,
557 1424 808 1480 ὠμοπλάτας,
834 1428 1070 1481 βραχίονας,
1101 1423 1279 1480 κορωνά,
1310 1422 1498 1479 καρπούς.

173 1508 361 1564 κοχώνα
394 1514 589 1562 scribens,
631 1525 734 1563 quae
766 1512 993 1552 coniectura
1024 1512 1131 1551 omni
1164 1525 1212 1550 ex
1243 1513 1360 1561 parte
1391 1510 1608 1549 reficienda
1639 1513 1712 1562 est,

174 1590 266 1616 nam
293 1580 334 1617 et
357 1578 536 1617 numeris
563 1590 704 1617 versus
731 1577 986 1629 adversatur,
1019 1578 1086 1628 qui
1112 1578 1186 1616 hoc
1211 1577 1297 1616 loco
1322 1577 1486 1626 longam
1512 1575 1713 1627 syllabam

173 1645 460 1695 aspernantur,
501 1645 543 1682 et
581 1642 805 1682 sententiae
842 1643 1051 1683 institutae
1090 1642 1234 1683 officit:
1275 1654 1370 1680 nam
1400 1641 1600 1680 Lucianus
1637 1641 1712 1681 hoc

172 1723 292 1749 versu
324 1723 404 1748 non
434 1709 662 1758 inferiores,
696 1709 766 1747 sed
799 1709 1026 1758 superiores
1059 1708 1236 1758 corporis
1267 1709 1404 1757 partes
1436 1708 1634 1757 recenset,
1666 1719 1712 1746 ac

173 1777 292 1825 plane
336 1776 597 1824 praepostere
640 1775 853 1824 postquam
899 1774 1150 1814 enumeravit
1193 1769 1386 1824 κοτύλην,
1431 1767 1712 1825 ἀστραγάλους,

173 1839 296 1892 ἰσχία,
322 1853 460 1879 rursus
486 1833 666 1891 κοχώνας
690 1839 869 1879 inferret.
914 1840 971 1878 At
993 1839 1199 1889 aptissime
1226 1838 1290 1876 hic
1309 1838 1536 1876 cubitorum
1555 1849 1712 1876 summa

174 1918 268 1955 pars
307 1906 572 1957 memoratur,
618 1917 718 1955 quae
756 1918 834 1944 non
873 1906 999 1944 solum
1039 1898 1217 1955 κορώνη,
1263 1902 1333 1941 sed
1371 1903 1493 1941 etiam
1529 1897 1710 1953 κορωνὸν

174 1971 407 2020 dicebatur,·'
431 1971 510 2011 vid.
544 1970 683 2010 Galen.
716 1970 794 2008 XII
826 1984 863 2020 p.
897 1971 1000 2008 261:
1034 1967 1078 2007 αἱ
1104 1970 1173 2008 τοῦ
1205 1963 1359 2020 πήχεως
1390 1962 1631 2017 ἀποφύσεις,
1662 1962 1710 2014 ἃς

125 2087 134 2093 -
172 2032 351 2089 κορώνας
382 2051 420 2075 τε
451 2038 639 2087 θηλυκῶς
670 2034 736 2075 καὶ
767 2031 925 2086 κόρωνα
955 2037 1144 2074 καλοῦσιν
1177 2029 1399 2086 οὐδετέρως.
