1890 3216
175 182 261 227 368
711 182 902 221 POETAE
928 166 1170 219 Emeum.

860 297 862 299 ¹
913 305 979 348 11.

248 386 431 444 Κόγχον
463 387 537 430 καὶ
568 386 744 444 κύαμον
777 385 955 443 σύναγε.
991 399 995 402 ’

914 510 979 551 12.

253 599 387 646 Ταῦτ’
418 604 523 659 ἔχω,
557 599 656 646 ὅσσ’
686 604 861 658 ἔμαθον
886 602 960 646 καὶ
987 600 1250 660 ἐφρόντισα,
1275 603 1349 646 καὶ
1376 601 1483 660 μετὰ
1512 605 1718 648 Μουσῶν

247 672 374 730 σέμν’
411 673 567 731 ἐδάην·
599 672 653 717 τὰ
687 673 736 718 δὲ
768 673 910 719 πολλὰ
943 674 1017 718 καὶ
1050 673 1181 731 ὄλβια
1213 677 1354 732 τῦφος
1386 678 1598 734 ἔμαρψεν.

178 851 290 888 iicere
310 853 387 888 tale
409 864 558 888 carmen
576 854 832 900 Hegemonem
847 853 1023 890 Thasium
1046 853 1249 900 scripsisse,
1270 854 1330 890 cui
1348 854 1489 900 parodo
1510 866 1718 900 cognomen

176 901 284 945 Φακῆ
312 900 393 944 fuit,
422 901 488 935 sed
513 899 670 937 fortasse
698 902 855 938 Zenonis
884 901 1001 938 Stoici
1027 913 1178 937 carmen
1202 900 1358 947 aliquod
1396 900 1639 948 intelligitur,
1672 914 1716 938 ex

175 959 248 993 quo
284 948 418 984 Athen.
447 948 497 983 lV
531 953 597 985 158
631 950 660 984 Β
697 949 860 985 servavit
891 950 988 985 hunc
1020 961 1184 986 versum:
1217 949 1286 990 Εἰς
1318 948 1360 985 δὲ
1395 950 1525 995 φακῆν
1559 948 1715 1005 ἔμβαλλε

175 995 418 1032 δυωδέκατον
456 995 672 1042 κοριάννου.
723 997 939 1043 Eodemque
971 999 1117 1043 spectat
1147 997 1314 1034 Timonis
1347 998 1574 1044 anapaestus
1605 997 1715 1033 1bid.:

320 1067 396 1103 Καὶ
424 1065 599 1113 Ζήνωνός
623 1081 665 1114 γε
693 1069 823 1114 φακῆν
851 1067 960 1115 ἕψειν
988 1065 1030 1110 ὃς
1054 1066 1104 1115 μὴ
1131 1070 1323 1115 φρονίμως
1348 1067 1584 1116 μεμάθηκεν.

178 1139 233 1175 ita
259 1139 359 1175 enim
391 1139 537 1186 corrigo
569 1139 694 1185 (aliter
726 1140 935 1177 constituit.
954 1141 1049 1177 haec
1079 1141 1251 1176 Meineke
1283 1140 1469 1177 animadv.
1497 1141 1546 1176 ad
1578 1141 1712 1178 Athen.
1769 1139 1771 1141 ’

176 1199 210 1232 p.
251 1189 322 1232 74).
374 1187 430 1222 Ex
465 1187 645 1233 versibus,
680 1199 774 1233 quos
808 1188 944 1225 Athen.
966 1187 1062 1224 ibid.
1090 1200 1136 1224 ex
1169 1187 1370 1235 Chrysippi
1400 1189 1498 1225 libro
1530 1188 1617 1234 περὶ
1647 1188 1715 1224 τοῦ

175 1235 294 1270 καλοῦ
322 1234 440 1281 affert,
466 1235 624 1271 fortasse
649 1248 745 1271 unus
772 1236 833 1272 vel
858 1237 955 1272 alter
979 1235 1059 1273 sive
1085 1236 1244 1272 Cratetis
1270 1234 1532 1272 siveszenonis
1557 1237 1630 1272 est:
1723 1264 1725 1266 -

389 1305 502 1353 Μηὸέ
527 1304 614 1343 ποτ’
645 1304 776 1343 ἐλαίαν
804 1303 920 1353 ἔσθι’,
947 1304 1149 1354 ἀκαλήφην
1177 1306 1283 1354 ἔχων.

388 1355 584 1401 Χειμῶνος
602 1351 689 1413 *ὥρα
716 1356 960 1414 βολβοφακῆν
987 1355 1103 1413 βαβαὶ
1129 1357 1254 1402 βαβαί.
1291 1401 1300 1413 Ι

386 1404 618 1451 Βολβοφακη
647 1404 670 1438 ὃ
713 1401 1009 1452 οἷονάμβροσίη
1035 1411 1182 1449 ψύχους
1207 1415 1421 1449 κρυόεντος.

174 1474 236 1520 (de
263 1473 398 1519 quibus
425 1475 594 1510 versibus
621 1475 738 1510 etiam
762 1474 935 1510 Meineke
961 1474 1056 1510 dixit
1081 1475 1212 1511 eodem
1238 1475 1347 1519 loco).

271 1522 330 1557 Fr.
358 1526 413 1559 11.
465 1522 572 1557 Teles
610 1534 669 1568 ap.
705 1522 807 1559 Stob.
842 1523 875 1558 V
903 1527 965 1559 67:
1001 1519 1148 1569 Ἀπορία
1180 1521 1245 1557 καὶ
1282 1520 1418 1558 δάνεια
1450 1520 1715 1569 περιέστηκεν;

174 1568 315 1616 κόγχον
341 1569 406 1605 καὶ
431 1567 579 1616 κύαμον
605 1568 807 1616 συνάγαγε,
829 1572 944 1616 φησὶν
965 1567 984 1605 ὁ
1006 1567 1167 1616 Κράτης,
1188 1569 1252 1605 καὶ
1272 1567 1318 1606 τὰ
1339 1567 1486 1611 τούτοις
1504 1567 1713 1617 πρόσφορα.

176 1620 207 1652 Α
235 1614 438 1664 συνήγαγε,
465 1617 600 1664 scripsi
626 1618 778 1664 σύναγε.
1596 1635 1605 1638 >

270 1667 329 1702 Fr.
359 1670 413 1702 12.
466 1665 574 1711 Diog.
602 1666 642 1701 L.
669 1666 720 1701 VI
755 1670 816 1702 86:
852 1664 951 1701 ἔστιν
985 1662 1103 1701 αὐτοῦ
1140 1666 1205 1702 καὶ
1238 1664 1344 1702 τόδε·
1381 1662 1497 1702 Τοῦτ’
1533 1664 1604 1712 ἔχω
1638 1668 1712 1702 κτλ.

177 1714 256 1759 (ubi
282 1714 362 1751 cod.
390 1713 515 1749 Ambr.
546 1710 592 1748 τά
625 1712 666 1749 δὲ
700 1727 737 1749 π.
771 1728 804 1749 κ.
832 1712 861 1749 ὅ.
887 1728 918 1749 τ.
947 1712 975 1749 ἕ.
1010 1715 1096 1759 om.)
1131 1714 1243 1749 Anth.
1277 1714 1356 1750 Pal.
1389 1714 1459 1750 VII
1491 1717 1578 1749 336:
1614 1725 1636 1749 a
1666 1726 1714 1749 m.

175 1772 246 1796 sec.
274 1758 467 1807 Κράτητος
495 1762 677 1809 Θηβαίου,
704 1772 727 1796 a
744 1774 793 1798 m.
814 1774 868 1807 pr.
889 1759 1100 1807 παρόμοιον
1126 1759 1373 1806 σωφροσύνης
1398 1758 1624 1807 ἀνάμεστον.
1651 1761 1716 1797 ubi

178 1809 258 1844 cod.
285 1809 363 1844 Pal.
391 1822 424 1844 v.
453 1813 473 1843 2
500 1808 632 1854 τάφος.
686 1808 739 1844 Cf.
766 1809 898 1845 Iriarte
924 1821 959 1855 p.
989 1813 1057 1845 100
1090 1809 1169 1853 (ubi
1202 1809 1256 1850 εἰς
1280 1806 1460 1855 Κράτητα
1484 1808 1715 1854 inscribitur)

178 1858 216 1892 et
241 1869 277 1902 p.
304 1861 373 1892 450
400 1857 479 1901 (ubi
514 1854 745 1903 Σωκράτης).
798 1855 950 1892 Cramer
980 1856 1050 1891 An.
1078 1857 1143 1892 Ox.
1170 1856 1222 1892 IV
1248 1860 1328 1892 219.
1354 1856 1453 1892 Plut.
1481 1856 1526 1892 de
1559 1868 1597 1892 se
1631 1856 1714 1913 ipso

175 1905 276 1940 laud.
305 1908 364 1939 17:
394 1901 505 1939 Πάνυ
533 1903 574 1939 δὲ
602 1903 806 1950 χαριέντως
838 1904 902 1940 καὶ
928 1901 948 1940 ὃ
976 1901 1126 1950 Κράτης
1151 1901 1245 1950 πρὸς
1275 1901 1317 1940 τὸ
1353 1900 1473 1940 Ταῦτ’
1508 1902 1598 1950 ἔχω,
1630 1900 1712 1939 οσσ’

177 1951 324 1997 ἔφαγον
350 1951 415 1987 καὶ
442 1949 629 1999 ἐφύβρισα
656 1952 720 1988 καὶ
753 1949 833 1998 μετ’
870 1950 1006 1998 ἔρωτος
1039 1949 1182 1998 Τέρπν’
1218 1951 1387 1997 ἔπαθον,
1420 1949 1637 1998 ἀντέγραψε
1670 1949 1712 1987 τὸ

179 1996 299 2035 Ταῦτ’
331 2028 338 2035 .
361 2028 367 2035 .
391 2029 399 2036 .
429 1996 557 2045 ἐδάην.
610 1999 818 2046 Compositi
843 2002 930 2035 sunt
953 2011 1081 2036 versus
1107 2000 1154 2035 ad
1179 2000 1476 2046 impugnandum
1502 1999 1715 2035 Choerilum

177 2047 355 2091 Samium,
383 2047 461 2084 sive
488 2048 570 2093 quis
597 2048 693 2083 alius
719 2050 819 2093 (nam
846 2048 892 2083 de
918 2048 1069 2083 auctore
1090 2046 1136 2082 lis
1163 2049 1235 2091 est,
1271 2047 1405 2083 Strabo
1426 2047 1579 2092 quidem
1599 2046 1716 2083 Choe-

175 2096 246 2131 rilo
281 2096 378 2131 teste
410 2095 546 2139 utitur,
582 2095 648 2131 sed
678 2097 770 2132 istos
801 2107 928 2131 versus
959 2096 1160 2141 adespotos
1192 2107 1272 2131 esse
1304 2095 1489 2140 significat
1518 2093 1604 2130 XIV
1632 2096 1714 2139 672)

177 2143 440 2189 Sardanapalli
466 2142 636 2189 sepulcro
662 2144 883 2190 inscriptum
908 2143 1062 2179 titulum
1088 2141 1179 2179 satis
1204 2143 1269 2179 ille
1289 2143 1440 2189 quidem
1464 2154 1532 2188 pro
1557 2141 1714 2178 arbitrio

174 2191 343 2226 versibus
357 2192 541 2237 exposuit,
562 2203 815 2238 consensuque
837 2203 902 2227 suo
918 2191 1155 2237 Assyriorum
1169 2191 1268 2237 regis
1282 2190 1506 2227 sententiam
1520 2190 1714 2236 probavit:

390 2256 473 2308 „EG
501 2259 628 2308 εἰδώς,
655 2258 714 2299 ὅτι
737 2260 882 2309 θνητὸς
908 2261 1021 2309 ἔφης,
1047 2261 1114 2298 σὸν
1139 2259 1269 2309 θυμὸν
1295 2259 1403 2309 ἄεξε,

390 2307 623 2355 τερπόμενος
648 2313 821 2358 θαλίῃσι·
847 2309 1012 2347 θανόντι
1038 2323 1096 2346 τοι
1122 2307 1226 2351 οὔτις
1251 2306 1391 2356 ὄνησις.

392 2359 458 2393 καὶ
483 2355 555 2402 γάρ
582 2355 654 2404 ἐγὼ
681 2357 820 2400 σποδός
845 2358 938 2405 εἰμι,
965 2359 1089 2394 Νίνου
1116 2355 1280 2404 μεγάλης
1306 2356 1540 2406 βασιλεύσας.

392 2403 494 2442 κεῖν’
523 2405 611 2452 ἔχω,
639 2402 723 2442 ὅσσ’
752 2406 898 2463 ἔφαγον
924 2406 988 2442 καὶ
1015 2403 1203 2453 ἐφύβρισα
1229 2406 1293 2441 καὶ
1320 2403 1388 2441 σὺν
1415 2404 1524 2450 ἔρωτι

392 2450 521 2500 τέρπν’
551 2453 718 2490 ἔπαθον·
744 2469 790 2490 τοι
817 2453 859 2491 δὲ
886 2451 1003 2490 πολλὰ
1029 2453 1095 2489 καὶ
1119 2450 1230 2501 ὄλβια
1255 2451 1382 2489 πάντα
1406 2452 1616 2489 λέλυνται.“

455 2498 548 2538 “Has
577 2500 676 2548 σοφὴ
705 2501 846 2551 βιότοιο
872 2503 1110 2548 παραίνεσις,
1138 2498 1231 2536 οὐδέ
1256 2497 1340 2537 ποτ’
1369 2499 1488 2546 αὐτῆς

391 2547 567 2596 λήσομαι·
595 2548 768 2596 ἐκτήσθω
796 2546 833 2586 δ’
862 2547 882 2586 ὁ
909 2548 1035 2586 θέλων
1060 2546 1126 2584 τὸν
1152 2545 1339 2594 ἀπείρονα
1363 2549 1540 2584 πλοῦτον.

177 2624 356 2668 (extremo
382 2633 491 2658 versu
518 2622 665 2658 Hecker
689 2622 802 2658 Anth.
829 2622 863 2657 ΙΙ
890 2625 935 2657 35
961 2617 1150 2667 λησάμεθ’
1176 2619 1345 2665 requirit,
1374 2620 1440 2656 sed
1463 2620 1504 2655 in
1529 2620 1711 2656 addendis

177 2671 257 2716 ipse
284 2670 449 2715 dubitat)
477 2680 570 2715 quos
596 2681 725 2706 versus
746 2681 790 2705 ex
809 2670 1017 2715 Chrysippo
1037 2669 1146 2704 affert
1163 2667 1253 2703 Ath.
1272 2667 1342 2703 VII
1362 2672 1431 2704 336
1452 2668 1495 2703 Α.
1522 2667 1711 2714 (Inprimis

176 2718 322 2753 nobiles
348 2730 381 2754 v.
408 2722 431 2753 4
456 2719 495 2753 et
521 2723 558 2762 5,
586 2718 651 2762 qui
683 2718 830 2763 saepius
861 2729 937 2753 non
968 2717 1046 2752 sine
1077 2715 1250 2751 lectionis
1281 2715 1465 2761 varietate
1497 2715 1712 2761 afferuntur,

179 2766 225 2800 cf.
251 2764 377 2800 Miller
408 2766 524 2801 Catal.
557 2764 653 2801 Bibl.
687 2765 839 2801 Scorial.
869 2764 1107 2810 174‚·Nicet.
1135 2762 1304 2798 Choniat.
1331 2775 1366 2808 p.
1394 2767 1462 2798 417
1496 2763 1552 2798 ed.
1581 2762 1710 2807 Bonn.‚

178 2813 274 2848 adde
295 2814 378 2848 ‘Ioh.
410 2812 534 2849 Malal.
561 2826 597 2859 p.
627 2817 686 2857 19,
718 2812 784 2848 ubi
809 2813 926 2848 etiam
951 2825 984 2849 v.
1011 2817 1032 2847 3
1059 2811 1197 2854 exstat,
1230 2810 1295 2846 sed
1320 2810 1408 2856 post
1432 2822 1472 2846 v.
1495 2812 1543 2856 5.)
1593 2810 1711 2846 Choe-

177 2860 248 2896 rilo
274 2860 342 2895 hos
369 2872 496 2896 versus
521 2860 689 2897 vindicat
706 2860 837 2896 Naeke
858 2859 1018 2896 Choeril.
1037 2872 1074 2906 p.
1098 2861 1177 2902 196,
1197 2869 1426 2903 quamquam
1445 2858 1492 2893 de
1511 2858 1711 2904 postremis

178 2907 323 2942 duobus
350 2920 423 2943 non
449 2910 551 2944 recte
575 2908 754 2944 iudicans.
805 2909 888 2954 Ipse
909 2907 1135 2953 Chrysippus
1155 2917 1212 2951 ap.
1234 2906 1321 2941 Ath.
1337 2906 1487 2941 V11337
1508 2907 1540 2940 A
1559 2905 1710 2941 eosdem

179 2966 303 2990 versus
321 2956 479 3000 pai-odia
498 2956 590 2992 lusit
607 2956 731 3001 simili,
744 2957 800 2991 ita
819 2956 861 2990 ut
882 2955 1044 2991 Choerili
1064 2953 1229 2998 vestigia
1244 2952 1533 2999 diligentissime
1546 2953 1708 2999 legeret:
