1890 3216
262 188 348 230 288
518 168 521 170 ’
897 184 1154 220 sooRA'rsss

406 291 640 349 ,,Σώκροιτες,
668 305 736 327 ουκ
764 290 903 331 ἔλαθές
928 304 972 336 με
999 288 1111 339 πόθῳ
1139 291 1295 349 δηχθεὶς
1321 291 1444 337 φρένα
1470 290 1537 338 τὴν
1563 290 1632 339 σήν
1716 299 1784 330 610
1845 329 1856 343 5

405 323 541 380 παιδὸς
567 336 804 398 Δεινομάχης
830 338 894 373 καὶ
920 340 1113 374 Κλεινίου·
1140 335 1222 374 ἀλλ’
1252 336 1483 396 ὑπάκουσον,

406 388 442 423 εἰ
466 385 611 445 βούλει
619 399 678 422 σοι
705 399 804 431 εχειν
831 380 874 421 εὖ
901 383 1074 430 παιδικά,
1100 382 1190 442 μηδ’
1218 382 1411 434 ἀπιθήσῃς

405 433 560 492 ἀγγέλῳ,
576 430 681 469 αλλὰ
707 434 846 469 πιθοῦ·
874 434 942 468 καί
964 445 1023 469 σοι
1047 433 1143 469 πολὺ
1170 432 1315 478 βέλτιον
1343 424 1483 471 &avoca-‘⁴

358 487 378 518 5
452 480 568 527 Κοῗγώ
595 477 695 521 όπως
720 478 865 526 ἥκουσα
891 481 1024 538 χαρᾶς
1033 477 1107 516 ὕπο
1134 481 1239 538 σῶμα
1264 483 1422 517 λιπαίνω

405 528 544 575 ἱδρῶτι,
573 527 770 576 βλεφάρων
797 527 839 563 δὲ
866 526 954 573 γόος
978 526 1093 564 πέσεν
1119 525 1189 564 οὐκ
1216 526 1422 575 ἄθελήτως.

454 575 651 636 ,,Στὲλλου,
678 573 914 635 πλησάμενος
938 574 1066 622 θυμὸν
1091 574 1249 634 Μούσης
1274 576 1464 622 κατόχοιο,

404 639 427 682 ῃ
454 606 560 659 τόνδ’
590 622 757 668 αἷρήσεις
784 621 891 671 ᾠδῶν
917 625 1074 659 δεινοῖσι
1100 621 1291 661 πόθοισιν.

405 670 550 729 αμφοῖν
576 669 646 717 γὰρ
674 672 799 727 φιλίης
824 667 887 729 ἥδ’
917 667 1031 731 ἀρχή·
1059 672 1146 728 τῇδε
1176 670 1352 715 καθέξεις

336 725 379 756 10
406 716 534 764 αὐτόν,
560 716 802 766 προσβάλλων
829 715 964 759 ἀκοαῖς
990 717 1149 764 ὀπτήρια
1174 720 1341 765 θυμοῦ.“

264 793 302 828 et
328 791 477 827 deinde:

455 863 595 907 ,,’Τιπτε
606 859 866 921 δεδάκρυσαι,
893 862 978 906 φίλε
1005 859 1222 920 Σώκρατεςς
1249 856 1272 907 ἦ
1299 858 1335 897 σ’
1362 858 1543 898 ανακινεῖ

405 909 589 967 στέρνοις
599 906 760 945 ἐνναίων
786 907 953 969 σκηπτὸς
974 906 1097 950 πόθος
1111 906 1273 967 ὄμμασι
1289 911 1502 954 θραυσθείς
1549 929 1559 935 ·

405 955 542 998 παιδὸς
566 954 764 1002 οἷνικήτου;
792 955 859 992 τὸν
886 954 958 1002 ε’γιὸ
985 954 1145 992 τιθασόν
1173 970 1230 993 σοι
1256 953 1422 1003 ὑπέστην

405 1006 583 1050 ποιῆσαι.ι

263 1088 441 1145 Aspasiae
467 1089 535 1124 hos
561 1100 689 1124 versus
720 1087 855 1123 tribuit
884 1088 1117 1123 Athenaeus:
1147 1084 1322 1123 Ἀσπασία
1358 1086 1504 1134 μέντοι,
1535 1083 1558 1133 ἡ
1590 1083 1690 1146 σοφὴ
1722 1086 1789 1123 τοῦ

263 1133 491 1194 Σωκρατους
523 1134 748 1176 διδάσκαλος
779 1136 853 1171 τῶν
880 1133 1092 1193 ρητορικῶν
1113 1133 1262 1193 λόγων,
1300 1133 1348 1171 ἐν
1385 1141 1482 1178 τοῖς
1514 1133 1813 1194 φερομένοις·

263 1182 318 1225 ὡς
356 1181 498 1229 αὐτῆς
536 1182 711 1228 «ξ’,πεσιν
749 1180 847 1229 ἅπερ
880 1180 1076 1227 Ηρόδικος
1107 1180 1126 1218 ὃ
1159 1180 1388 1229 Κρατήτειος
1425 1181 1635 1229 παρέθετο,
1675 1181 1790 1228 φησὶν

262 1229 390 1272 ου’τως.
441 1232 609 1278 Apparet
634 1231 825 1267 Socratem
852 1233 890 1267 et
914 1231 1112 1277 Aspasiam
1146 1241 1333 1267 sermones
1364 1242 1484 1267 serere
1516 1231 1561 1266 de
1587 1229 1791 1267 Alcibiadis

262 1291 387 1315 amore
414 1279 661 1315 conciliando.
688 1279 795 1324 atqui
815 1278 984 1314 Socrates
1009 1278 1135 1323 refert,
1161 1279 1251 1324 quid.
1275 1277 1432 1325 Aspasia
1457 1278 1528 1314 sibi
1547 1277 1789 1324 praeceperit,

261 1340 294 1363 v.
322 1331 424 1364 5—6.
474 1327 594 1372 Igitur
625 1338 699 1362 non
725 1325 902 1372 Aspasia,
936 1326 1000 1362 sed
1034 1327 1206 1362 Socrates
1238 1326 1332 1362 illud
1364 1326 1592 1371 colloquium
1622 1325 1788 1362 versibus

261 1375 418 1410 heroicis
443 1375 680 1420 exposuerat·
713 1374 862 1410 videtur
887 1375 1013 1410 autem
1047 1374 1260 1409 Athenaeus
1292 1373 1471 1420 ambigua
1502 1373 1687 1418 oratione,
1718 1384 1792 1418 qua

261 1422 464 1458 Herodicus
489 1434 576 1457 usus
604 1424 699 1467 erat,
733 1421 774 1456 in
800 1433 959 1458 errorem
990 1421 1165 1457 inductus
1192 1433 1288 1466 esse,
1323 1432 1443 1466 neque
1477 1421 1575 1457 enim
1607 1420 1790 1457 Athenaei

261 1471 375 1506 verba
413 1470 661 1516 corruptelam
703 1469 933 1505 contraxisse
971 1470 1074 1514 puto.
1135 1469 1307 1505 Ceterum
1346 1469 1441 1504 illud
1481 1480 1632 1505 carmen
1671 1479 1791 1514 neque

261 1518 309 1553 ab
337 1518 494 1563 Aspasia
518 1528 640 1562 neque
665 1528 688 1552 a
714 1517 866 1553 Socrate
892 1516 1118 1562 profectum,
1151 1517 1215 1552 sed
1248 1515 1348 1553 mala
1378 1516 1507 1552 fraude
1538 1515 1672 1561 aliquis
1707 1515 1790 1552 sub-

261 1565 366 1600 iecit:
392 1576 512 1610 neque
540 1565 694 1619 antiqua
718 1564 867 1601 videtur
886 1565 986 1600 fraus
1007 1575 1098 1607 esse,
1117 1563 1156 1599 id
1176 1564 1306 1609 quod
1295 1564 1463 1610 inprimis
1483 1576 1572 1600 usus
1592 1563 1790 1621 singularis

261 1613 365 1648 verbi
391 1611 568 1666 κάτοχος,
601 1613 665 1658 qui
690 1624 816 1648 recens
843 1612 1045 1648 admodum
1071 1613 1146 1657 est,
1174 1623 1330 1658 arguere
1362 1612 1527 1648 videtur:
1560 1611 1674 1647 etiam
1703 1608 1792 1656 1γόος

262 1673 293 1696 v
317 1665 337 1696 6
359 1660 450 1695 satis
476 1661 680 1696 insolenter
699 1660 876 1696 lacrimae
898 1659 1087 1708 dicuntur.
1114 1658 1186 1695 nisi
1206 1660 1303 1695 forte
1322 1660 1544 1696 vocabulum
1566 1659 1792 1704 corruptum,

261 1706 470 1743 Meineke
448 1705 535 1754 ρόος
556 1707 727 1752 coniecit,
753 1708 853 1743 idem
873 1705 956 1743 cum
978 1707 1150 1743 Dobraeo
1173 1703 1243 1743 οὐκ
1263 1704 1378 1743 ἔθελ’
1356 1721 1452 1753 ητως
1470 1707 1627 1765 scripsit.
1655 1705 1756 1742 —V.
1770 1709 1792 1742 8

260 1756 424 1791 nondum
450 1757 487 1791 in
514 1756 700 1801 integrum
724 1756 931 1800 restitutus,
960 1766 1047 1790 nam
1073 1751 1180 1802 ᾠδῶν
1203 1721 1389 1800 (ΜοὶηοΙςΊέ
1408 1755 1554 1791 mavult
1572 1751 1685 1803 ᾠδῆς)
1711 1753 1792 1789 11111·

261 1803 337 1838 lam
368 1803 517 1839 videtur
548 1804 658 1839 fidem
689 1803 844 1847 habere,
879 1784 993 1859 p6eta
1023 1791 1173 1838 videtur
1205 1803 1484 1848 comparatione
1519 1812 1608 1838 usus
1639 1811 1736 1846 esse,
1766 1794 1792 1848 ᾖ

260 1847 367 1886 τόνδ’
396 1849 563 1896 αἱρήσεις
589 1848 722 1886 ὡσεὶ*
748 1831 854 1895 δεινὴ
881 1847 1071 1895 πόθοισιν,
1097 1861 1184 1885 nam
1209 1850 1353 1895 reliqua
1379 1860 1524 1895 nequeo
1549 1829 1794 1896 probabiliter

261 1898 475 1942 emendare,
510 1898 652 1934 tentavi
686 1895 779 1933 ὡσεί
806 1911 845 1933 τε
878 1898 1011 1933 λίνοισι
1042 1895 1201 1943 πόθοιο,
1234 1899 1299 1934 sed
1330 1898 1402 1934 hoc
1434 1897 1610 1943 displicet
1639 1898 1792 1942 propter

261 1946 450 1981 clausulae
476 1946 759 1982 similitudinem
785 1941 956 1990 (Μούσης
980 1943 1183 1991 κατόχοιο).
1218 1966 1262 1971 -
1290 1945 1335 1981 V.
1363 1949 1406 1980 10
1431 1944 1676 2002 probabiliter
1699 1943 1790 1980 Mei-

260 1993 355 2029 neke
381 1990 515 2034 ἆκοαῖς
540 1990 793 2038 θελκτήρια
818 1993 958 2039 θυμοῦ.
1000 1993 1117 2029 Versu
1144 1992 1462 2039 antepaenultimo
1488 1990 1650 2038 σκηπτὸς
1669 1988 1792 2032 πόθος

261 2041 449 2087 singulare
482 2042 547 2086 est,
586 2052 654 2076 nec
692 2042 820 2076 tamen
854 2040 1075 2076 coniecturis
1107 2040 1346 2085 tentandum,
1385 2041 1450 2076 sed
1483 2051 1550 2095 pro
1581 2038 1796 2085 θραυσθεὶς

259 2088 407 2124 videtui
432 2090 544 2134 poeta
568 2091 598 2123 θ
606 2088 798 2145 ραχθεὶς
816 2087 1026 2145 scripsisse.
1063 2087 1234 2124 Meineke
1261 2088 1442 2124 librorum
1463 2087 1685 2134 scripturam
1710 2089 1792 2122 tue—

259 2138 336 2179 tur,
372 2136 438 2172 sed
469 2103 625 2172 deindee
634 2133 772 2176 παιδὸς
803 2132 1026 2180 ἀκινήτου
1052 2136 1258 2181 proposuit.
1292 2155 1336 2162 -—
1369 2135 1537 2180 Denique
1568 2134 1794 2171 monendum

261 2184 318 2218 est
344 2183 489 2220 Socrati
515 2183 703 2219 distichon
738 2184 902 2219 tribuere
935 2182 1085 2219 Maxim.
1113 2183 1278 2219 Conf.11
1304 2187 1390 2229 649,
1417 2183 1482 2219 sed
1515 2184 1574 2218 est
1600 2183 1792 2228 Pallados,

264 2230 339 2267 vid.
365 2230 517 2267 Anthol.
545 2231 623 2267 Pal.
650 2231 684 2266 X
710 2235 766 2267 34.
