1890 3216
0 795 18 877 f

0 881 29 991 ᾗ.

834 184 1042 223 nocuus,
1214 240 1230 243 „
1628 184 1710 227 271

924 297 962 339 8.

291 371 524 436 ’Πᾶν’γὰρ
557 376 805 436 ἀναγκαῖον
837 377 1004 438 πρᾶγμ’
1040 377 1233 437 ἀνιαρὸν
1265 380 1363 436 ἔφυ.

565 442 590 463 0

869 524 948 556 ΕΠ
962 525 1007 558 Η.
1641 528 1709 559 596

921 609 960 651 9.

240 690 357 749 Φημὶ
389 693 694 749 πολυχρονίην
726 691 912 748 μελέτην
945 694 1119 748 ἔμεναι,
1152 695 1274 748 φίλε,
1306 692 1379 736 καὶ
1413 691 1469 749 δή

237 764 404 820 ταύτην
435 761 723 819 ἀνθρώποισι
754 764 1032 807 τελευτῶσαν
1064 762 1207 819 φύσιν
1239 762 1366 808 εἶναι.

906 896 972 939 10.

284 983 390 1024 Plut.
424 983 586 1031 Quaest.
620 983 777 1024 Platon.
810 984 844 1022 X
879 985 924 1023 3:
952 979 1106 1036 Ἔγωγε
1144 979 1313 1036 φήσαιμ’
1358 978 1409 1023 ἂν
1448 981 1578 1037 ὥσπερ
1610 982 1708 1033 ἅλας

165 1044 461 1102 συμβάλλεσθαι
492 1045 592 1102 πρὸς
623 1046 749 1101 ὄψον,
781 1045 891 1101 ὕδωρ
923 1045 966 1087 δὲ
997 1044 1097 1101 πρὸς
1122 1049 1260 1101 μᾶζαν.
1312 1046 1476 1101 Εὔηνος
1508 1047 1551 1089 δὲ
1576 1047 1708 1090 καὶτὸ

151 1116 248 1167 ,πῦρ
279 1113 454 1166 ἔφασκεν
485 1110 725 1167 ἡδυσμάτων
757 1110 858 1154 εἶναι
889 1111 1059 1168 ἄριστον.

282 1306 393 1353 Quae
419 1306 483 1347 hic
501 1307 620 1346 unius
640 1308 770 1347 Eueni
788 1307 947 1347 nomine
975 1308 1206 1358 fragmenta
1232 1309 1527 1359 comprehendi,
1558 1309 1706 1348 rectius

164 1372 321 1412 duobus
341 1373 512 1412 attribui
530 1373 736 1423 videntur,
771 1373 838 1412 sed
859 1373 962 1412 nihil
980 1373 1210 1414 novandum
1235 1374 1346 1413 duxi:
1380 1377 1443 1413 est
1462 1375 1568 1413 enim
1590 1387 1707 1425 quae-

163 1438 242 1478 stio
275 1439 324 1478 de
356 1439 494 1478 Eueno
528 1441 569 1478 et
600 1438 903 1490 cognominibus
935 1440 1065 1489 poetis
1104 1440 1358 1488 difficillima,
1400 1440 1448 1479 de
1486 1454 1565 1491 qua
1596 1439 1706 1479 varie

161 1505 472 1556 disputaverunt
511 1503 556 1544 G.
589 1505 770 1556 Wagner
809 1505 858 1544 de
897 1505 1047 1544 Euenis
1086 1507 1216 1555 poetis
1256 1506 1423 1545 Vratisl.
1463 1508 1596 1554 1838,
1639 1505 1704 1544 Fr.

164 1569 376 1610 Schreiber
409 1570 630 1621 Gottingae
665 1572 798 1621 1839,
837 1571 867 1610 I.
901 1570 1048 1610 Caesar
1086 1570 1128 1608 in
1167 1571 1303 1621 Antiq.
1346 1572 1486 1611 Annal.
1523 1572 1634 1610 1838
1667 1583 1703 1609 n.

166 1638 264 1689 145,
290 1636 499 1676 Benndorf
515 1636 564 1675 de
584 1637 709 1676 Anth.
731 1637 798 1676 Gr.
820 1637 946 1687 epigr.
972 1649 1074 1686 quae
1094 1636 1145 1676 ad
1164 1639 1272 1676 artes
1294 1640 1480 1687 spectant
1498 1651 1535 1687 p.
1554 1638 1606 1676 16
1623 1649 1703 1687 seq.

164 1700 266 1740 Cum
297 1703 403 1742 enim
434 1715 580 1742 nomen
609 1702 740 1742 Eueni
772 1703 879 1742 haud
910 1715 1001 1741 raro
1033 1706 1387 1751 commemoretur,
1426 1706 1562 1742 tamen
1593 1703 1704 1742 testi-

161 1768 387 1808 moniorum
418 1768 467 1807 de
499 1768 630 1818 poetis
662 1768 782 1807 huius
813 1768 985 1808 nominis
1002 1771 1132 1819 ‘tanta
1165 1772 1226 1809 est
1257 1770 1436 1820 penuria,
1467 1772 1515 1808 ut
1545 1782 1625 1809 non
1651 1769 1704 1808 sit

160 1832 307 1872 mirum
325 1833 374 1873 *si
404 1834 648 1873 dissentiant
678 1834 784 1873 inter
823 1847 865 1874 se
904 1835 972 1885 qui
1010 1848 1127 1874 suum
1158 1835 1300 1886 cuique
1331 1834 1534 1874 vindicare
1567 1835 1702 1874 studu-

129 1905 141 1922 '·
158 1901 288 1939 erunt.
339 1899 438 1938 Mihi
470 1899 648 1950 quidem,
680 1900 996 1950 quotiescunque
1021 1902 1169 1940 accessi
1203 1901 1255 1940 ad
1287 1901 1388 1939 hanc
1414 1900 1703 1952 quaestionem,

159 1977 317 2015 semper
351 1978 461 2006 vnova.
499 1965 712 2005 dubitandi
749 1966 922 2006 materia
961 1967 1119 2006 obiecta.
1157 1969 1230 2006 est.
1288 1965 1535 2006 Ordiendum
1575 1970 1637 2007 est
1678 1980 1702 2006 a

158 2029 244 2068 loco
281 2029 539 2080 Harpocrat.:
577 2027 758 2082 Εὔηνος·
793 2026 1000 2084 Ὑπερίδης
1039 2030 1083 2072 ἕν
1119 2035 1171 2087 τῷ
1201 2028 1286 2072 κατ’
1322 2028 1588 2081 Αὐτοκλέους·
1627 2029 1701 2072 δύο

158 2090 462 2147 ἀναγράφουσιν
490 2092 682 2148 Εὐήνους
711 2095 890 2150 ἐλεγείων
915 2093 1080 2150 ποιητὰς
1105 2093 1345 2150 ὁμωνύμους
1370 2093 1565 2150 ἀλλήλοις,
1597 2101 1695 2137 καθ-

254 2237 286 2269 8.
337 2233 450 2270 Arist.
478 2234 643 2280 Metaph.
665 2234 717 2270 IV
738 2238 776 2270 5:
802 2232 843 2270 τὸ
870 2232 942 2281 γὰρ
970 2236 1094 2284 βίαιον
1121 2231 1333 2294 ἀναγκαῖον
1358 2235 1519 2282 λέγεται,
1546 2234 1607 2272 διὸ
1634 2237 1700 2272 καὶ

155 2277 342 2327 λυπηρόν,
377 2277 502 2327 ὥσπερ
537 2282 602 2317 καὶ
634 2279 786 2328 Εὔηνός
817 2294 928 2328 φησι·
962 2283 1050 2319 Πᾶν
1081 2281 1152 2330 γὰρ
1184 2288 1396 2330 αναγκαῖον
1428 2288 1502 2320 κτλ.
1555 2285 1609 2321 Cf.
1646 2285 1698 2320 ibi
1751 2300 1754 2302 ⁷

159 2328 284 2364 Schol.
311 2329 353 2364 T.
380 2329 430 2365 IV
456 2341 492 2375 p.
520 2333 674 2366 695-6
707 2332 746 2366 et
776 2330 880 2368 Alex.
909 2331 1108 2377 Aphrodis.
1136 2343 1171 2378 p.
1198 2336 1268 2368 319
1300 2332 1356 2368 ed.
1390 2332 1534 2369 Bonitz.
1566 2331 1699 2369 Eidem

157 2374 285 2412 Eueno
318 2376 452 2412 tribuit
483 2376 568 2419 ΕΗ).
595 2376 688 2413 Eud.
716 2378 749 2412 11
777 2382 796 2413 7
823 2379 863 2414 et
887 2378 986 2414 Plut.
1012 2390 1086 2415 non
1118 2390 1228 2425 posse
1259 2391 1361 2416 suav.
1388 2380 1462 2416 viv.
1489 2391 1560 2416 sec.
1595 2379 1697 2426 Epic,

157 2435 187 2460 c.
215 2427 278 2469 21,
315 2424 378 2460 ubi
411 2421 581 2471 ἀνιηρόν.
621 2425 701 2460 Om.
734 2427 869 2470 poetae
899 2437 998 2463 nom.
1031 2426 1186 2463 Aristot.
1219 2427 1328 2463 Rhet.
1356 2428 1370 2463 I
1400 2432 1455 2463 11.
1507 2428 1580 2464 Sed
1611 2428 1697 2464 vide

113 2488 118 2493 ·
157 2483 253 2517 quae
277 2471 355 2508 dixi
381 2472 428 2508 de
453 2472 526 2516 hoc
552 2484 663 2509 versu
688 2473 736 2508 ad
762 2473 1015 2530 Thepgpidea„
1042 2474 1107 2510 ubi
1139 2475 1352 2511 simillimus
1378 2487 1505 2511 versus
1532 2477 1636 2512 extat
1661 2489 1696 2511 v.

158 2523 246 2555 472:
272 2520 359 2556 Πᾶν
385 2517 458 2566 γὰρ
485 2517 700 2566 ἀναγκαῖον
725 2521 841 2566 χρῆμ
884 2520 1082 2567 ανιηρὸν
1109 2520 1195 2567 ἔφυ.

251 2583 284 2616 9.
335 2579 446 2618 Arist.
474 2579 558 2616 Eth.
585 2580 667 2616 Nic.
695 2580 762 2615 VII
790 2584 851 2616 11:
885 2577 959 2616 Δια
991 2579 1063 2627 ’γὰρ
1095 2582 1208 2618 τοῦτο
1239 2582 1304 2618 καὶ
1330 2580 1371 2618 τὸ
1399 2581 1492 2624 ἔθος
1517 2582 1695 2629 χαλεπόν,

157 2621 218 2662 ὅτι
242 2627 286 2674 τῇ
322 2625 438 2673 φύσει
470 2627 612 2672 ἔοικεν,
646 2625 770 2673 ὥσπερ
802 2627 867 2663 καὶ
899 2626 1051 2674 Εὔηνος
1081 2628 1197 2675 λέγει·
1233 2630 1331 2677 Φημὶ
1362 2633 1436 2666 κτλ.
1477 2630 1575 2675 (Eth.
1602 2630 1695 2667 Eud.

158 2673 210 2710 VI
237 2677 306 2721 10).
333 2696 378 2701 —
405 2676 449 2711 V.
480 2679 510 2714 1.
538 2675 681 2722 ἔμεναι,
707 2676 886 2712 KbLbNb
913 2675 1085 2723 ἔμμεναι,
1109 2677 1174 2713 Mb
1202 2676 1328 2725 ἔμμεν.
1351 2700 1393 2704 —
1414 2678 1465 2714 ib.
1493 2678 1695 2715 Schneide-

158 2721 233 2763 win
258 2723 344 2768 φίλε
371 2722 538 2768 παίδων,
563 2722 706 2770 ταύτην
738 2721 790 2761 δ’.
839 2724 1007 2760 Insolens
1038 2736 1126 2761 sane
1158 2725 1412 2772 interpunctio
1444 2728 1530 2779 post
1561 2727 1695 2772 pedem

157 2769 341 2816 quintum,
365 2783 434 2808 nec
459 2771 583 2807 minus
609 2771 767 2808 offendit
792 2773 918 2808 sextus
943 2783 1008 2818 pes
1036 2772 1180 2809 duobus
1206 2773 1476 2819 monosyllabis
1502 2773 1696 2810 vocabulis

157 2819 345 2864 constans,
372 2829 492 2864 neque
517 2821 645 2855 tamen
670 2819 708 2855 in
727 2820 852 2865 poeta,
874 2819 979 2855 cuius
998 2821 1204 2857 hexametri
1225 2821 1299 2858 duo
1318 2823 1467 2857 tantum
1487 2824 1695 2868 supersunt,

157 2865 363 2911 quidquam
386 2867 610 2903 novandum.
663 2867 716 2903 De
743 2867 920 2903 incisione
946 2868 985 2903 in
1005 2869 1077 2904 fine
1102 2868 1208 2914 pedis
1233 2869 1356 2914 quinti
1381 2871 1468 2915 post
1499 2869 1592 2905 alios
1620 2868 1693 2905 dis-

157 2913 275 2949 seruit
298 2913 566 2951 Friedlaender
591 2915 721 2951 Nican.
747 2927 783 2961 p.
812 2919 879 2951 128
905 2926 998 2961 seq.‚
1032 2918 1071 2952 et
1095 2916 1204 2952 latini
1235 2916 1387 2961 quidem
1417 2918 1553 2963 poetae
1585 2917 1617 2954 si
1649 2929 1695 2954 ea.

158 2962 323 3005 utuntur,
350 2962 478 2998 dedita.
502 2974 617 3009 opera
641 2963 898 2999 hexametrum
922 2964 1114 3010 geminato
1139 2965 1397 3010 monosyllabo
1424 2965 1613 3002 claudunt.
