1890 3216
16 602 153 771 f

166 154 252 195 216
702 152 896 188 ΡΟΕΤΑΕ
923 151 1158 193 ELEGIAOI.

171 273 261 305 1130
349 258 448 305 οὐδ’
484 257 667 317 ἀνδρῶν
700 261 899 317 ἐχθρῶν,
933 260 981 303 οἵ
1007 276 1059 326 με
1092 259 1273 315 λέγουσι
1302 262 1462 312 κακῶς·

287 331 383 376 ἀλλ’
419 330 536 388 ἥβην
568 328 730 389 ἐρατὴν
762 329 1068 388 ὀλοφύρομαι,
1099 328 1128 387 ἥ
1159 328 1204 387 μ’
1240 331 1470 398 ἐπιλείπει,

344 405 483 447 κλαίω
516 400 558 446 δ’
594 400 816 460 ἀργαλέον
848 405 988 460 γῆρας
1021 400 1329 460 ἐπερχόμενον.

290 532 463 591 Κύρνε,
495 535 689 590 παροῦσι
720 536 894 590 φίλοισι
925 535 1066 577 κακοῦ
1097 532 1438 591 καταπαύσομεν
1470 532 1627 592 ἀρχήν,

350 606 544 663 ζητῶμεν
577 602 618 649 δ’
654 605 770 649 ἕλκει
801 602 1014 663 φάρμακα
1044 604 1269 665 φυομένῳ.

174 750 264 781 1135
286 735 433 788 Ἐλπὶς
463 736 513 780 ἐν
544 734 984 794 ἀνθρώποιςμούνη
1016 734 1125 788 θεὸς
1157 733 1295 792 ἐσθλὴ
1329 738 1516 794 ἔνεστιν,

344 807 474 853 ἄλλοι
506 805 548 852 δ’
586 806 877 865 Οὔλυμπόνδ’
914 806 1254 866 ἐκπρολιπόντες
1293 810 1419 864 ἔβαν·

294 879 428 940 ᾤχετο
461 878 543 936 μὲν
574 882 738 935 πίστις,
770 877 939 936 μεγάλη
964 877 1095 936 θεός,
1128 877 1264 938 ᾤχετο
1297 877 1341 923 δ’
1375 877 1557 938 ἀνδρῶν
1641 891 1711 923 554

354 950 645 1007 σωφροσύνη’
677 948 851 1008 χάριτές
880 947 938 1006 τ’,
969 943 1005 994 ὦ
1037 952 1161 1007 φίλε,
1192 952 1278 1007 γῆν
1310 953 1479 995 ἔλιπον·

176 1109 311 1153 πίομαι
342 1106 562 1152 praeoptat,
597 1104 818 1141 Heimsoeth
853 1103 890 1140 εἰ
911 1102 1083 1150 πέπαμαι
1109 1132 1117 1140 .
1139 1133 1147 1141 .
1169 1132 1177 1141 .
1204 1105 1431 1152 μελεδαίνω,
1465 1105 1514 1142 Μ.
1543 1106 1715 1142 Schmidt

176 1155 339 1191 Stobaeo
366 1154 478 1189 fidem
504 1152 647 1188 habens
674 1151 775 1199 ἔμπα
794 1165 835 1198 γε
859 1149 938 1198 μὴν
959 1163 1048 1188 sane
1074 1151 1293 1198 modestius,
1320 1153 1384 1188 sed
1408 1165 1486 1189 non
1510 1154 1715 1199 reputavit,

179 1214 326 1239 omnem
352 1200 562 1237 sententiae
586 1199 663 1236 vim
689 1200 861 1246 infringi,
894 1200 925 1235 si
949 1201 1065 1246 poeta
1095 1200 1274 1244 reticeat,
1307 1211 1371 1236 cur
1395 1202 1467 1237 hoc
1498 1201 1626 1237 doleat
1650 1212 1714 1238 ve-

179 1251 393 1293 hementer,
430 1248 525 1284 illud
562 1258 683 1293 aequo
721 1248 846 1283 animo
884 1246 992 1283 ferat.
1043 1247 1164 1293 Igitur
1200 1248 1374 1292 verbum,
1412 1249 1451 1284 in
1489 1260 1563 1294 quo
1601 1249 1714 1285 cardo

179 1297 298 1334 omnis
326 1298 503 1341 versatur,
529 1295 806 1331 desideramus:
833 1305 953 1340 neque
973 1306 1060 1331 vero
1079 1296 1215 1341 πίομαι
1233 1295 1318 1331 vitii
1343 1307 1490 1342 expers:
1517 1308 1591 1332 non
1615 1297 1714 1332 tant—

179 1357 289 1392 opere
315 1344 472 1380 offendit
495 1351 511 1378 ῖ
535 1345 707 1388 correpta
733 1344 798 1378 aut
823 1341 1030 1388 praesentis
1062 1343 1183 1388 notio,
1223 1343 1288 1378 sed
1319 1354 1394 1379 non
1425 1343 1617 1390 intelligo,
1649 1355 1714 1380 cur

178 1394 308 1439 poeta,
343 1404 426 1427 cum
460 1390 589 1426 vinum
625 1390 791 1426 omnium
825 1402 997 1426 curarum
1032 1389 1082 1425 sit
1114 1390 1339 1435 remedium,
1374 1391 1477 1427 dicat
1513 1392 1714 1428 senectutis

178 1440 388 1487 ingruentis
423 1437 715 1475 sollicitudinem
752 1437 891 1474 Bacchi
923 1448 1077 1473 munere
1110 1449 1186 1473 non
1219 1437 1352 1484 frangi.
1402 1437 1586 1484 Equidem
1625 1439 1716 1475 scri-

178 1488 318 1535 pserim
350 1486 393 1523 εἰ
424 1485 642 1532 πνέομαι,
673 1487 806 1530 πενίης
833 1482 1095 1531 θυμοφθόρον
1128 1481 1174 1521 οὐ
1205 1486 1431 1532 μελεδαίνω,
1463 1486 1487 1523 i.
1521 1498 1551 1522 e.
1588 1498 1715 1523 amore

179 1537 342 1582 flagrans
366 1545 487 1580 neque
512 1534 774 1579 paupertatem
793 1543 914 1578 neque
933 1532 1169 1569 inimicorum
1190 1533 1358 1569 convicia
1386 1545 1485 1577 curo,
1506 1534 1570 1570 sed
1589 1533 1719 1570 iuven-

181 1584 273 1620 tutis
297 1583 428 1619 florem
453 1582 630 1618 amissum
656 1582 776 1617 doleo.
820 1585 932 1617 πνεῖν
957 1580 1057 1616 idem
1083 1582 1152 1626 est,
1178 1581 1276 1626 quod
1304 1578 1408 1627 ἐρᾶν,
1434 1581 1522 1626 (vid.
1550 1582 1720 1625 Theocr.)

180 1632 278 1667 unde
311 1631 425 1667 etiam
458 1628 625 1666 εἰσπνεῖν
664 1629 890 1675 (εἴσπνηλος)
928 1630 968 1664 et
1006 1625 1162 1674 ἐμπνεῖν
1201 1628 1289 1674 (vid.
1326 1617 1501 1675 Hesych.)
1534 1629 1719 1666 dicuntur.

184 1678 304 1714 Huius
332 1677 434 1714 verbi
459 1677 585 1713 media
615 1677 736 1712 forma
766 1675 875 1712 licuit
905 1676 1042 1722 poetae
1071 1676 1146 1720 uti,
1179 1677 1493 1721 quemadmodum
1520 1675 1660 1723 ἔραμαι
1683 1679 1722 1713 et

185 1724 257 1772 ε’ρῶ
293 1726 476 1762 dicuntur.
528 1724 689 1760 Omnino
719 1723 894 1759 videntur
926 1722 1149 1768 Colophonii
1180 1724 1322 1760 medias
1354 1724 1551 1760 verborum
1582 1724 1721 1761 formas

180 1773 490 1820 frequentavisse‚
516 1772 699 1818 siquidem
725 1773 859 1818 poetae
883 1770 990 1806 illinc
1016 1770 1166 1806 oriundi
1185 1772 1390 1817 peculiaria
1415 1772 1598 1817 quaedam
1621 1783 1720 1808 usur-

181 1823 290 1868 pant,
325 1821 430 1857 velut
454 1819 700 1855 Antimachus
729 1815 969 1864 νωμήσαντο,
1002 1819 1291 1863 Hermesianax,
1330 1818 1376 1854 de
1421 1830 1495 1864 quo
1527 1820 1603 1855 iam
1629 1820 1720 1856 olim

181 1869 311 1905 monui
345 1868 384 1904 in
420 1879 554 1904 comm.
589 1867 637 1902 ad
674 1866 840 1902 eiusdem
879 1867 974 1912 eleg.
1006 1878 1040 1902 v.
1076 1870 1140 1910 29,
1180 1866 1353 1912 inprimis
1379 1866 1584 1911 Nicander,
1619 1867 1724 1904 velut

183 1914 482 1962 ε’νθρύπτεσθαι,
508 1915 815 1960 καταρτίζεσθαι,
841 1911 1147 1959 καταψήχεσθαι,
1168 1912 1416 1959 νομάζεσθαι,
1438 1912 1722 1960 συμφύρεσθαι,

185 1962 449 2011 φορύσσεσθαι
475 1962 561 2007 alia,
583 1963 648 1998 sed
669 1959 926 2007 ἐντρέφεσθαι
945 1961 1076 2007 (etium
1096 1961 1362 1997 Hermesianax
1382 1960 1594 2007 τρέφεσθαι
1613 1962 1721 2006 dixit)

184 2013 470 2066 segregandum,
497 2022 570 2056 quo
589 2010 668 2046 iam
688 2010 872 2045 Hesiodus
890 2020 980 2044 usus
1007 2011 1074 2053 est,
1100 2021 1145 2044 ac
1169 2007 1381 2055 τρέφεσθαι
1407 2009 1522 2047 etiam
1540 2009 1579 2045 in
1599 2011 1725 2046 Theo-

186 2060 332 2107 gnideis
365 2072 398 2096 v.
426 2063 496 2095 276
527 2058 676 2104 legitur.
717 2079 759 2083 —
795 2057 839 2092 V.
876 2061 978 2093 1133.
1011 2057 1174 2102 παροῦσι
1211 2056 1346 2092 vitium
1377 2057 1579 2102 contraxit,
1611 2059 1725 2104 poeta

187 2107 400 2154 scripsisset
424 2103 549 2152 Κύρνε
577 2106 700 2151 φίλοις
723 2105 919 2150 παρεοῦσι,
946 2104 1046 2149 quod
1072 2104 1187 2139 etiam
1213 2115 1338 2140 versus
1363 2104 1509 2140 numeri
1540 2116 1724 2141 commen-

188 2156 296 2200 dant,
335 2155 399 2190 sed
433 2156 558 2200 ipsum
592 2153 816 2189 vocabulum
851 2152 898 2187 ab
931 2152 1002 2187 hoc
1033 2151 1118 2187 loco
1143 2151 1324 2195 alienum;
1362 2152 1428 2187 sed
1451 2164 1527 2188 non
1559 2152 1727 2199 suppetit

188 2202 395 2250 probabilis
419 2201 624 2245 medicina3
657 2212 743 2236 nam
771 2201 895 2245 φίλοις
924 2200 1128 2244 πωροῦσι
1164 2200 1357 2245 (πωρεῦσι)
1382 2210 1458 2234 non
1483 2200 1602 2244 ausim
1628 2211 1727 2236 com-

189 2250 379 2294 mendare,
406 2254 633 2295 quamquam
660 2247 870 2284 obsoletum
895 2247 1050 2283 verbum
1075 2251 1216 2292 πωρεῖν
1241 2247 1428 2283 testantur
1451 2247 1660 2292 Hesychius
1689 2249 1728 2283 et

195 2298 340 2342 Suidas,
367 2299 431 2342 qui
450 2297 552 2332 Eleis
580 2295 764 2341 attribuit,
786 2295 1009 2331 auctoritate
1029 2296 1156 2330 autem
1177 2295 1397 2330 destitutum
1417 2296 1602 2341 παραῦθι,
1629 2295 1727 2340 quod

192 2346 311 2382 Attici
337 2342 513 2391 παραυτά
539 2344 601 2379 vel
625 2344 840 2389 παραυτίκα
866 2342 1005 2378 dicunt.
1055 2342 1185 2387 Neque
1212 2342 1277 2378 alii
1302 2342 1514 2388 probabi-lia,
1539 2343 1728 2389 excogita-

192 2395 342 2430 verunt:
365 2392 621 2438 O.Schneider
640 2391 812 2434 πονοῦσι,
832 2390 881 2425 Μ.
904 2389 1074 2425 Schmidt
1091 2390 1273 2435 παθοῦσι,
1303 2392 1451 2436 Sauppe
1471 2387 1606 2435 Κύρν’,
1632 2388 1726 2426 ἄπο-

194 2442 312 2487 ροῦσι,
338 2441 565 2476 Herwerden
592 2435 769 2484 ἑτάροισι.
800 2460 840 2464 --
870 2439 1022 2483 φίλοισι,
1046 2436 1061 2471 1
1085 2438 1219 2482 φίλοις.
1242 2459 1284 2463 -
1306 2438 1348 2472 V.
1372 2441 1470 2473 1135>
1490 2437 1600 2474 affert
1624 2438 1728 2475 Stob.

195 2490 257 2525 CX
280 2493 333 2524 12.
360 2489 490 2534 Apost.
509 2487 573 2522 VII
599 2487 623 2522 1.
645 2498 676 2523 c.
697 2507 740 2512 --
761 2482 982 2531 ἀνθρώποις
1001 2482 1122 2530 μούνη
1145 2485 1247 2527 Stob.
1263 2487 1344 2530 Ap.,
1371 2482 1611 2530 ἀνθρώποισι
1628 2482 1726 2531 μόνη

195 2538 309 2582 vulgo
336 2537 374 2572 et
405 2535 512 2571 codd.
539 2555 583 2560 —
611 2532 768 2578 ἔνεστιν,
795 2533 958 2569 Sintenis
986 2529 1040 2568 ἔτ’
1069 2529 1179 2568 ἐστίν.
1206 2553 1250 2558 --
1276 2532 1321 2567 V.
1349 2536 1451 2568 1136.
1479 2529 1727 2578 Οὔλυμπόνδ’

196 2584 364 2628 Brunck,
398 2583 486 2618 libri
520 2579 744 2628 Οὔλυμπον,
775 2582 905 2617 contra
935 2581 1096 2616 Leutsch
1130 2577 1334 2626 Οὔλυμπον
1365 2580 1447 2625 γῆν
1484 2577 1730 2626 προλιπόντες

196 2631 364 2678 requirit,
401 2631 462 2666 cui
487 2629 689 2675 suspicioni
714 2629 815 2674 quod
846 2628 1021 2664 continuo
1054 2627 1289 2673 subsequitur
1326 2628 1396 2672 γῆν
1435 2626 1563 2663 ἔλιπον
1600 2628 1729 2664 adver-

199 2683 313 2716 satur.
354 2676 644 2724 ἐκπρολιπόντες
668 2688 741 2712 non
768 2677 823 2712 est
848 2675 1138 2720 sollicitandum,
1170 2675 1318 2721 repetas
1344 2686 1389 2709 ex
1413 2675 1581 2721 proximo
1606 2675 1728 2721 priore

198 2741 232 2763 v.
264 2724 511 2773 ἀνθρώπους,
549 2726 594 2762 cf.
628 2724 778 2760 Hesiod.
812 2723 880 2770 Op.
915 2727 982 2759 197
1015 2723 1079 2758 καὶ
1116 2719 1199 2759 τότε
1232 2720 1279 2766 δὴ
1313 2719 1407 2767 πρὸς
1435 2718 1625 2768 Ὄλυμπον
1651 2720 1727 2759 ἀπὸ

199 2772 340 2821 χθόνος
367 2802 373 2809 .
396 2802 403 2809 .
425 2803 433 2811 .
466 2771 676 2809 ἀθανάτων
709 2768 802 2818 μετὰ
835 2771 956 2816 φῦλον
987 2772 1068 2806 ἴτον
1099 2765 1316 2817 προλιπόντ’
1351 2766 1582 2815 ἀνθρώπους
1612 2768 1729 2811 αἰδὼς

200 2822 265 2858 καὶ
289 2822 449 2868 νέμεσις.
476 2842 519 2847 -
546 2821 590 2858 V.
621 2825 722 2857 1137.
748 2819 869 2859 πίστις
893 2818 1041 2864 scripsi,
1073 2820 1111 2855 et
1142 2818 1190 2854 ad
1221 2817 1380 2854 eundem
1411 2817 1563 2853 modum
1596 2818 1730 2854 deinde

201 2867 425 2927 σωφροσύνη
453 2872 491 2905 et
515 2866 675 2915 χάριτες,
700 2867 815 2913 vulgo
841 2868 983 2912 Πίστις,
1009 2864 1259 2912 Σωφροσύνη,
1277 2862 1455 2910 Χάριτες.
1484 2886 1526 2891 --
1554 2865 1597 2903 V.
1627 2869 1728 2901 1138.

178 2915 298 2962 ”τ,δ
340 2917 364 2951 l.
