1890 3216
742 207 1090 245 ARISTOTELES.
1594 204 1678 248 341

138 319 200 376 (et
223 323 320 364 ibid.
345 336 382 374 p.
405 325 447 363 7:
481 336 574 362 nam
599 322 707 371 haec,
734 334 836 373 quae
868 322 991 372 vulgo
1018 320 1148 360 Procli
1174 331 1319 360 nomen
1343 332 1440 370 prae
1466 331 1510 359 se
1535 319 1682 369 ferunt,

139 391 304 431 Tzetzae
338 392 443 438 sunt,
475 389 566 430 vide
599 402 700 440 quae
733 388 814 427 dixi
845 389 895 427 ad
929 387 1043 427 Pind.
1075 400 1111 438 p.
1141 387 1238 436 479,
1271 386 1390 437 idque
1423 385 1547 425 etiam
1577 385 1682 424 Rose

126 451 443 516 animadvertit)
464 450 727 507 Ἀριστοτέλης
744 449 820 508 γὰρ
847 448 869 494 ὁ
895 449 1130 505 φιλόσοφος,
1163 454 1312 505 μᾶλλον
1338 449 1382 492 δὲ
1407 446 1517 503 οἶμαι
1541 444 1563 491 ὁ
1589 445 1682 499 τοὺς

137 520 325 571 Πέπλους
362 517 574 572 συντάξας,
619 519 663 560 ἐν
701 522 747 575 τῇ
780 515 1041 572 Ὀρχομενίων
1077 518 1252 574 πολιτείᾳ
1282 520 1358 558 κτλ.
1417 517 1610 568 Repperit
1639 516 1682 555 in

138 589 270 630 Procli
301 588 589 628 commentario
622 587 671 626 ad
705 585 871 625 Hesiodi
898 584 971 635 Op.
1001 585 1085 624 635
1121 579 1175 632 ὥς
1205 581 1272 623 καὶ
1293 579 1558 636 Ἀριστοτέλης
1582 580 1679 634 φησὶ

136 650 306 710 γράφων
329 650 402 706 τὴν
422 650 684 706 Ὀρχομενίων
710 650 926 702 πολιτείαν,
955 652 997 690 et
1022 653 1068 690 ut
1094 651 1222 691 critici
1249 662 1412 689 munere
1438 648 1554 700 fungi
1572 649 1683 689 vide-

140 722 272 771 retur,
303 722 420 761 homo
453 722 643 761 ventosus
676 718 867 758 audacter
894 713 1157 770 Ὀρχομενίων
1187 715 1406 767 πολιτείαν,
1439 715 1551 755 cuius
1583 714 1681 753 fides

137 800 219 828 non
248 787 379 839 magis
406 786 649 826 dubitationi
675 784 854 832 obnoxia,
888 796 1008 835 quam
1035 782 1202 835 Σαμίων
1226 781 1416 831 πολιτεία,
1442 781 1682 832 philosopho

139 849 452 906 abiudicavit*),
496 864 598 903 quae
636 850 772 890 iudicii
812 850 958 889 levitas
996 862 1085 890 cum
1123 848 1304 900 graviter
1343 849 1397 888 sit
1435 846 1682 898 castiganda,

138 923 274 960 tamen
311 919 417 971 quod
454 919 560 957 inter
596 917 879 968 philosophum
925 918 967 954 et
1009 915 1332 966 peplographum
1376 914 1477 953 nihil
1512 913 1682 953 necessi-

139 986 290 1026 tudinis
321 984 567 1025 intercedere
602 984 797 1032 testatur,
829 993 909 1021 non
940 982 1105 1032 temere,
1138 981 1209 1020 sed
1234 980 1360 1019 alium
1386 981 1593 1027 auctorem
1624 992 1683 1019 se-

138 1054 254 1092 cutus
286 1051 422 1091 edixit.
472 1050 608 1100 Atque
639 1048 680 1088 id
711 1049 845 1099 ipsum
876 1047 1136 1087 confirmatur
1166 1045 1401 1086 testimonio
1434 1044 1682 1085 Scholiastae

139 1117 331 1158 Aristidis
363 1116 408 1155 Τ.
440 1115 504 1154 III
535 1129 573 1166 p.
607 1117 710 1155 323:
742 1110 890 1166 ταύτην
919 1109 994 1165 τὴν
1024 1108 1134 1161 τάξιν
1173 1111 1228 1160 εἰς
1257 1108 1433 1160 πέπλους
1471 1107 1681 1159 συνθεὶςὸ

133 1179 396 1236 Ἀριστοτέλης
427 1179 581 1230 ἐξέθετο
601 1182 679 1221 τῶν
698 1175 873 1233 ἆρχαίων
898 1177 964 1218 καὶ
990 1180 1171 1219 παλαιῶν
1196 1174 1376 1232 ἀγώνων.
1409 1178 1515 1229 quod
1535 1176 1683 1216 mirum

139 1252 203 1290 est
232 1262 361 1301 genus
394 1248 567 1288 dicendi:
601 1247 756 1287 correxi
787 1246 884 1286 olim
917 1239 937 1284 ὅ
969 1241 1079 1294 τοὺς
1104 1243 1317 1293 πέπλους
1342 1241 1545 1292 συνθεὶς
1564 1238 1682 1295 Ἀρι-

139 1313 367 1367 στοτέλης.
419 1315 542 1366 atque
580 1314 699 1365 plane
730 1313 790 1352 ita
827 1311 1022 1369 scriptum
1053 1312 1096 1350 in
1127 1312 1210 1352 cod.
1243 1312 1383 1359 Μαῖα,
1421 1323 1539 1362 quem
1578 1311 1683 1350 Rose

59 1413 62 1415 Α
138 1384 281 1434 postea
317 1381 493 1432 inspexit
524 1375 668 1435 (Arist.
700 1379 897 1428 Pseudep.
930 1372 1049 1431 566).
1114 1377 1229 1424 Quod
1273 1378 1306 1416 si
1339 1377 1428 1428 quis
1468 1376 1683 1427 existimet,

138 1449 272 1505 nobis,
304 1448 372 1499 qui
403 1447 565 1498 praeter
591 1446 689 1485 haec
721 1445 840 1484 exilia
865 1443 1162 1495 epigrammata
1184 1444 1318 1483 nullas
1343 1443 1429 1482 fere
1453 1442 1568 1493 Pepli
1593 1443 1683 1482 reli-

140 1516 254 1567 quias
287 1525 543 1564 usurpamus,
574 1512 642 1552 vix
673 1513 793 1552 licere
825 1511 928 1550 hanc
960 1510 1238 1561 quaestionem
1270 1510 1447 1559 solvere,
1480 1522 1575 1548 sane
1606 1509 1684 1548 lar-

139 1582 229 1633 gior
259 1580 440 1632 potuisse
471 1577 757 1630 philosophum
788 1576 969 1617 miscella
999 1578 1240 1627 argumenta
1271 1589 1319 1615 ex
1349 1576 1525 1616 fabulari
1556 1576 1683 1615 histo-

139 1648 200 1688 ria
231 1646 282 1687 ad
307 1647 470 1686 modum
495 1642 647 1684 πέπλου
674 1644 823 1683 selecta
854 1644 1116 1695 pertractare,
1149 1642 1220 1682 sed
1249 1642 1545 1694 epitaphiorum
1570 1643 1683 1683 lusus

140 1714 345 1765 sophistae
383 1710 543 1763 ingenio
583 1723 704 1761 quam
740 1709 970 1760 philosophi
1008 1709 1139 1760 magis
1180 1709 1385 1749 convenit:
1423 1709 1511 1760 ipsa
1548 1711 1684 1748 autem

140 1779 435 1831 epigrammata
467 1790 515 1816 ex
545 1776 670 1827 Peplo
703 1775 898 1826 repetita,
931 1788 1034 1826 quae
1067 1775 1189 1814 etiam
1214 1788 1320 1814 nunc
1346 1777 1498 1828 extant,
1528 1775 1684 1815 Aristo—

138 1846 220 1887 tele
250 1845 370 1897 plane
401 1843 567 1894 indigna
597 1837 779 1895 sunt**>.
838 1841 953 1888 Quod
985 1841 1019 1880 si
1050 1841 1285 1881 idoneorum
1317 1841 1483 1880 testium
1515 1841 1684 1881 auctori-
1698 1840 1767 1873 649

138 1913 225 1950 tate
256 1911 477 1958 constaret,
514 1906 798 1958 philosophum
830 1906 1000 1957 Peplum
1034 1908 1261 1960 scripsisse,
1293 1907 1535 1947 censendum
1567 1908 1684 1957 foret,

139 1976 264 2016 alium
297 1988 415 2027 quem
439 1976 580 2025 postea
604 1974 702 2012 haec
729 1972 934 2023 epitaphia
958 1987 983 2013 a
1008 1988 1051 2013 se
1076 1974 1235 2014 condita
1260 1974 1390 2014 alieno
1423 1974 1535 2024 operi
1560 1974 1683 2013 inter-

139 2042 332 2092 texuisse3
358 2053 463 2080 nunc
489 2053 577 2080 cum
598 2041 755 2079 constet
779 2039 859 2078 iam
884 2041 1043 2079 veteres
1076 2040 1234 2080 criticos
1254 2039 1488 2079 Aristotelis
1515 2039 1685 2089 Peplum

138 2109 180 2147 in
211 2107 651 2158 pseudepigraphorum
682 2118 895 2144 numerum
926 2107 1145 2155 rettulisse,
1176 2107 1297 2145 istam
1324 2105 1591 2156 suspicionem
1617 2105 1685 2144 ab·

138 2174 317 2214 iiciemus
350 2175 393 2212 et
422 2173 654 2212 universum
686 2186 785 2224 opus
825 2172 1038 2212 Aristoteli
1074 2172 1313 2222 philosopho
1350 2170 1684 2222 abiudicabimus,

138 2241 179 2279 id
217 2239 323 2290 quod
360 2238 483 2278 etiam
523 2238 564 2278 C.
597 2239 745 2277 Muller
785 2233 870 2291 (Fr.
912 2237 1013 2277 Hist.
1044 2237 1086 2276 II
1121 2239 1204 2277 188
1232 2231 1334 2290 seq.)
1372 2238 1413 2275 et
1445 2235 1560 2275 Heitz
1598 2231 1683 2289 (die

139 2306 376 2345 verlorenen
413 2303 615 2343 Schriften
652 2304 722 2343 des
760 2303 930 2343 Aristot.
968 2317 1006 2354 p.
1040 2305 1124 2343 296
1155 2299 1259 2355 seq.)
1297 2304 1470 2342 censent.
1540 2301 1683 2352 Operis

117 2496 120 2501 .
238 2467 273 2514 *)
299 2468 490 2504 Fortasse·
510 2465 662 2502 'rzetzes
696 2478 780 2502 cum
818 2466 1051 2513 epigramma
1082 2465 1195 2509 illud,
1235 2465 1335 2510 quod
1374 2463 1537 2500 Pindaro
1567 2463 1684 2500 tribui

145 2517 242 2554 solet
255 2515 342 2560 (vid.
353 2520 465 2561 supra
477 2513 575 2550 vol.I
589 2515 729 2560 p.479),
743 2517 861 2560 Χαῖρε
877 2514 935 2555 δὶς
947 2510 1092 2561 ἡβήσας
1105 2516 1179 2548 κτλ.
1194 2513 1232 2548 in
1246 2511 1343 2548 libro
1358 2513 1404 2548 de
1419 2511 1684 2548 Orchomenio-

145 2577 227 2601 rum
252 2562 449 2609 republica.
473 2562 703 2608 adscriptum
733 2562 849 2599 fuisse
881 2561 1034 2608 legisset
1063 2561 1240 2606 idemque
1271 2559 1504 2606 poematium
1535 2559 1575 2595 in
1607 2559 1684 2606 epi-

145 2613 398 2659 grammatum
430 2610 575 2656 sylloge
608 2621 653 2645 ex
685 2610 801 2657 Peplo
835 2609 958 2656 petita
988 2609 1065 2656 legi
1095 2604 1441 2651 animadvertisset,
1478 2607 1564 2643 inde
1597 2619 1683 2644 con-

146 2662 328 2697 iecturam
355 2657 446 2695 fecit
471 2669 567 2703 eum,
589 2657 653 2704 qui
674 2658 831 2705 Peplum
852 2656 1127 2704 conscripserit,
1148 2657 1262 2692 etiam
1283 2656 1329 2692 de
1351 2655 1683 2692 Orchomeniorum

145 2707 338 2754 republica
381 2707 676 2742 commentatum
721 2717 800 2742 esse
816 2735 825 2751 ,
867 2705 996 2750 itaque
1041 2705 1140 2740 hunc
1186 2715 1334 2749 quoque
1380 2703 1518 2738 librum
1560 2703 1683 2749 philo-

147 2755 280 2838 sophob
296 2752 540 2790 abiudicavit.
579 2754 701 2800 Atque
727 2754 844 2790 etiam
869 2753 908 2790 O.
934 2753 1070 2788 Mfiller
1095 2753 1258 2798 (Fragm.
1285 2751 1379 2787 Hist.
1406 2750 1441 2786 II
1467 2752 1550 2796 144)
1583 2751 1683 2787 idem

146 2802 262 2840 statui
281 2832 290 2839 .

242 2849 297 2896 **)
322 2849 407 2886 Non
433 2850 535 2886 recte
561 2861 617 2896 ep.
645 2853 690 2886 64
715 2861 804 2885 usus
832 2848 873 2885 Ο.
902 2848 995 2884 Iahn
1026 2847 1066 2883 in
1098 2846 1346 2893 descriptione
1371 2846 1510 2883 vascul.
1538 2847 1682 2883 Monac.

147 2911 183 2945 p.
199 2897 349 2934 CXXIV
377 2896 569 2934 existimat
599 2897 744 2934 vasculi
774 2896 957 2942 pictorem
987 2896 1057 2932 hos
1088 2894 1292 2931 versiculos
1322 2905 1367 2930 ex
1398 2895 1515 2940 Peplo
1546 2894 1682 2941 repeti·

148 2946 248 2999 visse
283 2957 327 2981 ac
357 2944 434 2982 iam
466 2946 556 2981 tunc
588 2944 847 2980 Aristotelium
881 2943 979 2990 quod
1012 2942 1149 2979 dicitur
1181 2954 1273 2990 opus
1304 2955 1372 2979 usu
1398 2940 1535 2978 ⁴tritum
1567 2942 1681 2979 fuisse

148 2995 369 3040 suspicatur.
