1890 3216
813 195 1072 234 THEOGNIS.
1628 196 1711 239 139

272 300 366 348 Οὐκ
397 304 518 347 ἔστιν
551 302 764 360 φεύγοντι
796 307 927 361 φίλος
958 304 1031 349 καὶ
1063 303 1216 358 πιστὸς
1248 305 1436 364 ἑταῖρος·

175 385 245 429 210
329 376 405 432 τῆς
437 372 486 420 δὲ
518 377 664 432 φυγῆς
697 375 818 421 ἐστὶν
850 374 970 422 τοῦτ’
1007 374 1316 435 ἀνιηρότατον.

275 479 416 528 Οἶνόν,
446 499 515 527 τοι
548 485 694 527 πίνειν
726 489 902 529 πουλυν
933 484 1090 529 κακόν·
1122 482 1179 543 ἢν
1211 485 1264 531 δέ
1292 502 1358 538 τις
1389 483 1528 530 αὐτόν

330 557 437 614 πίνῃ
470 555 791 613 ἐπισταμένως,
825 555 880 625 οὐ
911 556 1069 613 κακός,
1102 556 1199 603 ἀλλ’
1234 556 1419 615 ἀγαθός.

270 661 446 721 Κύρνε,
478 666 640 719 φίλους
670 663 782 708 κάτα
813 664 983 718 πάντας
1015 667 1248 724 ἐπίστρεφε
1281 668 1485 711 ποικίλον
1516 659 1652 723 ἦθος,

331 733 473 793 ὀργὴν
506 738 770 793 συμμίσγων
802 734 944 793 ἥντιν’
982 737 1164 790 ἕκαστος
1195 740 1294 796 ἔχει.

273 866 318 906 V,
345 871 426 904 209.
453 871 523 903 210
548 866 688 913 repetit
703 836 744 903 ‘A
769 868 856 913 post
881 880 915 905 v.
942 873 1023 905 332.
1118 865 1188 905 ούκ
1216 867 1316 905 ἔστιν
1341 869 1474 916 scripsi
1499 881 1543 905 ex
1570 871 1601 905 A
1629 866 1713 914 (οὐκ

125 952 127 954 ,
177 912 286 961 ἐστι),
324 915 390 960 qui
419 914 518 951 infra
548 915 592 950 ut
616 926 730 961 saepe
755 926 973 961 germanam
1005 916 1206 952 lectionem
1233 917 1413 961 servavit,
1452 929 1564 963 quam
1597 918 1712 953 etiam

176 962 347 999 Clemens
369 961 439 999 Str.
456 962 506 997 VI
531 974 571 1021 p.
589 966 659 998 620
679 963 934 1000 commendat.
959 962 1073 1000 πάλιν
1095 964 1301 1010 Θεόγνιδος
1326 977 1395 1010 μεν
1422 965 1613 1022 λέγοντος·
1642 962 1710 1001 οὐκ

174 1010 276 1048 ἔστιν
302 1023 343 1055 φ.
370 1023 410 1056 φ.
431 1024 464 1046 κ.
491 1023 528 1047 π.
551 1006 710 1055 ἑταῖρος,
736 1007 949 1070 Εὐριπίδης
974 1013 1198 1058 πεποίηκεν·
1227 1011 1382 1058 Πένητα
1409 1010 1545 1058 φεύγει
1566 1013 1639 1053 πᾶς
1658 1027 1713 1054 τις

175 1056 348 1096 ἐκποδὼν
369 1059 488 1116 φίλος.
518 1057 590 1094 Ηίο
603 1069 731 1094 omnes
757 1059 864 1095 codd.
889 1057 1016 1101 οὐδείς
1041 1073 1109 1095 τοι.
1135 1081 1182 1087 —-
1207 1060 1251 1096 V.
1273 1065 1352 1096 210.
1381 1072 1459 1096 εστι
1484 1059 1546 1095 hic
1565 1060 1609 1103 A,
1637 1059 1714 1096 ἔστι

173 1107 215 1144 Ο.
250 1126 294 1133 -
327 1103 577 1161 ανιηρὸτατον
609 1107 640 1141 Α
671 1106 786 1150 infra,
818 1107 881 1143 hic
914 1119 1042 1144 omnes
1074 1104 1333 1154 ἀνιηρότερον.
1367 1128 1412 1134 —
1451 1109 1493 1144 V.
1529 1112 1609 1145 211.
1642 1113 1712 1144 212

171 1157 284 1192 antea
322 1153 499 1191 cancellis
534 1154 655 1200 saepsi
687 1136 851 1199 (Bruhck
882 1155 994 1202 plane
1027 1156 1272 1202 segregavit),
1311 1156 1450 1202 legitur
1482 1156 1581 1192 enim
1615 1155 1714 1192 infra.

171 1205 314 1240 ν.509.
345 1205 388 1238 10
421 1202 608 1237 distichon
638 1202 805 1238 eiusdem
839 1204 1070 1250 argumenti,
1104 1204 1204 1250 quod
1237 1203 1436 1249 pristirfam
1468 1204 1629 1261 speciem
1656 1215 1712 1239 re-

170 1250 303 1295 tinuit,
342 1260 438 1306 quae
475 1249 537 1286 hic
575 1249 778 1286 immutata.
815 1253 880 1287 est.
916 1272 959 1278 —
993 1253 1119 1288 πίνειν
1150 1250 1312 1297 πουλὺν,
1349 1264 1375 1297 g
1400 1249 1544 1287 πουλὺν
1576 1253 1713 1295 πίνειν,

171 1298 238 1335 AO
263 1278 394 1334 πολὺν.
422 1318 467 1324 -
494 1297 537 1334 V.
553 1301 634 1333 212.
661 1299 765 1334 πίνει
785 1298 826 1335 Ο.
854 1319 898 1325 -
924 1300 968 1335 V.
990 1305 1071 1336 213.
1098 1304 1168 1335 214
1195 1300 1368 1335 videntur
1394 1311 1483 1335 sane
1510 1310 1554 1334 ex
1580 1299 1712 1335 eadem

171 1345 296 1392 elegia
318 1344 432 1400 petiti
457 1356 550 1390 esse,
577 1356 623 1381 ex
648 1357 722 1392 qua
747 1347 905 1392 proximi
931 1360 1071 1393 versus,
1098 1348 1225 1383 confer
1251 1347 1348 1383 infra
1366 1359 1397 1383 v.
1424 1351 1567 1383 1071-
1579 1351 1612 1388 4
1636 1358 1712 1382 non

171 1395 301 1430 tamen
326 1392 503 1429 continuo
524 1393 786 1451 coniungendi.
803 1414 847 1420 —-
867 1395 911 1430 V.
924 1399 1004 1433 213
1032 1377 1169 1441 Κύρνε,
1188 1394 1290 1441 θυμὲ
1312 1397 1353 1431 Α.
1377 1415 1420 1421 -
1440 1391 1538 1430 κάτα
1551 1394 1710 1439 Bekker,

170 1441 259 1478 libri
283 1443 328 1477 ut
357 1440 506 1477 videtur
531 1438 628 1476 κατὰ
654 1441 701 1486 (Α
721 1444 846 1500 κατα).
873 1463 919 1469 —-
950 1443 994 1479 V.
1022 1447 1093 1479 214
1124 1442 1356 1479 numerosior
1380 1443 1423 1478 fit
1447 1454 1575 1478 versus
1600 1453 1709 1478 voca-

170 1489 270 1526 bulis
293 1488 463 1524 traiectis
495 1490 760 1534 συμμίσγων
793 1503 872 1536 οργ
881 1504 953 1549 ην
986 1491 1032 1528 ef.
1058 1503 1093 1527 v.
1121 1495 1189 1526 312
1216 1488 1410 1535 γινώσκων
1443 1487 1560 1536 ὀργὴν
1587 1486 1710 1535 ἥντιν’

172 1536 330 1577 ἕκαστος
356 1534 396 1582 ἔχ
399 1549 445 1579 ει,
470 1548 505 1572 v.
535 1540 625 1572 1072
658 1535 891 1583 συμμισγων’
909 1536 1043 1596 ὀργὴν
1076 1537 1155 1579 οἷος
1187 1537 1342 1579 ἕκαστος
1374 1536 1460 1583 ἔφυ.
1490 1559 1531 1564 -
1560 1537 1603 1573 V.
1630 1541 1711 1574 215.

171 1589 242 1621 216
268 1549 684 1630 affertzAihenNHp
716 1589 791 1621 317
817 1585 867 1622 A:
895 1584 944 1627 ὡς
972 1587 1037 1622 καὶ
1064 1585 1083 1622 ὁ
1111 1585 1314 1631 Μεγαρεὺς
1342 1584 1501 1631 Θέογνίς
1526 1597 1642 1631 φησιν
1669 1583 1711 1621 ἐν

172 1637 254 1674 ταῖς
279 1629 479 1678 ἐλεγείαις·
513 1597 719 1668 Πουλύπου
747 1661 755 1669 .
806 1629 987 1693 ..Quinem
1020 1632 1159 1691 ὁμοίως
1191 1632 1335 1691 ἱστορεῖ
1360 1633 1426 1669 καὶ
1451 1632 1643 1690 Κλέαρχος
1668 1630 1710 1669 ἔν

171 1679 336 1726 δευτέρῳ
362 1679 450 1723 περὶ
473 1680 687 1737 παροιμιῶν
704 1680 1028 1740 παρατιθέμενος
1059 1680 1150 1718 τάδε
1183 1678 1229 1717 τὰ
1254 1681 1354 1740 ἔπῃ,
1386 1679 1431 1717 οὖ
1465 1682 1587 1727 δηλῶν
1621 1694 1710 1716 οτου

172 1725 266 1765 ἔστί·
293 1724 545 1768 Πουλύποὸός
576 1740 641 1783 μοι
671 1727 806 1764 τέκνον
841 1728 936 1775 ἔχων
964 1728 1054 1766 νόον
1077 1726 1263 1775 Ἀμφίλοχ’
1297 1725 1413 1774 ἥρως,
1448 1733 1565 1764 τοῖσιν
1593 1725 1710 1773 ἐφαρ-

170 1773 299 1833 μόζου,
317 1775 392 1810 τῶν
411 1787 479 1810 κεν
499 1772 596 1811 κατὰ
605 1775 777 1834 ὃῆμον”’
757 1790 875 1834 ικηαι,
895 1780 934 1814 et
953 1790 1078 1813 rursus
1097 1777 1247 1813 initium
1268 1776 1422 1813 adhibet
1436 1776 1506 1812 XII
1522 1788 1554 1822 p.
1571 1780 1639 1811 513
1661 1776 1709 1811 D.

169 1823 234 1860 καὶ
260 1819 280 1860 5
310 1821 471 1868 Θέογνις
495 1819 691 1859 πουλύπου
718 1821 836 1870 ὀργὴν
863 1826 941 1871 ἴσχε
969 1823 1220 1861 πολυπλόκου.
1260 1823 1380 1860 Affert
1405 1835 1514 1870 porro
1544 1823 1641 1859 Plut.
1663 1824 1709 1859 de

169 1871 320 1908 amicor.
346 1870 453 1927 11111115.
481 1881 510 1907 0.
545 1874 584 1906 9:
616 1873 831 1916 καταγελᾶν
862 1874 930 1909 τοῦ
943 1871 1170 1930 Θεόγνιδος
1200 1873 1495 1918 παραινοῦντος·
1529 1874 1567 1907 H
1576 1869 1711 1907 ουλυ-

169 1919 309 1960 ποδος
333 1915 444 1954 νόον
471 1918 568 1976 ἴσχε
594 1917 908 1965 πολύφρονος,
941 1916 989 1961 ὃς
1013 1920 1119 1956 ποτὶ
1144 1919 1302 1967 πέτρῃ,
1328 1920 1469 1966 τῇπερ
1497 1916 1710 1980 ὁμιλήσῃ,

169 1971 294 2008 τοῖος
313 1964 434 2002 ἰδεῖν
455 1962 616 2024 ἐφάνη.
644 1967 684 2002 et
701 1967 748 2002 de
768 1969 894 2004 solert.
915 1968 1064 2004 animal.
1088 1980 1116 2004 c.
1139 1973 1202 2004 27.
1223 1968 1288 2004 καὶ
1310 1969 1502 2025 Θέογνις
1522 1964 1706 2022 ὁμοίως·

170 2011 472 2054 Πουλύποὸος
506 2011 614 2050 νόον
652 2015 747 2060 ἴσχε
783 2014 1041 2062 πολυχρόου
1077 2011 1126 2057 ὃς
1150 2029 1188 2052 π.
1215 2030 1251 2053 π.
1278 2016 1420 2063 τῇπερ
1453 2011 1646 2062 ὁμιλήσῃ
1679 2028 1708 2051 τ.

170 2061 193 2098 ί.
221 2059 250 2098 ἑ.
278 2062 316 2097 et
339 2061 459 2116 plane
485 2061 617 2097 eodem
649 2063 761 2099 modo
788 2063 938 2107 Quaest.
964 2066 1087 2100 natur.
1115 2075 1144 2100 c.
1173 2068 1234 2108 19,
1261 2064 1332 2099 nisi
1357 2063 1457 2108 quod
1488 2074 1708 2108 προσομι

168 2107 280 2156 λήσῃ
305 2109 359 2145 ibi
383 2107 534 2154 legitur.
583 2108 634 2146 Et
653 2121 736 2146 cum
761 2111 955 2147 Plutarchi
980 2112 1100 2147 altera
1125 2092 1285 2147 lecti5ne
1317 2111 1491 2147 convenit
1522 2110 1620 2155 quod
1653 2111 1709 2145 est

170 2157 272 2215 apud
295 2155 518 2202 Diogenian.
545 2158 631 2193 123
666 2158 850 2204 (Apostol.
878 2159 909 2193 11
937 2161 1015 2205 39).
1040 2156 1210 2204 ’“’·Ομοιον
1244 2156 1467 2198 Πολύποδος
1497 2154 1707 2203 πολυχρόου

170 2202 262 2240 νόον
288 2202 351 2250 ἔσχ
354 2216 383 2240 ε.
434 2203 555 2240 Affert
579 2217 613 2242 v.
640 2209 720 2243 215.
748 2210 816 2242 216
843 2207 957 2242 etiam
984 2208 1059 2242 sch.
1088 2207 1174 2244 Luc.
1201 2207 1247 2243 de
1274 2207 1399 2243 saltat
1421 2210 1464 2242 67
1492 2207 1531 2240 et
1555 2205 1709 2250 respicit

169 2251 302 2288 Iulian.
331 2218 535 2310 zmisopog.
568 2256 649 2290 349.
699 2254 861 2290 Parodia
899 2254 1037 2312 legitur
1074 2266 1133 2300 ap.
1166 2254 1342 2291 Philostr.
1376 2254 1438 2290 vit.
1479 2253 1590 2298 Soph.
1627 2252 1642 2286 I
1669 2257 1707 2287 5:

171 2296 382 2344 Πανσόφου
415 2295 532 2358 ὀργὴν
563 2301 642 2346 ἰσχε
676 2299 948 2347 Φιλοστράτου,
980 2315 1022 2343 ος
1053 2300 1276 2350 Κλεοπατρῃ
1310 2302 1396 2337 Νῦν
1430 2297 1709 2354 προσομιλήσας

170 2351 271 2388 τοῖος
306 2345 403 2384 ίδεῖν
437 2345 619 2393 πέφαται.
670 2349 859 2394 Theognis
893 2349 956 2384 hic
994 2360 1142 2395 quoque
1181 2361 1248 2386 sua
1284 2350 1397 2403 debet
1434 2346 1707 2393 antiquioribus

170 2394 308 2442 poetis:
342 2394 488 2441 insigne
523 2395 623 2431 enim
657 2396 728 2432 hoc
763 2399 802 2432 et
833 2396 1059 2433 Graecorum
1091 2397 1243 2443 ingenio
1276 2396 1446 2443 inprimis
1483 2395 1706 2432 conveniens

169 2443 414 2490 praeceptum
440 2442 691 2489 Amphiaraus
717 2445 867 2480 Thebas
892 2443 1130 2491 proficiscens
1155 2445 1232 2481 filio
1258 2444 1364 2481 dedit

384 2511 636 2556 Πουλύποδός
661 2529 724 2561 μοι
749 2514 885 2551 τέκνον
913 2514 999 2561 ἔχον
1024 2513 1129 2561 νόον,
1151 2512 1340 2562 Ἀμφίλοχ’
1368 2512 1479 2562 ἥρως,

387 2565 507 2597 τοῖσιν
534 2559 778 2621 ἐφαρμόζειν,
803 2565 876 2598 τῶν
903 2576 969 2599 κεν
995 2562 1092 2599 κατὰ
1114 2564 1241 2623 δῆμον
1266 2565 1384 2609 ικηαι,

384 2605 514 2646 ἄλλοτε
541 2607 582 2646 δ’
611 2608 759 2652 ἀλλοῖος
783 2610 956 2647 τελέθειν
983 2611 1047 2647 καὶ
1073 2608 1173 2659 χώρῃ
1202 2610 1375 2648 επεσθαι.

171 2690 259 2715 nam
294 2691 379 2716 cum
414 2680 558 2717 duobus
593 2681 820 2718 hexametris
855 2694 903 2728 ap
907 2682 954 2717 ud
990 2683 1076 2718 Ath.
1103 2682 1173 2718 VII
1197 2695 1233 2729 p.
1261 2686 1329 2718 317
1362 2683 1391 2716 A
1426 2681 1705 2725 coniungendus

167 2729 226 2764 est
261 2727 395 2764 tertius
432 2729 533 2785 apud
572 2730 706 2766 Zenob.
743 2730 759 2765 I
790 2733 854 2786 24,
888 2729 1049 2787 Diogen.
1071 2730 1088 2765 I
1119 2734 1165 2766 23
1198 2731 1310 2786 (quod
1348 2732 1406 2765 est
1440 2729 1538 2774 apud
1578 2728 1704 2773 Antig.

169 2775 312 2834 Caryst.
338 2779 402 2811 25·
429 2771 526 2812 σθεν
551 2777 667 2822 δῆλον
693 2777 757 2812 καὶ
783 2774 803 2813 ὁ
829 2775 986 2832 ποιητὴς
1011 2775 1052 2813 τὸ
1085 2775 1370 2823 θρυλλούμενον
1392 2775 1574 2821 ἔγραψεν·
1605 2778 1704 2810 Που·

169 2820 332 2864 λύποδος
357 2836 408 2864 ως
431 2822 567 2859 τέκνον
594 2823 690 2870 ἔχων
717 2822 758 2860 ἐν
790 2822 946 2869 στήθεσι
976 2822 1105 2869 θυμὸν
1141 2828 1270 2860 Τοῖσιν
1305 2821 1553 2870 ἐφαρμόζειν,
1585 2823 1633 2858 ab
1659 2822 1704 2857 iis

170 2872 312 2914 ortum,
338 2870 403 2916 qui
437 2870 626 2917 peculiare
658 2876 899 2917 praeceptum
931 2871 1133 2917 unicuique
1164 2872 1446 2907 accommodare
1477 2870 1703 2924 studebant).

171 2916 244 2960 Qui
257 2917 419 2962 quidem
444 2930 572 2954 versus
598 2919 676 2955 sive
702 2931 746 2954 ex
772 2919 962 2955 'lhebaide
988 2920 1065 2955 sive
1091 2931 1135 2954 ex
1167 2919 1348 2965 peculiari
1378 2919 1508 2964 aliquo
1541 2917 1703 2954 carmine

170 2964 358 3002 didactico
386 2965 473 3010 (vid.
501 2968 699 3003 comment.
726 2968 773 3004 de
800 2977 892 3003 com.
918 2967 995 3003 Att.
1023 2978 1058 3013 p.
1086 2967 1170 3014 220)
1196 2966 1307 3013 petiti
1339 2968 1434 3003 sunt.
1486 2964 1702 3013 Amphiarai
