1890 3216
889 821 1029 865 XVII.
1664 832 1734 871 570

654 938 1265 990 AESCHYLUS.

815 1081 846 1113 E
860 1080 894 1112 A
908 1081 938 1113 E
952 1081 983 1112 Γ
997 1081 1027 1113 Ε
1040 1081 1059 1114 1
1071 1080 1113 1117 A.

945 1190 983 1231 1.

338 1301 438 1346 ΕΙΣ
475 1301 639 1346 ΤΟΥΣ
677 1299 759 1344 ΕΝ
792 1298 1114 1343 ΜΑΡΑΘΩΝΙ
1150 1299 1582 1345 ΤΕΘΝΗΚΟΤΑΣ.

315 1417 421 1456 Plut.
455 1418 617 1464 Quaest.
651 1417 786 1467 Symp.
819 1416 838 1454 I
874 1417 940 1464 10,
976 1417 1021 1454 3:
1070 1415 1270 1463 Γλαυκίας
1302 1413 1344 1454 δὲ
1377 1412 1397 1456 ὁ
1436 1412 1564 1470 ῥήτωρ
1595 1414 1661 1455 καὶ
1691 1412 1734 1455 τό

195 1479 326 1530 δεξιὸν
356 1481 473 1535 κε’ρας
504 1482 735 1529 Αἰαντίδαις
760 1483 828 1532 τῆς
854 1479 897 1520 ἐν
925 1483 1157 1532 Μαραθῶνι
1187 1477 1439 1533 παρατάξεως
1464 1477 1734 1532 ἀποδοθῆναι,

194 1552 278 1596 ταῖς
309 1546 511 1602 Αἰσχύλου
543 1549 598 1596 εἰς
628 1544 701 1599 τὴν
727 1547 920 1600 μεθορίαν
946 1545 1128 1598 ἐλεγείαις
1154 1542 1431 1598 πιστούμενος,
1463 1542 1735 1599 ἠγωνισμένου
1797 1557 1802 1594 j

194 1611 267 1666 τὴν
311 1611 440 1667 μάχην
484 1613 638 1665 ἐκείνην
680 1611 904 1664 ἐπιφανῶς,
947 1611 1017 1650 ubi
1067 1611 1321 1650 scribendum
1364 1613 1524 1652 videtur
1568 1611 1623 1659 εἰς
1664 1607 1737 1662 τὴν

195 1680 536 1731 Μαραθωνίαν
567 1675 751 1733 (μάχην),
783 1677 988 1729 Xylander
1019 1680 1099 1725 τοῖς
1125 1674 1326 1730 Αἰσχύλου
1359 1673 1451 1729 μετὰ
1482 1673 1554 1729 τὴν
1579 1675 1736 1728 ἐξορίαν

194 1744 374 1798 ἐλεγείοις
406 1745 579 1785 scribere
611 1745 756 1794 voluit,
789 1744 947 1782 Hecker
978 1743 1020 1781 II
1048 1745 1100 1783 52
1133 1746 1215 1790 τοῖς
1242 1739 1444 1795 Αἰσχύλου
1476 1742 1531 1790 εἰς
1561 1738 1603 1782 τὸ
1636 1745 1734 1794 μεθ-

194 1806 305 1862 όριον
338 1806 422 1863 (vel
448 1809 491 1850 ἐν
516 1813 568 1867 τῷ
595 1805 781 1864 μεσορίῳ)
815 1808 1015 1862 ἐλεγείοις,
1046 1809 1336 1858 interpretatus
1368 1810 1411 1847 in
1442 1809 1734 1859 epigrammate

195 1877 301 1926 quod
332 1877 571 1927 inscriptum
609 1877 687 1915 fuit
725 1874 916 1923 termino,
958 1871 1361 1925 quo'Aeantidarum
1398 1874 1526 1912 tribus
1569 1886 1592 1912 a
1623 1874 1735 1912 tribu

197 1942 446 1980 contermina
479 1942 786 1992 seiungebatur,
820 1939 1006 1979 Welcker
1038 1939 1137 1990 Syll.
1179 1941 1261 1978 144
1299 1939 1401 1977 nihil
1444 1939 1531 1978 vitii
1571 1939 1735 1978 subesse

200 2010 353 2055 censet,
393 2006 670 2047 Schneidewin
711 2005 790 2044 tria
821 2006 918 2044 haec
949 2006 1074 2046 verba
1113 2005 1166 2053 εἰς
1202 2000 1274 2056 τὴν
1313 2003 1506 2056 μεθορίαν
1536 2005 1656 2054 plane
1687 2005 1736 2043 de

195 2072 326 2111 medio
358 2073 537 2112 tollenda
568 2072 806 2111 arbitratur.
856 2070 1066 2121 Goettling
1103 2071 1145 2108 in
1182 2082 1320 2108 comm.
1363 2069 1537 2107 academ.
1559 2063 1734 2122 (1859)

196 2137 390 2190 μεθορίαν
413 2139 722 2188 'interpretatur
752 2139 1123 2186 perefflinationem,
1169 2137 1289 2185 atque
1326 2135 1385 2173 ita
1422 2135 1540 2184 putat
1577 2146 1736 2173 carmen

197 2205 420 2255 elegiacum
455 2203 696 2254 inscriptum
740 2203 886 2253 fuisse,
929 2203 1034 2241 unde
1078 2213 1213 2240 omnes
1251 2201 1326 2238 hae
1364 2199 1575 2250 reliquiae,
1614 2200 1736 2238 etiam

199 2270 326 2321 epigr.
347 2272 385 2318 4,
408 2270 488 2309 sint
507 2270 671 2320 petitae.
721 2269 786 2307 Ad
805 2269 906 2308 hanc
927 2267 1097 2318 elegiam
1124 2267 1278 2316 spectat
1304 2266 1475 2315 scriptor
1501 2266 1572 2305 vit.
1591 2265 1736 2305 Aesch.

199 2350 236 2386 p.
274 2338 355 2374 119
391 2335 449 2374 ed.
482 2335 713 2374 Westerm.:
746 2330 842 2373 κατὰ
875 2330 912 2373 δ’
954 2331 1085 2380 ἐνίους
1124 2330 1166 2371 ἐν
1203 2333 1255 2386 τῷ
1287 2330 1342 2378 εἰς
1372 2326 1464 2378 τοὺς
1503 2332 1736 2382 Μαραθῶνι

197 2396 440 2452 τεθνηκότας
470 2399 623 2454 ἐλεγείῳ
656 2395 847 2452 ἡσσηθεὶς
885 2397 1109 2450 Σιμωνίδῃ·
1148 2392 1190 2436 τὸ
1228 2392 1303 2449 γὰρ
1335 2394 1504 2449 ἐλεγεῖον
1534 2392 1635 2435 πολὺ
1666 2398 1736 2448 τῆς

198 2465 286 2518 περὶ
318 2462 360 2505 τὸ
393 2463 600 2517 συμπαθὲς
632 2462 858 2516 λεπτότητος
897 2461 1064 2516 μετέχειν
1099 2459 1225 2510 θέλει,
1264 2456 1285 2500 ὃ
1323 2463 1393 2500 τοῦ
1426 2457 1644 2512 Αἰσχύλου,
1683 2456 1736 2508 ὡς

197 2530 372 2582 ἔφαμεν,
404 2529 506 2569 ἐστὶν
537 2525 749 2581 ἀλλότριον.
795 2530 982 2568 Welcker
1013 2530 1054 2567 et
1079 2527 1237 2565 Hecker
1263 2526 1523 2576 epigramma,
1554 2539 1634 2564 non
1660 2527 1735 2565 ele-

200 2598 308 2648 giam
340 2596 465 2635 fuisse
504 2596 578 2634 hoc
617 2608 778 2634 carmen
816 2595 1063 2644 existimant3
1101 2594 1159 2632 ita
1197 2593 1317 2631 etiam
1349 2591 1573 2641 Goettling,
1605 2604 1733 2642 neque

199 2675 294 2702 vero
316 2663 366 2701 ad
386 2663 688 2700 monumentum
717 2661 1013 2700 Marathonium
1038 2659 1179 2708 refert,
1206 2657 1276 2697 sed
1301 2656 1352 2695 ad
1377 2657 1560 2695 tabulam
1584 2657 1734 2706 pictam

198 2729 239 2766 in
270 2727 428 2778 porticu
459 2726 637 2780 ποικίλῃ,
669 2725 760 2764 huic
792 2727 927 2764 autem
958 2725 1138 2775 picturae
1163 2723 1294 2761 fuisse.
1313 2722 1584 2772 subscriptum
1610 2721 1734 2760 Simo-

198 2794 302 2833 nidis
335 2793 458 2843 epigr.
493 2794 568 2840 91,
600 2792 660 2830 cui
693 2791 949 2841 posthabitus
982 2791 1035 2828 sit
1066 2788 1308 2838 Aeschylus,
1340 2787 1452 2824 ouius
1485 2787 1734 2836 epigramma

198 2860 337 2898 fuerit:
372 2854 539 2909 ’Ἀνδρες
572 2852 787 2907 Ἀθηναῖοί
825 2870 863 2895 τε
905 2857 1107 2906 Πλαταιῆς
1143 2850 1175 2892 τ’
1218 2851 1261 2891 ἐν
1304 2853 1540 2903 Μαραθῶνι
1580 2853 1732 2903 Χρυσο-

198 2921 337 2976 φόρων
369 2919 531 2974 Μήδων
564 2918 768 2973 ἐστόρεσαν
801 2917 983 2971 δύναμιν.
