1890 3216
208 151 296 193 482
798 150 1152 187 IAMBOGRAPHI.

940 306 1010 349 60.
1670 316 1738 348 ‘169

303 388 396 446 Τὴν
429 390 531 445 ῥῖνα
562 388 635 432 καὶ
667 386 750 444 τὴν
782 386 926 444 μύξαν
960 375 1215 445 ἐξαράξασα.

917 536 939 560 21<
972 533 1041 589 61».

298 625 505 682 Χλούνης
535 624 650 683 ἀνὴρ
684 623 773 670 ὅδ’·
807 625 993 682 ἑσπέρης
1023 626 1306 669 καθεύδοντα

297 696 372 741 ἀπ’
409 691 493 741 οὖν
526 699 695 742 ἔδυσεν.

208 864 396 901 Revocavi
429 863 469 899 id
486 864 604 921 quod
638 863 726 899 olim
758 864 936 910 proposui
973 861 1060 905 τούς
1091 861 1213 905 πόδας
1243 877 1287 900 τε
1319 865 1540 919 θερμαίνων
1571 860 1745 923 (Φρῖδάς

207 910 241 948 τ’
284 911 411 958 ἔχων)
451 924 495 947 ου
533 909 714 955 παύεται,
750 914 884 970 postea
916 913 1136 970 scripseram
1173 912 1240 948 τοῦ
1272 910 1390 953 ποδὸς
1424 912 1556 960 φῷδας
1588 914 1744 967 θέρμων

209 957 253 996 οὗ
275 973 313 995 π.
358 958 529 994 Meineke
555 956 644 1000 τοὺς
669 957 791 1000 πόδας
815 958 943 1004 θέρων
972 958 1111 1008 φῳδων
1137 956 1182 995 οὗ
1209 956 1390 1016 παύεται,
1417 949 1533 994 Brink
1558 957 1652 1005 πρὸς
1675 956 1744 1004 τὴν

208 1009 367 1064 μαρίλην
394 1007 543 1052 φωΐδας
567 1020 606 1042 τε
633 1009 854 1053 θερμαίνων
874 1008 949 1053 (vel
969 996 1274 1053 δύσθερμαίνων)
1302 1004 1349 1043 οὐ
1377 988 1552 1052 παύεται,
1574 973 1746 1042 5ρο111111111,

208 1053 328 1091 πουλυ
355 1056 487 1103 φῷὸας
511 1056 742 1100 θερμαιᾞνων
781 1055 928 1091 Benner
953 1055 1188 1101 trisyllabam
1214 1055 1374 1091 formam
1402 1055 1550 1100 φωῖδας
1574 1053 1742 1099 requirit,

210 1115 323 1159 quam
350 1104 381 1138 si
407 1103 552 1138 veteres
578 1102 816 1147 grammatici
842 1103 1046 1147 novissent,
1066 1114 1140 1139 non
1160 1103 1449 1139 haesitavissent
1468 1102 1600 1147 opinor
1620 1105 1743 1137 utrum

211 1148 353 1199 φῴδων
379 1162 426 1186 311
453 1150 594 1198 φςοδῶν
622 1150 857 1186 scribendum
883 1152 991 1187 esset

303 1247 361 1282 Fr.
388 1249 442 1281 60.
494 1246 644 1281 Tzetzes
671 1246 790 1282 Cram.
818 1246 886 1281 An
915 1247 980 1282 Ox.
1006 1247 1059 1281 111
1084 1250 1171 1289 308,
1205 1250 1268 1281 20:
1305 1243 1357 1281 Τό
1384 1243 1518 1290 μέτρον
1554 1241 1596 1280 τὸ
1625 1243 1743 1303 Δωρι-

209 1292 277 1330 κὸν
290 1292 535 1350 παρέλειψα
549 1291 667 1351 λήθῃἎ·
701 1292 872 1351 δέχεται
885 1292 924 1329 δὲ
957 1297 1087 1329 πλεῖον
1120 1295 1194 1329 τῶν
1227 1290 1348 1328 αλλων
1356 1292 1566 1348 ἰαμβικῶν
1599 1290 1742 1337 μέτρων

207 1339 303 1378 κατὰ
330 1339 398 1387 τὴν
425 1339 456 1387 β’
485 1338 610 1386 χώραν
643 1337 665 1386 ἢ
693 1342 757 1376 καὶ
784 1340 822 1376 δ’
858 1338 879 1386 ἢ
908 1339 939 1380 ς’
973 1343 1193 1399 σπονδεῖον,
1226 1353 1425 1381 σπανιακις
1455 1339 1520 1375 καὶ
1546 1337 1744 1399 δάκτυλον,

209 1387 258 1431 ὡς
296 1388 491 1435 ἰσόχρονον
527 1389 577 1437 τῷ
610 1390 815 1436 σπονδείῳ·
849 1387 1023 1449 Δωρικὸν
1051 1370 1372 1429 Ἱππώνακτος
1408 1387 1495 1423 Καὶ
1526 1384 1606 1432 τὴν
1639 1384 1744 1433 ρῖνα

207 1440 282 1473 κτλ.
310 1458 354 1463 -
380 1435 445 1471 καὶ
471 1426 608 1472 abiecit
634 1426 904 1472 Schneidewin.
955 1434 1043 1482 ἐξαρ
1047 1435 1169 1480 άξασα
1194 1437 1240 1472 de
1271 1436 1365 1472 vitio
1396 1437 1626 1488 suspectum,
1657 1445 1744 1470 con—

206 1485 312 1521 iicias
339 1480 426 1530 ἤιξ’
455 1480 601 1530 ἄρασα
627 1485 687 1519 vel
720 1481 841 1530 ἐξῆρ’
870 1482 1034 1539 ᾄξασα,
1067 1496 1154 1520 nam
1179 1478 1241 1530 ἦρ’
1269 1480 1408 1527 αΐξασα
1441 1481 1612 1528 quamvis
1644 1493 1743 1518 com-

208 1534 321 1569 modo
347 1542 500 1567 numero
534 1532 833 1577 commendetur,
867 1533 988 1568 minus
1026 1532 1236 1578 probabile,
1273 1530 1458 1577 siquidem
1495 1530 1744 1576 spondeorum

214 1580 443 1627 gravitatem
468 1579 618 1615 Tzetzes
643 1580 792 1616 videtur
816 1579 959 1617 testari.

303 1676 362 1711 F1.
396 1679 451 1710 61.
504 1674 701 1711 80110111.
735 1688 748 1710 ι
780 1679 866 1712 539:
899 1672 1108 1733 Χλούνην
1139 1676 1176 1711 οι
1214 1688 1284 1734 μεν
1322 1670 1528 1719 αφριστήν·
1567 1674 1741 1730 χλουδεῖν

208 1737 280 1770 γαρ
306 1722 348 1758 τὸ
375 1719 550 1768 αφρίζειν
575 1735 674 1763 τινες
699 1723 878 1769 Δωριέων
906 1722 1045 1779 ἔλεγον.
1078 1720 1184 1759 αλλοι,
1217 1721 1259 1758 δὲ
1286 1723 1513 1780 κακοῦργον.
1564 1720 1641 1756 Καὶ
1666 1718 1741 1767 γὰρ

207 1773 293 1808 τῶν
319 1767 521 1827 ἀρχαίων
548 1769 836 1815 ἰαμβοποιῶν
864 1767 961 1806 τινὰ
989 1768 1127 1816 φάναι·
1157 1767 1279 1816 Ἀνὴρ
1307 1766 1372 1805 ὁδ’
1402 1765 1608 1827 ἑσπέρης
1627 1771 1743 1804 καθ-

208 1817 407 1855 εύδοντα
438 1830 586 1852 απονν
627 1817 760 1863 ἔδησε
803 1815 1010 1864 χλούνην.
1061 1818 1252 1854 Hermann
1289 1814 1433 1874 ανδρα
1445 1813 1483 1851 δ’
1517 1814 1677 1873 ἑσπέρης
1707 1829 1740 1851 κ.

209 1864 280 1902 απ’
320 1879 390 1901 ουν
427 1863 536 1900 ἔδυσε
569 1865 743 1921 χλοῦνιν,
781 1866 955 1920 {lartung
991 1863 1151 1911 χλούνην
1189 1862 1284 1911 ανὴρ
1318 1860 1379 1900 ὅδ’
1415 1860 1466 1901 ἓσ.
1503 1878 1535 1900 κ.
1562 1859 1636 1899 ἄπ’
1673 1856 1742 1898 οὖν

209 1913 319 1950 ἔδυσε
382 1914 463 1958 Ego
477 1915 648 1969 χλουνης
673 1913 805 1959 scripsi
829 1916 867 1949 et
891 1914 928 1948 in
955 1926 1061 1948 suum
1090 1914 1213 1949 10011111
1245 1912 1410 1956 restitui,
1441 1910 1743 1956 interpunctione

209 1961 338 1997 addita
364 1962 450 2017 post
474 1957 693 2018 (1113011310
718 1960 868 2007 flagitat
900 1961 1088 2018 particula
1114 1954 1193 1996 οὖν.
1244 1961 1366 1995 Antea
1400 1958 1609 2004 suspicatus
1642 1969 1742 1994 eram

212 2009 388 2067 Τεγοῦν
412 2004 516 2066 ανὴρ
545 1988 612 2043 δ’δ’
647 2004 698 2043 ἕσ.
732 2022 764 2044 κ.
769 1991 908 2054 Οέδησε
944 2006 1124 2054 χλούνην,
1157 2007 1232 2044 vid
1266 2007 1425 2052 Hesych.
1458 2006 1592 2052 τεγοῦν
1624 2004 1744 2041 Λυδοὶ

209 2055 275 2093 τὸν
309 2053 456 2103 λῃστήν.
507 2056 739 2101 Hipponacti
772 2056 1031 2092 Schneidewin
1064 2057 1133 2092 hos
1164 2067 1291 2092 versus
1320 2054 1568 2100 probabiliter
1599 2053 1743 2097 tribuit,

209 2115 437 2150 quamquam
474 2103 594 2148 possis
633 2104 747 2139 etiam
784 2104 1012 2162 Xenophani
1033 2103 1241 2140 vindicare:
1281 2105 1486 2159 sequuntur
1518 2102 1617 2137 enim
1648 2101 1742 2136 haec

209 2153 309 2198 apud
335 2150 592 2187 scholiastam:
626 2152 862 2209 Ξενοφωντα
895 2151 937 2188 δε
964 2149 1078 2212 γένος
1107 2165 1143 2186 τι
1171 2148 1302 2186 Ἰνδῶν
1335 2163 1457 2195 φαναι
1488 2147 1554 2185 τὸν
1580 2146 1741 2207 χλούνην

210 2199 322 2242 εἶναι,
347 2197 526 2247 καθάπερ
553 2198 619 2234 καὶ
644 2196 734 2244 παρ’
763 2197 930 2248 Αἰσχύλῳ
957 2197 999 2236 ἐν
1022 2196 1218 2240 Ἠδωνοῖς·
1245 2195 1501 2245 μακροσκελὴς
1521 2210 1589 2243 μεν
1609 2209 1740 2242 αραμα

209 2245 366 2294 χλούνης
391 2260 445 2287 τις
469 2246 504 2293 ῄ.
555 2247 610 2281 1)0
634 2246 842 2292 Aeschyleo
869 2259 978 2283 versu
1009 2249 1118 2283 acute
1151 2246 1358 2292 disputavit
1388 2245 1579 2280 Hermann
1606 2243 1741 2289 Opusc.

213 2297 242 2331 V
271 2300 326 2339 10,
351 2305 420 2329 nec
445 2295 572 2329 tamen
597 2305 726 2330 verum
751 2294 900 2330 videtur
931 2296 1122 2331 assecutus
1154 2305 1257 2340 esse,
1287 2304 1375 2329 nam
1408 2292 1610 2328 secundum
1636 2290 1740 2327 Euat.

211 2348 289 2388 772,
317 2346 362 2377 53
381 2341 592 2399 Aeschylus
622 2338 808 2399 ἔκτομίαν
826 2342 931 2388 dixit,
956 2343 1085 2387 itaque
1111 2323 1269 2388 apparet
1292 2342 1386 2377 haec
1416 2340 1531 2376 verba
1562 2336 1741 2384 καθαπερ

209 2392 274 2428 καὶ
300 2386 391 2435 παρ’
419 2387 585 2448 Αἰσχύλῳ
613 2418 619 2425 .
642 2414 651 2424 .
673 2417 680 2425 .
706 2403 760 2430 τις
784 2383 808 2437 ᾗ
835 2402 909 2426 11011
935 2402 1000 2426 suo
1027 2391 1109 2426 loeo
1145 2389 1222 2435 legi
1247 2391 1286 2425 et
1309 2388 1531 2424 traiicienda
1556 2398 1633 2423 esse
1657 2389 1745 2443 post

209 2437 308 2479 τινὲς
334 2434 511 2481 Δωριέων
538 2435 679 2482 ε”.λεγον
720 2427 822 2480 Quae
838 2439 1059 2494 supersunt,
1085 2438 1141 2472 ita
1167 2436 1386 2489 corrigenda
1410 2438 1501 2482 puto
1527 2431 1741 2479 Ξενοφά-

209 2500 291 2540 νην
319 2484 360 2521 δε
387 2483 496 2530 γένος
520 2498 555 2519 τι
580 2485 765 2520 Σινδῶν
792 2498 914 2530 φαναι
938 2482 1004 2520 τὸν
1031 2482 1193 2530 χλούνην
1219 2489 1336 2528 εἰναι,
1361 2483 1426 2518 ubi
1451 2483 1525 2519 iam
1552 2481 1742 2518 Hermann

210 2533 305 2570 vidit
327 2531 570 2577 Xenophanis
597 2543 731 2568 nomen
757 2533 991 2569 delitescere:
1018 2533 1111 2568 haec
1136 2534 1261 2568 autem
1287 2512 1378 2578 p1ito
1405 2530 1454 2566 ad
1478 2528 1741 2576 iambographi

209 2584 331 2618 locum
358 2580 618 2625 explicandum
643 2580 847 2635 pertinere,
873 2591 1097 2626 quamquam
1130 2580 1287 2615 fortasse
1319 2579 1399 2624 ipse
1432 2578 1637 2613 scholiasta
1667 2589 1740 2611 non

211 2629 302 2665 satis
327 2627 517 2674 perspexit
542 2627 650 2672 haec,
685 2639 779 2672 quae
812 2628 851 2663 in
877 2628 1042 2673 antiquis
1068 2626 1344 2664 commentariis
1370 2625 1520 2661 uberius
1546 2625 1654 2661 erant
1678 2635 1739 2659 ex

209 2678 377 2723 planata,
405 2674 496 2720 quid
521 2674 593 2709 sibi
618 2676 768 2711 vellent.
818 2675 987 2731 Denique
1017 2676 1057 2711 in
1089 2677 1254 2711 extremo
1287 2674 1428 2710 scholio
1461 2674 1562 2708 recte
1588 2671 1738 2717 quidem

210 2724 382 2760 Meineke
406 2722 514 2757 Anal.
541 2721 646 2758 Alex.
673 2726 741 2758 232
768 2720 977 2759 Χλούνειον
1002 2722 1181 2766 restituit,
1215 2723 1278 2758 sed
1305 2722 1404 2778 quod
1430 2721 1469 2756 in
1493 2719 1616 2756 verbis
1641 2718 1741 2760 τινὲς

210 2773 283 2807 τῶν
309 2768 354 2806 τὰ
381 2766 536 2805 Αἰολικα
569 2766 915 2816 αναγεγραμμένων
946 2770 1102 2816 corrigit
1131 2766 1371 2812 Αἰτωλικα,
1409 2768 1568 2804 fortasse
1601 2767 1647 2802 de
1672 2766 1739 2802 Ni-

211 2819 348 2855 candro
375 2817 557 2863 cogitans,
583 2828 658 2852 non
682 2818 877 2864 assentior,
897 2830 984 2853 nam
1004 2818 1208 2872 Calydonio
1228 2829 1318 2862 agro
1338 2797 1576 2852 A'eolensium
1601 2825 1737 2850 nomen

210 2866 380 2919 inprimis
407 2864 596 2910 adhaesit,
631 2864 676 2900 cf.
704 2876 799 2910 quae
831 2866 1002 2902 Meineke
1034 2866 1114 2911 ipse
1146 2865 1344 2901 adnotavit
1374 2864 1422 2899 311
1457 2863 1612 2898 Τ110001.
1640 2864 1655 2898 Ι
1681 2866 1738 2907 53,

212 2912 366 2949 Aeolica
392 2914 518 2948 autem
537 2923 611 2948 non
631 2877 727 2948 tamq
723 2912 920 2958 Hellanici,
940 2924 1051 2959 quam
1067 2912 1239 2959 staphyli
1258 2912 1502 2948 Naucratitae
1522 2910 1597 2946 dici
1617 2911 1738 2946 eredo.
