1890 3216
874 204 969 242 ION.
1604 201 1689 244 257

218 310 322 358 ἀλλ’
359 310 694 371 ὀλιγοδρανέων
725 312 1046 371 φθογγάζεται·

162 411 169 414 »
215 384 423 430 θάνατον
456 382 498 428 δ’
534 383 610 441 ὅγε
643 384 926 438 δουλοσύνας
956 384 1274 444 προβέβουλεν.

146 518 308 554 metrum
335 515 564 563 dactylicum
592 518 702 562 esset,
728 528 825 553 nune
852 516 970 553 malui
995 516 1182 553 dirimere.
1236 515 1409 552 Ceterum
1441 516 1599 552 fortasse
1624 514 1687 552 hic

143 564 249 602 loeus
274 576 319 601 ex
343 564 540 611 tragoedia
565 563 694 609 aliqua
718 565 870 610 petitus,
897 564 998 610 quod
1024 564 1138 601 etiam
1161 564 1268 600 Philo
1295 563 1506 610 significare
1528 563 1688 600 videtur.

143 611 317 649 Meineke
343 613 391 649 ad
415 611 670 659 tragoediam,
702 623 798 657 quae
827 612 997 648 Phoenix
1021 612 1205 659 inscripta
1230 612 1319 657 fuit,
1351 612 1499 656 retulit,
1525 611 1564 647 in
1590 611 1690 658 frag-

146 661 284 706 mento,
311 660 413 706 qnod
440 659 566 696 Sohol.
592 659 786 706 Aristoph.
813 660 907 695 Rau.
936 664 1004 696 ’706
1036 660 1217 706 servavit,
1249 661 1528 706 heptametrum
1560 659 1687 705 dacty-

145 708 260 746 licum
285 708 335 745 ad
359 708 470 744 huius
494 707 569 744 loci
594 707 883 744 similitudinem
908 708 1128 744 restituens:

382 777 392 791 2
431 778 439 790 Ι
481 777 488 789 ἱ
531 777 540 789 Ι

147 872 191 879 -
219 851 274 888 Ex
305 851 421 897 lyrico
453 851 616 888 carmine
646 852 775 908 potest
805 851 970 908 petitum
1000 863 1078 888 esse
1110 852 1211 897 quod
1230 851 1381 909 legitur
1411 863 1470 899 ap.
1497 853 1594 889 Plut.
1622 852 1689 896 Qu.

101 919 103 922 ·
148 900 275 946 Symp.
302 899 353 935 VI
379 911 560 946 prooem.:
590 897 785 958 Τιμόθεον
816 897 883 936 τὸν
915 897 1188 940 Κόνωνος..
1216 897 1266 941 ὡς
1300 897 1342 936 ἐκ
1374 900 1450 936 τῶν
1475 900 1690 936 πολυτελῶν

146 947 212 984 καὶ
237 948 493 1006 στρατηγικῶν
519 949 686 984 δείπνων
711 944 923 1006 ἀναλαβών
941 944 961 983 ὁ
989 945 1150 983 Πλάτων
1171 944 1388 984 ἐδείπνισεν
1409 945 1450 984 ἐν
1473 944 1689 997 Ἀκαδημίᾳ,

147 995 334 1042 μουσικῶς
358 995 423 1031 καὶ
448 992 601 1041 ἀφελῶς
625 1009 726 1037 ταις
749 992 1120 1042 αφλεγμαντοις,
1146 991 1196 1037 ὥς
1218 1008 1335 1042 φησιν
1355 993 1375 1032 ὁ
1395 993 1499 1042 Ἴων,
1524 985 1690 1041 τραπέ-

147 1045 256 1088 ζαις.
306 1042 429 1079 Minus
464 1045 613 1080 constat
647 1055 720 1089 quo
756 1044 972 1101 pertineant
1006 1044 1097 1088 alia
1134 1044 1239 1080 velut
1270 1044 1370 1089 quod
1405 1024 1611 1089 Phot.92‚
1647 1048 1692 1080 10

146 1091 293 1148 (Zonar.
317 1093 442 1148 1045)
452 1091 620 1128 exhibet.
655 1092 843 1133 Θιάσος·
876 1089 919 1127 τὸ
940 1072 1220 1151 ἀθροιζόμενον
1239 1094 1287 1127 πλ
1298 1091 1389 1133 θος
1415 1089 1477 1128 ἐπὶ
1502 1090 1602 1128 τέλει
1627 1092 1692 1128 καὶ

147 1140 234 1187 τιμῇ
259 1139 377 1176 θεοῦ·
403 1136 523 1181 οὕτως
543 1138 797 1187 Δημοσθένης
815 1139 937 1176 uoci*
901 1140 1102 1185 Ηενοφῶν.
1120 1136 1205 1176 Ἴων
1225 1139 1268 1176 δε
1290 1105 1337 1176 Zac
1339 1140 1353 1175 2
1371 1137 1514 1181 παντὸς
1533 1136 1690 1184 ἀθροίσ-

148 1200 264 1233 ματος
289 1185 416 1224 τάττει
440 1184 617 1233 τοῦνομα.
646 1209 690 1214 -
717 1188 799 1224 Ioni
823 1188 1017 1224 vindicare
1037 1188 1182 1224 studuit
1200 1187 1399 1224 Kirchhoff
1413 1188 1488 1224 tria
1507 1187 1690 1234 epigram-

149 1237 254 1271 mata
277 1235 365 1282 pilis
390 1236 430 1272 in
465 1234 631 1272 Cimonis
663 1237 702 1272 et
734 1236 1019 1272 Atheniensium
1054 1236 1233 1272 honorem
1266 1236 1447 1282 insoripta
1478 1236 1524 1271 de
1556 1235 1692 1281 quibus

150 1282 293 1319 dictum
319 1285 376 1320 est
401 1284 449 1319 ad
475 1284 704 1320 Simonidem
730 1296 766 1330 p.
796 1288 888 1320 1190
914 1284 970 1320 ed.
998 1288 1030 1320 3.

233 3050 364 3078 Ροιιτᾼιι
383 3051 462 3078 Lyn.
492 3051 536 3079 11.
1368 3048 1410 3080 17
