1890 3216
761 207 1107 247 ARISTOTELES.
1620 205 1704 250 337

233 319 451 380 εὐσεβέως
482 323 647 379 σεμνῆς
678 324 830 379 φιλίης
862 318 1077 380 ἱδρύσατο
1110 319 1264 378 βωμόν

291 391 480 452 ἀνδρός,
514 391 569 438 ὃν
602 391 701 438 οὐδ’
737 395 884 438 αἰνεῖν
914 402 1031 437 τοῖσι
1063 400 1238 437 κακοῖσι
1274 390 1419 448 θέμις·
1638 402 1707 434 646

231 464 282 520 ὃς
313 465 453 524 μόνος
484 461 512 522 ἢ
545 471 720 523 πρῶτος
752 467 938 522 θνητῶν
968 463 1217 518 κατέδειξεν
1251 465 1450 522 ἐναργῶς

186 551 206 584 5
294 540 442 598 οἰκείῳ
475 555 521 582 τε
555 541 638 598 βίῳ
670 537 745 582 καὶ
778 536 1018 594 μεθόδοισι
1050 535 1223 594 λόγων,

231 608 292 664 ὡς
323 608 499 668 ἀγαθός
530 627 576 654 τε
607 609 682 654 καὶ
714 608 945 667 εὐδαίμων
977 607 1068 667 ἅμα
1099 613 1271 667 γίνεται
1303 607 1437 666 ἀνήρ·

290 680 347 727 οὐ
378 685 466 727 νῦν
501 679 542 727 δ’
579 685 671 727 ἔστι
704 685 862 738 λαβεῖν
895 680 1050 727 οὐδενὶ
1083 684 1223 726 ταῦτα
1254 680 1372 726 ποτέ.

163 790 371 827 Basileensi
402 790 442 826 in
474 789 615 826 Klotzii
646 789 785 826 Archiv
811 789 898 824 XIV
930 794 999 825 395
1033 790 1093 836 (cf.
1121 789 1290 847 Menag3
1304 788 1352 825 ad
1384 789 1492 833 Diog.
1525 789 1649 824 Laert.
1677 787 1710 822 V

166 843 210 876 27
238 840 276 875 et
301 839 476 875 Letronn.
503 837 660 874 Journal
687 837 752 873 des
779 837 921 873 Savans
943 841 1034 874 1832
1060 850 1096 883 p.
1119 841 1218 878 745):
1246 833 1290 872 οὖ
1299 834 1437 894 ,μόνον
1458 835 1500 872 δὲ
1518 833 1710 896 ἐγκώμιον
1750 880 1754 883 Α

163 883 325 932 ποιήσας
359 886 613 932 (Aristoteles)
650 881 770 921 αὐτοῦ
804 883 1038 943 (Πλάτωνος)
1076 882 1231 921 ἐπαινεῖ
1263 881 1398 930 αὐτόν,
1437 881 1531 920 ἀλλὰ
1568 884 1633 920 καὶ
1669 880 1710 920 ἐν

164 939 244 976 τοῖς
269 932 449 991 ἐλεγείοις
479 938 558 974 τοῖς
583 931 676 979 πρὸς
698 929 886 991 Εὔδημον
912 929 1031 968 αὐτὸν
1049 929 1226 976 ἐπαινῶν
1253 914 1443 969 Πλάτωνα
1471 929 1709 978 ἐγκωμιάζει,

163 978 642 1069 Ἆρέζῗξιῖῗᾞῖριἕέἷῗῖ
666 977 897 1074 {fam
922 980 1204 1087 ῗὲἲὲιέἷῗέῧῖ
1224 982 1334 1084 ῗξὲἒς
1363 980 1709 1065 ἳὲἲθιῆῗὲἓῖἰῐέ·

160 1075 408 1135 Ἀριστοτέλης
432 1078 548 1123 δῆλον
576 1074 619 1113 ἐκ
645 1077 712 1113 τοῦ
740 1076 805 1113 καὶ
843 1074 960 1161 λαιμὸν
986 1073 1191 1134 άνιερῶσαι
1220 1077 1270 1125 τῷ
1298 1073 1493 1122 Πλάτωνι,
1521 1074 1562 1113 ἐν
1590 1070 1618 1124 ᾧ
1648 1072 1711 1111 ἕπ-

160 1124 335 1185 ἔγραφεν
360 1122 477 1162 οὕτω·
504 1122 640 1172 Βωμόν
662 1121 862 1170 Ἀριστοτλ
864 1138 908 1171 ης
936 1121 1160 1170 ἐνιδρύσατο
1185 1115 1296 1161 τόνδε
1325 1106 1541 1170 Πλάτωνος,
1568 1114 1712 1168 ἀνδρὸς

160 1187 207 1210 ον
225 1187 293 1211 ουτ
331 1172 454 1210 αἰνεῖν
471 1178 567 1209 τοῖσι
587 1178 739 1210 κακοισι
757 1172 882 1220 θέμις.
903 1172 985 1209 cod.
997 1173 1096 1209 Flor.
1094 1173 1214 1230 apud
1228 1174 1326 1209 Rose
1345 1172 1458 1210 Arist.
1475 1172 1606 1209 Pseud.
1622 1175 1711 1208 368:

163 1219 305 1268 ἀνδρὸς
325 1217 370 1258 ὃν
391 1218 436 1258 οὗ
455 1219 570 1280 θέμις
590 1218 631 1257 ἐν
650 1225 747 1257 τοῖσι
766 1224 986 1279 χαλεποῖσιν
1006 1217 1176 1257 ἀκούειν.
1197 1221 1304 1257 Adde
1318 1220 1517 1279 Philopon.
1532 1221 1573 1256 in
1587 1219 1710 1256 Schol.

164 1270 318 1307 Aristot.
350 1269 401 1305 IV
435 1273 494 1305 11.
527 1266 577 1310 ὡς
608 1271 723 1315 δηλοῖ
752 1268 805 1310 εἰς
837 1266 903 1305 τὸν
935 1266 1061 1315 τάφον
1095 1266 1298 1310 Πλάτωνος
1326 1265 1596 1314 Ἀριστοτέλους
1629 1265 1709 1303 ἐπί-

164 1326 334 1378 γραμμα
362 1315 519 1364 Σηκὸν
541 1313 789 1363 Ἀριστοτέλης
815 1314 995 1362 ἱδρύσατο
1022 1346 1030 1354 .
1053 1346 1060 1353 .
1117 1316 1242 1363 θέμις.
1283 1317 1434 1353 Similia
1457 1317 1547 1353 ibid.
1576 1320 1622 1353 20
1647 1315 1713 1351 ubi

165 1368 306 1425 ρωμον.
332 1366 424 1402 Vita
443 1365 556 1404 Arist.
576 1365 778 1425 adespotos
801 1378 836 1412 p.
860 1370 880 1402 6
901 1366 958 1402 ed.
982 1346 1130 1402 Robbe:
1160 1364 1196 1401 εἰ
1219 1363 1290 1410 γάρ
1316 1378 1371 1406 τις
1395 1363 1506 1406 ἄλλος
1532 1365 1713 1421 φαίνεται

164 1427 185 1450 ο
209 1410 458 1472 Ἀριστοτέλης
482 1412 844 1472 καταπεπληγμένος
859 1415 958 1472 (sec.
980 1413 1135 1449 Rosium
1162 1413 1242 1450 cod.
1263 1414 1377 1449 Marc.
1400 1410 1553 1449 άποπλ.
1608 1443 1614 1450 .
1637 1409 1711 1457 ὗς)-

167 1459 372 1521 ἐπιγράφει
407 1460 480 1508 γὰρ
513 1460 567 1503 εἰς
599 1458 736 1498 αὐτόν·
770 1459 897 1510 βωμὸν
925 1458 991 1508 Ἀρ.
1024 1459 1096 1508 ιδρ.
1123 1475 1154 1497 τ.
1181 1458 1378 1506 Πλάτωνι,
1410 1461 1475 1498 καὶ
1510 1441 1713 1506 άλλαχοῦ

165 1507 543 1612 zugozlel‘ildggiaeiid‘i'dlaitlv
550 1507 807 1595 cuizvaisszgiisus
822 1509 1066 1613 ρεθίιέὲιιιςειοιει·
1065 1475 1355 1594 ριέῗὲιιιῗιιἑιὶιῖιῑιιιξιΒ
1375 1510 1449 1595 ξιιῗιῗ
1468 1521 1622 1603 {latu}
1631 1508 1714 1594 ἒὲἱὸ

168 1605 318 1652 Robbe,
344 1605 409 1652 qui
433 1605 555 1642 solum
579 1618 613 1642 v.
640 1610 662 1641 3
695 1605 833 1641 summi
863 1605 1080 1652 philosophi
1111 1604 1264 1651 ingenio
1296 1617 1371 1642 non
1402 1606 1600 1652 indignum
1633 1615 1713 1641 esse

168 1655 313 1698 censet·
341 1653 464 1690 sobrio
490 1653 630 1690 iudicio
655 1666 744 1690 usus
764 1653 885 1689 Zeller
903 1653 1001 1690 Hist.
1022 1653 1118 1689 Phil.
1142 1654 1176 1689 II
1195 1657 1228 1698 2,
1250 1658 1271 1689 9
1297 1654 1425 1690 tuetur
1449 1654 1522 1690 hoc
1549 1665 1712 1697 carmen,

169 1702 270 1748 quod
305 1712 376 1738 nec
412 1702 511 1738 Rose
551 1701 592 1738 in
630 1701 879 1763 suspicionem
911 1701 1072 1737 vocavit.
1103 1722 1148 1728 -
1175 1701 1218 1738 V.
1249 1707 1278 1738 1.
1306 1698 1360 1747 ἐς,
1388 1702 1468 1737 cod.
1495 1702 1579 1738 Bas.
1601 1700 1647 1737 εἰ.
1669 1722 1712 1727 —

170 1750 213 1786 V.
234 1753 268 1786 2.
296 1747 356 1796 ΐὸρ
359 1761 489 1795 υσατο,
515 1748 674 1786 οοιιιιοιο
701 1746 914 1807 ΐδρύσαο,
941 1751 984 1785 ut
1003 1749 1257 1786 Aristoteles'
1247 1762 1371 1795 lpsum
1391 1749 1601 1786 Eudemum
1621 1749 1714 1786 allo-

170 1798 328 1844 quatur,
336 1763 542 1843 G‚siquidem
568 1797 692 1844 elegia
716 1794 811 1843 πρὸς
836 1795 1018 1843 Εὔδημον
1045 1797 1185 1843 scripta
1211 1797 1448 1844 perhibetur,
1485 1809 1713 1844 quamquam

169 1857 246 1882 non
269 1845 513 1891 adversabor,
546 1845 578 1881 si
611 1845 695 1891 quis
726 1845 907 1881 traditam
941 1846 1163 1892 scripturam
1193 1846 1337 1900 tuetur..
1374 1857 1462 1882 nam
1494 1846 1715 1882 Aristoteles

170 1894 348 1930 defuncto
382 1894 503 1930 amico
538 1894 722 1939 (mortuus
754 1894 813 1929 est
842 1892 1032 1931 Eudemus
1065 1893 1121 1930 Ol.
1151 1897 1235 1937 106,
1263 1898 1284 1929 3
1319 1893 1358 1929 in
1392 1893 1535 1939 Sicilia)
1567 1893 1717 1930 videtur

170 1953 323 1978 carmen
347 1952 430 1977 com
460 1941 613 1986 osuisse,
640 1940 753 1987 idque
779 1941 949 1987 inseruit,
975 1942 1018 1977 ut
1043 1941 1186 1988 opinor,
1213 1941 1377 1989 dialogo,
1399 1953 1511 1987 quem
1531 1939 1714 1996 Εὔδημον

170 1989 374 2036 inscripsit.
453 1989 628 2026 cmmode
654 1991 781 2025 autem
815 2001 892 2026 non
926 1990 1047 2026 solum
1081 1989 1306 2026 familiarem
1340 2001 1465 2034 suum,
1499 1990 1565 2026 sed
1597 1989 1714 2026 etiam

172 2048 300 2074 senem
324 2037 547 2095 magistrum
575 2037 727 2084 egregio
754 2037 904 2074 ornavit
927 2038 1139 2084 praeconio.
1190 2038 1247 2074 Ne
1275 2037 1358 2084 quis
1386 2040 1500 2083 erret,
1527 2038 1626 2074 addo
1653 2051 1715 2083 φι-

170 2086 251 2132 λίης
286 2082 416 2141 βωμὸν
452 2085 636 2122 translate
669 2085 830 2131 dictum,
863 2096 949 2121 nam
981 2085 1078 2121 nihil
1110 2084 1213 2121 aliud
1245 2086 1286 2122 ιιι
1317 2087 1375 2122 his
1407 2067 1575 2123 versibus
1606 2086 1715 2130 inest,

173 2144 285 2178 quam
323 2133 536 2168 arctissima
567 2132 734 2169 amicitia
766 2114 975 2170 Eudemum
1008 2145 1092 2169 cum
1124 2133 1284 2170 Platone
1317 2133 1558 2170 coniunctum
1590 2114 1715 2169 fuisses

173 2201 218 2207 -—
244 2181 286 2216 V.
316 2185 348 2217 3.
382 2177 482 2226 οὐδ’,
515 2182 687 2217 Ammon.
714 2181 861 2227 Philop.
896 2178 991 2217 οὔτ’.
1025 2203 1070 2208 -
1103 2181 1243 2227 αἰνεῖν,
1277 2182 1356 2218 cod.
1390 2181 1476 2218 Bas.
1504 2180 1642 2228 αἰμεῖν.
1672 2202 1714 2207 --

174 2228 217 2264 V
245 2232 277 2264 4.
306 2209 483 2274 ἐναργῶς,
510 2229 669 2275 Menage
697 2225 868 2275 ἐνεργῶς.
918 2229 1065 2266 Hecker
1090 2231 1212 2266 totum
1238 2241 1387 2266 versum
1419 2231 1472 2266 sic
1504 2229 1713 2266 conforma—

174 2277 247 2313 vit.
274 2276 445 2322 μοῦνος
470 2275 546 2312 καὶ
572 2277 718 2334 πρῶτος
742 2277 897 2322 θνητῶν
925 2272 991 2312 ὅδ’
1021 2276 1204 2321 ἔδειξεν
1227 2274 1404 2324 ἐναργῶς.
1428 2300 1469 2304 —
1492 2278 1535 2314 V.
1558 2281 1589 2314 5.
1618 2280 1713 2324 μεθ-

173 2322 314 2368 όδοισι,
346 2323 427 2360 cod.
460 2323 544 2359 Bas.
577 2321 771 2370 μεθόδοις.
805 2345 850 2350 -
884 2324 930 2360 V.
957 2329 1078 2361 7.non
1108 2326 1251 2361 temere
1282 2325 1426 2362 Zellero
1458 2325 1590 2362 vitium
1630 2337 1715 2361 con-

174 2372 332 2408 traxisse
358 2371 527 2415 videtur,
551 2371 787 2408 scribendum
814 2371 976 2409 arbitror
1001 2373 1087 2408 τῶν
1113 2373 1197 2409 νῦν
1229 2369 1269 2409 δ’
1298 2372 1392 2418 ἔστι,
1424 2375 1468 2410 ut
1492 2373 1716 2410 Aristoteles

175 2420 322 2465 dixerit,
348 2430 394 2455 ex
420 2419 640 2466 aequalibus
670 2420 816 2455 nullum
858 2421 1156 2457 consummatam
1189 2421 1286 2458 hanc
1317 2421 1497 2458 virtutem
1530 2423 1567 2457 et
1597 2421 1716 2457 felici-

139 2504 143 2508 ,
173 2469 293 2504 tatem
320 2470 562 2504 consecutum
588 2478 668 2504 esse
693 2467 755 2503 vel
781 2468 958 2514 consequi
982 2480 1109 2515 posse,
1142 2468 1278 2506 eximio
1314 2470 1384 2505 hoc
1409 2469 1610 2516 praeconio
1637 2481 1715 2504 ma-

175 2516 335 2562 gistrum
373 2524 521 2551 ornans.
573 2515 647 2552 Sed
685 2515 842 2551 fortasse
875 2516 989 2552 etiam
1024 2516 1230 2553 novissima
1262 2517 1377 2554 verba
1408 2517 1493 2553 vitii
1523 2529 1599 2553 non
1631 2518 1718 2553 sunt

177 2563 373 2622 immunia,
399 2565 499 2601 certe
525 2562 617 2599 ποτέ
637 2563 871 2599 admodum
860 2575 959 2600 iners
979 2564 1290 2611 additamentum,
1309 2564 1438 2610 itaque
1457 2564 1605 2602 tentavi
1630 2564 1716 2600 τῶν

176 2612 248 2647 νῦν
281 2608 318 2646 δ’
355 2610 431 2647 ἔστι
463 2613 594 2667 λαβεῖν
633 2607 767 2647 οὗδένι
798 2608 937 2648 ταύτὸ
970 2609 1120 2660 πόθῳ,
1152 2614 1257 2649 nobis
1288 2624 1333 2649 ne
1362 2614 1456 2649 votis
1486 2614 1632 2659 quidem
1657 2624 1716 2649 ex-

170 2663 290 2706 petere
315 2660 396 2696 licet
421 2660 537 2703 idem,
571 2660 595 2695 i.
623 2671 652 2695 e.
679 2659 777 2695 hanc
804 2649 1099 2696 consummatam
1133 2660 1353 2696 felicitatem
1380 2662 1419 2697 et
1445 2661 1643 2704 virtutem;
1670 2659 1716 2696 ef.

178 2706 289 2765 Soph.
324 2707 415 2743 Oed.
442 2707 519 2744 Col.
548 2711 639 2744 1679
673 2704 722 2748 ὡς
754 2704 901 2753 μάλιστ’
936 2703 984 2743 ἂν
1017 2707 1054 2744 εἰ
1082 2705 1193 2756 πόθῳ
1226 2706 1376 2757 λάβοις,
1407 2709 1474 2745 ubi
1505 2709 1642 2745 Canter
1675 2706 1717 2743 ἔν

177 2753 289 2803 πόθῳ
330 2755 402 2791 scri
431 2756 490 2792 sit
540 2754 744 2800 Bernaysio
776 2752 951 2800 μουνὰξ
985 2752 1023 2790 δ’
1062 2753 1138 2791 ἔστι
1173 2757 1304 2803 λαβεῖν
1342 2757 1526 2803 corrigere
1563 2755 1717 2802 placuit,

179 2791 275 2848 (vid.
287 2802 381 2839 Mus.
402 2767 472 2839 fib.
493 2803 649 2838 XXXIII
669 2806 738 2838 231
766 2805 875 2848 seqq)
906 2803 1008 2839 idem
1039 2804 1156 2850 negat
1185 2804 1280 2840 haec
1306 2804 1503 2840 Platonem
1531 2806 1717 2858 specum-,e

178 2853 217 2887 et
242 2850 289 2886 ad
317 2849 507 2887 Socratem
533 2851 664 2895 refert,
698 2861 808 2895 quae
826 2850 996 2895 quamvis
1023 2853 1155 2896 argute
1188 2850 1456 2898 disputaverit,
1488 2850 1583 2887 mihi
1617 2853 1716 2888 certe

178 2909 253 2934 non
266 2898 459 2943 persuasit.
471 2898 658 2955 Gomperz
667 2898 841 2955 (Wiener
852 2897 956 2935 Stud.
969 2898 1050 2944 le
1069 2902 1285 2943 1)assensus
1300 2900 1504 2946 Bernaysio
1520 2900 1716 2946 aliquanto

179 2945 410 2993 probabilius
437 2942 482 2982 οὗ
508 2947 613 2992 δίχα
639 2942 676 2981 δ’
707 2945 784 2981 ἔστι
810 2947 939 2992 λαβειν
958 2945 1165 2994 proposuit,
1186 2948 1251 2983 sed
1271 2959 1368 2994 nego
1388 2959 1431 2983 ae
1451 2958 1616 2994 pernego
1636 2946 1716 2982 Ari-

180 2993 354 3030 stotelem
379 2994 473 3029 haec
499 2994 545 3030 de
559 2960 726 3030 xSocrate
754 2994 868 3029 verba.
892 2994 1035 3050 fecisse.

252 3059 382 3086 Pomm:
403 3059 481 3085 Lyn.
501 3060 544 3085 11.
1385 3059 1430 3090 22
