<?xml version="1.0" encoding="UTF-8"?>
<!DOCTYPE html PUBLIC "-//W3C//DTD XHTML 1.0 Transitional//EN"
    "http://www.w3.org/TR/xhtml1/DTD/xhtml1-transitional.dtd">
<html xmlns="http://www.w3.org/1999/xhtml" xml:lang="en" lang="en">
 <head>
  <title>
</title>
<meta http-equiv="Content-Type" content="text/html;charset=utf-8" />
  <meta name='ocr-system' content='tesseract 3.04.00' />
  <meta name='ocr-capabilities' content='ocr_page ocr_carea ocr_par ocr_line ocrx_word'/>
</head>
<body>
  <div class='ocr_page' id='page_1' title='image "./poetaelyricigrae02berguoft_0393.png"; bbox 0 0 1890 3216; ppageno 0'>
   <div class='ocr_carea' id='block_1_1' title="bbox 914 766 1703 811">
    <p class='ocr_par' dir='ltr' id='par_1_1' title="bbox 914 766 1703 811">
     <span class='ocr_line' id='line_1_1' title="bbox 914 766 1703 811; baseline -0.003 -3"><span class='ocrx_word' id='word_1_1' title='bbox 914 766 947 811; x_wconf 94' lang='lat' dir='ltr'><em>I.</em></span> <span class='ocrx_word' id='word_1_2' title='bbox 1634 775 1703 807; x_wconf 83' lang='lat'><em>683</em></span> 
     </span>
    </p>
   </div>
   <div class='ocr_carea' id='block_1_2' title="bbox 554 832 1300 911">
    <p class='ocr_par' dir='ltr' id='par_1_2' title="bbox 554 832 1300 911">
     <span class='ocr_line' id='line_1_2' title="bbox 554 832 1300 911; baseline 0 -1"><span class='ocrx_word' id='word_1_3' title='bbox 554 832 1300 911; x_wconf 56' lang='lat' dir='ltr'><strong>ARCHILOOHUS</strong></span> 
     </span>
    </p>
   </div>
   <div class='ocr_carea' id='block_1_3' title="bbox 782 989 1081 1129">
    <p class='ocr_par' dir='ltr' id='par_1_3' title="bbox 782 989 1081 1129">
     <span class='ocr_line' id='line_1_3' title="bbox 782 989 1081 1022; baseline 0 0"><span class='ocrx_word' id='word_1_4' title='bbox 782 989 1081 1022; x_wconf 86' lang='grc' dir='ltr'><strong>ΕΛΕΓΕΙΑ.</strong></span> 
     </span>
     <span class='ocr_line' id='line_1_4' title="bbox 820 1073 1052 1129; baseline 0.004 -14"><span class='ocrx_word' id='word_1_5' title='bbox 820 1075 854 1116; x_wconf 82' lang='grc'><em>1.</em></span> <span class='ocrx_word' id='word_1_6' title='bbox 890 1073 1052 1129; x_wconf 79' lang='lat'><strong>[52.]*)</strong></span> 
     </span>
    </p>
   </div>
   <div class='ocr_carea' id='block_1_4' title="bbox 235 1153 1430 1283">
    <p class='ocr_par' dir='ltr' id='par_1_4' title="bbox 235 1153 1430 1283">
     <span class='ocr_line' id='line_1_5' title="bbox 235 1153 1430 1220; baseline -0.002 -20"><span class='ocrx_word' id='word_1_7' title='bbox 235 1155 341 1214; x_wconf 85' lang='grc' dir='ltr'>Εἰμὶ</span> <span class='ocrx_word' id='word_1_8' title='bbox 375 1154 417 1200; x_wconf 79' lang='grc' dir='ltr'><em>δ’</em></span> <span class='ocrx_word' id='word_1_9' title='bbox 454 1154 539 1212; x_wconf 75' lang='grc' dir='ltr'><em>ἐγὼ</em></span> <span class='ocrx_word' id='word_1_10' title='bbox 573 1154 790 1214; x_wconf 81' lang='grc' dir='ltr'><em>θεράπων</em></span> <span class='ocrx_word' id='word_1_11' title='bbox 822 1155 904 1213; x_wconf 76' lang='grc' dir='ltr'><em>μὲν</em></span> <span class='ocrx_word' id='word_1_12' title='bbox 932 1153 1186 1220; x_wconf 46' lang='grc' dir='ltr'><em>Ἐνυαλςῖ-οιο</em></span> <span class='ocrx_word' id='word_1_13' title='bbox 1219 1154 1430 1209; x_wconf 71' lang='grc' dir='ltr'><em>ἄνακτος,</em></span> 
     </span>
     <span class='ocr_line' id='line_1_6' title="bbox 293 1216 1340 1283; baseline -0.003 -11"><span class='ocrx_word' id='word_1_14' title='bbox 293 1227 366 1272; x_wconf 76' lang='grc' dir='ltr'><em>καὶ</em></span> <span class='ocrx_word' id='word_1_15' title='bbox 399 1226 626 1272; x_wconf 83' lang='grc' dir='ltr'><strong><em>Μουσέων</em></strong></span> <span class='ocrx_word' id='word_1_16' title='bbox 659 1224 819 1283; x_wconf 76' lang='grc' dir='ltr'><em>ἐρατὸν</em></span> <span class='ocrx_word' id='word_1_17' title='bbox 853 1216 1005 1282; x_wconf 62' lang='grc' dir='ltr'><em>δῶρον</em></span> <span class='ocrx_word' id='word_1_18' title='bbox 1037 1216 1340 1283; x_wconf 83' lang='grc' dir='ltr'><em>ἐπιστάμενος.</em></span> 
     </span>
    </p>
   </div>
   <div class='ocr_carea' id='block_1_5' title="bbox 843 1323 1705 1377">
    <p class='ocr_par' dir='ltr' id='par_1_5' title="bbox 843 1323 1705 1377">
     <span class='ocr_line' id='line_1_7' title="bbox 843 1323 1705 1377; baseline 0 -13"><span class='ocrx_word' id='word_1_19' title='bbox 843 1323 882 1365; x_wconf 83' lang='grc'><em>2.</em></span> <span class='ocrx_word' id='word_1_20' title='bbox 916 1323 1022 1377; x_wconf 85' lang='grc'>[56.]</span> <span class='ocrx_word' id='word_1_21' title='bbox 1636 1333 1705 1365; x_wconf 77' lang='grc'><em>684</em></span> 
     </span>
    </p>
   </div>
   <div class='ocr_carea' id='block_1_6' title="bbox 231 1402 1574 1535">
    <p class='ocr_par' dir='ltr' id='par_1_6' title="bbox 231 1402 1574 1535">
     <span class='ocr_line' id='line_1_8' title="bbox 231 1402 1574 1464; baseline -0.003 -13"><span class='ocrx_word' id='word_1_22' title='bbox 231 1405 307 1451; x_wconf 89' lang='grc' dir='ltr'><em>Ἐν</em></span> <span class='ocrx_word' id='word_1_23' title='bbox 339 1406 441 1464; x_wconf 80' lang='grc' dir='ltr'><em>δορὶ</em></span> <span class='ocrx_word' id='word_1_24' title='bbox 474 1406 555 1463; x_wconf 84' lang='grc' dir='ltr'><em>μέν</em></span> <span class='ocrx_word' id='word_1_25' title='bbox 589 1423 664 1462; x_wconf 91' lang='grc' dir='ltr'><em>μοι</em></span> <span class='ocrx_word' id='word_1_26' title='bbox 696 1406 810 1462; x_wconf 81' lang='grc' dir='ltr'><em>μᾶζα</em></span> <span class='ocrx_word' id='word_1_27' title='bbox 842 1406 1120 1462; x_wconf 77' lang='grc' dir='ltr'><em>μεμαγμένη,</em></span> <span class='ocrx_word' id='word_1_28' title='bbox 1154 1407 1202 1450; x_wconf 81' lang='grc' dir='ltr'><em>ἐν</em></span> <span class='ocrx_word' id='word_1_29' title='bbox 1235 1404 1337 1462; x_wconf 82' lang='grc' dir='ltr'><em>δορὶ</em></span> <span class='ocrx_word' id='word_1_30' title='bbox 1371 1403 1412 1448; x_wconf 82' lang='grc' dir='ltr'><em>δ’</em></span> <span class='ocrx_word' id='word_1_31' title='bbox 1450 1402 1574 1456; x_wconf 80' lang='grc' dir='ltr'><em>οἶνος</em></span> 
     </span>
     <span class='ocr_line' id='line_1_9' title="bbox 290 1473 1308 1535; baseline -0.002 -13"><span class='ocrx_word' id='word_1_32' title='bbox 290 1475 561 1535; x_wconf 80' lang='grc' dir='ltr'><strong><em>Ἰσμαρικός,</em></strong></span> <span class='ocrx_word' id='word_1_33' title='bbox 595 1479 711 1520; x_wconf 85' lang='grc' dir='ltr'><em>πίνω</em></span> <span class='ocrx_word' id='word_1_34' title='bbox 745 1473 787 1520; x_wconf 80' lang='grc' dir='ltr'><em>δ’</em></span> <span class='ocrx_word' id='word_1_35' title='bbox 824 1477 874 1520; x_wconf 79' lang='grc' dir='ltr'><em>ἐν</em></span> <span class='ocrx_word' id='word_1_36' title='bbox 905 1476 1006 1535; x_wconf 83' lang='grc' dir='ltr'><em>δορὶ</em></span> <span class='ocrx_word' id='word_1_37' title='bbox 1038 1477 1308 1533; x_wconf 78' lang='grc' dir='ltr'><em>κεκλιμένος.</em></span> 
     </span>
    </p>
   </div>
   <div class='ocr_carea' id='block_1_7' title="bbox 845 1573 1024 1627">
    <p class='ocr_par' dir='ltr' id='par_1_7' title="bbox 845 1573 1024 1627">
     <span class='ocr_line' id='line_1_10' title="bbox 845 1573 1024 1627; baseline 0.006 -12"><span class='ocrx_word' id='word_1_38' title='bbox 845 1573 884 1615; x_wconf 89' lang='lat'><em>3.</em></span> <span class='ocrx_word' id='word_1_39' title='bbox 918 1573 1024 1627; x_wconf 75' lang='grc' dir='ltr'><em>[5ο]</em></span> 
     </span>
    </p>
   </div>
   <div class='ocr_carea' id='block_1_8' title="bbox 238 1652 1465 1784">
    <p class='ocr_par' dir='ltr' id='par_1_8' title="bbox 238 1652 1465 1784">
     <span class='ocr_line' id='line_1_11' title="bbox 238 1652 1465 1712; baseline -0.002 -12"><span class='ocrx_word' id='word_1_40' title='bbox 238 1654 307 1700; x_wconf 73' lang='grc' dir='ltr'><em>Οὔ</em></span> <span class='ocrx_word' id='word_1_41' title='bbox 337 1673 407 1700; x_wconf 90' lang='grc' dir='ltr'><em>τοι</em></span> <span class='ocrx_word' id='word_1_42' title='bbox 437 1653 567 1700; x_wconf 82' lang='grc' dir='ltr'><em>πόλλ’</em></span> <span class='ocrx_word' id='word_1_43' title='bbox 603 1655 672 1700; x_wconf 85' lang='grc' dir='ltr'><em>ἐπὶ</em></span> <span class='ocrx_word' id='word_1_44' title='bbox 704 1654 809 1708; x_wconf 81' lang='grc' dir='ltr'><em>τόξα</em></span> <span class='ocrx_word' id='word_1_45' title='bbox 839 1654 1108 1699; x_wconf 80' lang='grc' dir='ltr'><em>τανύσσεται</em></span> <span class='ocrx_word' id='word_1_46' title='bbox 1141 1652 1249 1699; x_wconf 78' lang='grc' dir='ltr'><em>οὐδὲ</em></span> <span class='ocrx_word' id='word_1_47' title='bbox 1279 1661 1465 1712; x_wconf 82' lang='grc' dir='ltr'><em>θαμεῖαι</em></span> 
     </span>
     <span class='ocr_line' id='line_1_12' title="bbox 295 1720 1420 1784; baseline -0.001 -13"><span class='ocrx_word' id='word_1_48' title='bbox 295 1726 568 1784; x_wconf 81' lang='grc' dir='ltr'><em>σφενδόναι,</em></span> <span class='ocrx_word' id='word_1_49' title='bbox 601 1720 692 1771; x_wconf 81' lang='grc' dir='ltr'><em>εὖτ’</em></span> <span class='ocrx_word' id='word_1_50' title='bbox 727 1722 785 1770; x_wconf 74' lang='grc' dir='ltr'><em>ἂν</em></span> <span class='ocrx_word' id='word_1_51' title='bbox 818 1724 874 1783; x_wconf 80' lang='grc' dir='ltr'><em>δὴ</em></span> <span class='ocrx_word' id='word_1_52' title='bbox 905 1728 1059 1783; x_wconf 75' lang='grc' dir='ltr'><em>μῶλον</em></span> <span class='ocrx_word' id='word_1_53' title='bbox 1080 1724 1216 1783; x_wconf 74' lang='grc' dir='ltr'><em>’Ἄρης</em></span> <span class='ocrx_word' id='word_1_54' title='bbox 1247 1726 1420 1784; x_wconf 80' lang='grc' dir='ltr'><em>συνάγῃ</em></span> 
     </span>
    </p>
   </div>
   <div class='ocr_carea' id='block_1_9' title="bbox 163 1853 1772 2476">
    <p class='ocr_par' dir='ltr' id='par_1_9' title="bbox 163 1853 1772 2476">
     <span class='ocr_line' id='line_1_13' title="bbox 262 1853 1707 1903; baseline -0.001 -9"><span class='ocrx_word' id='word_1_55' title='bbox 262 1857 581 1894; x_wconf 77' lang='lat' dir='ltr'><strong>Archilochus.</strong></span> <span class='ocrx_word' id='word_1_56' title='bbox 625 1857 685 1893; x_wconf 83' lang='lat' dir='ltr'><em>Fr.</em></span> <span class='ocrx_word' id='word_1_57' title='bbox 715 1863 744 1892; x_wconf 92' lang='lat'><em>1.</em></span> <span class='ocrx_word' id='word_1_58' title='bbox 783 1857 920 1893; x_wconf 82' lang='lat' dir='ltr'><strong>Athen.</strong></span> <span class='ocrx_word' id='word_1_59' title='bbox 946 1855 1033 1892; x_wconf 88' lang='lat' dir='ltr'><em>XIV</em></span> <span class='ocrx_word' id='word_1_60' title='bbox 1054 1861 1122 1893; x_wconf 82' lang='lat'><em>627</em></span> <span class='ocrx_word' id='word_1_61' title='bbox 1138 1857 1182 1893; x_wconf 88' lang='lat' dir='ltr'><em>C:</em></span> <span class='ocrx_word' id='word_1_62' title='bbox 1220 1853 1470 1903; x_wconf 80' lang='grc' dir='ltr'><em>Ἀρχίλοχος</em></span> <span class='ocrx_word' id='word_1_63' title='bbox 1495 1857 1588 1902; x_wconf 81' lang='grc' dir='ltr'><em>γοῦν</em></span> <span class='ocrx_word' id='word_1_64' title='bbox 1614 1853 1707 1902; x_wconf 77' lang='grc' dir='ltr'><em>ἄγα-</em></span> 
     </span>
     <span class='ocr_line' id='line_1_14' title="bbox 164 1901 1708 1952; baseline -0.001 -10"><span class='ocrx_word' id='word_1_65' title='bbox 164 1903 240 1947; x_wconf 78' lang='grc' dir='ltr'><em>θός</em></span> <span class='ocrx_word' id='word_1_66' title='bbox 266 1901 319 1942; x_wconf 66' lang='grc' dir='ltr'><em>ὢν</em></span> <span class='ocrx_word' id='word_1_67' title='bbox 345 1904 504 1952; x_wconf 82' lang='grc' dir='ltr'><em>ποιητὴς</em></span> <span class='ocrx_word' id='word_1_68' title='bbox 532 1905 682 1950; x_wconf 77' lang='grc' dir='ltr'><em>πρῶτον</em></span> <span class='ocrx_word' id='word_1_69' title='bbox 717 1902 952 1952; x_wconf 75' lang='grc' dir='ltr'><em>ἐκαυχήσατο</em></span> <span class='ocrx_word' id='word_1_70' title='bbox 978 1902 1021 1940; x_wconf 89' lang='grc' dir='ltr'><em>τὸ</em></span> <span class='ocrx_word' id='word_1_71' title='bbox 1049 1902 1244 1941; x_wconf 78' lang='grc' dir='ltr'><em>δύνασθαι</em></span> <span class='ocrx_word' id='word_1_72' title='bbox 1270 1905 1441 1951; x_wconf 83' lang='grc' dir='ltr'><em>μετέχειν</em></span> <span class='ocrx_word' id='word_1_73' title='bbox 1467 1905 1542 1940; x_wconf 76' lang='grc' dir='ltr'><em>τῶν</em></span> <span class='ocrx_word' id='word_1_74' title='bbox 1567 1907 1708 1940; x_wconf 83' lang='grc' dir='ltr'><em>πολιτι-</em></span> 
     </span>
     <span class='ocr_line' id='line_1_15' title="bbox 165 1949 1709 2010; baseline -0.002 -20"><span class='ocrx_word' id='word_1_75' title='bbox 165 1954 244 1990; x_wconf 78' lang='grc' dir='ltr'><em>κῶν</em></span> <span class='ocrx_word' id='word_1_76' title='bbox 269 1950 448 2000; x_wconf 73' lang='grc' dir='ltr'><em>ἀγώνων,</em></span> <span class='ocrx_word' id='word_1_77' title='bbox 475 1950 655 1998; x_wconf 77' lang='grc' dir='ltr'><em>δεύτερον</em></span> <span class='ocrx_word' id='word_1_78' title='bbox 681 1949 720 1988; x_wconf 84' lang='grc' dir='ltr'><em>δ’</em></span> <span class='ocrx_word' id='word_1_79' title='bbox 743 1949 916 2010; x_wconf 77' lang='grc' dir='ltr'><em>ἐμνήσθη</em></span> <span class='ocrx_word' id='word_1_80' title='bbox 937 1953 1011 1987; x_wconf 82' lang='grc' dir='ltr'><em>τῶν</em></span> <span class='ocrx_word' id='word_1_81' title='bbox 1031 1952 1118 1998; x_wconf 83' lang='grc' dir='ltr'><em>περὶ</em></span> <span class='ocrx_word' id='word_1_82' title='bbox 1137 1951 1206 1998; x_wconf 80' lang='grc' dir='ltr'><em>τὴν</em></span> <span class='ocrx_word' id='word_1_83' title='bbox 1232 1950 1435 1998; x_wconf 85' lang='grc' dir='ltr'><em>ποιητικὴν</em></span> <span class='ocrx_word' id='word_1_84' title='bbox 1462 1949 1709 1998; x_wconf 53' lang='grc' dir='ltr'><em>ὑπαρῇόντων</em></span> 
     </span>
     <span class='ocr_line' id='line_1_16' title="bbox 165 1996 1708 2050; baseline -0.001 -13"><span class='ocrx_word' id='word_1_85' title='bbox 165 1998 286 2050; x_wconf 76' lang='grc' dir='ltr'><em>αὐτῷ,</em></span> <span class='ocrx_word' id='word_1_86' title='bbox 312 1999 446 2047; x_wconf 78' lang='grc' dir='ltr'><em>λέγων’</em></span> <span class='ocrx_word' id='word_1_87' title='bbox 485 2000 594 2047; x_wconf 79' lang='grc' dir='ltr'><em>Εἰμὶ</em></span> <span class='ocrx_word' id='word_1_88' title='bbox 620 1996 657 2036; x_wconf 80' lang='grc' dir='ltr'><em>δ’</em></span> <span class='ocrx_word' id='word_1_89' title='bbox 687 1997 771 2046; x_wconf 78' lang='grc' dir='ltr'><em>ἐγὼ</em></span> <span class='ocrx_word' id='word_1_90' title='bbox 797 2003 1018 2047; x_wconf 80' lang='grc' dir='ltr'><em>θεράπων</em></span> <span class='ocrx_word' id='word_1_91' title='bbox 1044 2003 1118 2037; x_wconf 85' lang='grc' dir='ltr'><em>κτλ.</em></span> <span class='ocrx_word' id='word_1_92' title='bbox 1146 2001 1245 2036; x_wconf 81' lang='lat' dir='ltr'><strong>iinde</strong></span> <span class='ocrx_word' id='word_1_93' title='bbox 1269 2000 1374 2036; x_wconf 79' lang='lat' dir='ltr'><strong>Eust.</strong></span> <span class='ocrx_word' id='word_1_94' title='bbox 1404 2004 1507 2044; x_wconf 80' lang='lat'>1320,</span> <span class='ocrx_word' id='word_1_95' title='bbox 1534 2004 1566 2036; x_wconf 82' lang='lat'><em>2.</em></span> <span class='ocrx_word' id='word_1_96' title='bbox 1612 1999 1708 2036; x_wconf 79' lang='lat' dir='ltr'><strong>Suae</strong></span> 
     </span>
     <span class='ocr_line' id='line_1_17' title="bbox 166 2047 1708 2094; baseline -0.002 -9"><span class='ocrx_word' id='word_1_97' title='bbox 166 2048 329 2086; x_wconf 77' lang='lat' dir='ltr'><strong>orationi</strong></span> <span class='ocrx_word' id='word_1_98' title='bbox 347 2049 442 2085; x_wconf 82' lang='lat' dir='ltr'><strong>haee</strong></span> <span class='ocrx_word' id='word_1_99' title='bbox 461 2048 762 2084; x_wconf 73' lang='lat' dir='ltr'><strong>accommodavit</strong></span> <span class='ocrx_word' id='word_1_100' title='bbox 780 2047 879 2084; x_wconf 77' lang='lat' dir='ltr'><strong>Plut.</strong></span> <span class='ocrx_word' id='word_1_101' title='bbox 899 2047 967 2084; x_wconf 88' lang='lat' dir='ltr'><strong>vit.</strong></span> <span class='ocrx_word' id='word_1_102' title='bbox 983 2047 1095 2084; x_wconf 86' lang='lat' dir='ltr'><strong>Phoc.</strong></span> <span class='ocrx_word' id='word_1_103' title='bbox 1113 2059 1143 2084; x_wconf 90' lang='lat' dir='ltr'><em>c.</em></span> <span class='ocrx_word' id='word_1_104' title='bbox 1159 2052 1191 2093; x_wconf 82' lang='lat'><em>7,</em></span> <span class='ocrx_word' id='word_1_105' title='bbox 1213 2059 1324 2094; x_wconf 87' lang='lat' dir='ltr'><strong>quem</strong></span> <span class='ocrx_word' id='word_1_106' title='bbox 1344 2048 1514 2093; x_wconf 75' lang='lat' dir='ltr'><strong>sequitur</strong></span> <span class='ocrx_word' id='word_1_107' title='bbox 1528 2047 1708 2083; x_wconf 84' lang='lat' dir='ltr'><strong>Themist.</strong></span> 
     </span>
     <span class='ocr_line' id='line_1_18' title="bbox 167 2092 1710 2142; baseline -0.001 -10"><span class='ocrx_word' id='word_1_108' title='bbox 167 2096 228 2133; x_wconf 89' lang='lat' dir='ltr'><em>Or.</em></span> <span class='ocrx_word' id='word_1_109' title='bbox 249 2095 318 2132; x_wconf 89' lang='lat' dir='ltr'><em>XV</em></span> <span class='ocrx_word' id='word_1_110' title='bbox 336 2108 372 2142; x_wconf 89' lang='lat' dir='ltr'><em>p.</em></span> <span class='ocrx_word' id='word_1_111' title='bbox 395 2099 480 2132; x_wconf 80' lang='lat'>185:</span> <span class='ocrx_word' id='word_1_112' title='bbox 507 2093 794 2142; x_wconf 73' lang='grc' dir='ltr'><em>ἀμφότερον,</em></span> <span class='ocrx_word' id='word_1_113' title='bbox 819 2098 903 2141; x_wconf 83' lang='grc' dir='ltr'><em>θερ.</em></span> <span class='ocrx_word' id='word_1_114' title='bbox 926 2116 968 2120; x_wconf 86' lang='grc'>-</span> <span class='ocrx_word' id='word_1_115' title='bbox 996 2095 1040 2132; x_wconf 88' lang='lat' dir='ltr'><em>V.</em></span> <span class='ocrx_word' id='word_1_116' title='bbox 1063 2100 1094 2132; x_wconf 92' lang='lat'><em>1.</em></span> <span class='ocrx_word' id='word_1_117' title='bbox 1122 2094 1191 2142; x_wconf 77' lang='grc' dir='ltr'><em>μὲν</em></span> <span class='ocrx_word' id='word_1_118' title='bbox 1218 2107 1290 2132; x_wconf 89' lang='lat' dir='ltr'><em>om.</em></span> <span class='ocrx_word' id='word_1_119' title='bbox 1316 2095 1448 2131; x_wconf 86' lang='lat' dir='ltr'><strong>Them.</strong></span> <span class='ocrx_word' id='word_1_120' title='bbox 1475 2117 1519 2122; x_wconf 94' lang='lat'><em>--</em></span> <span class='ocrx_word' id='word_1_121' title='bbox 1546 2092 1710 2136; x_wconf 78' lang='grc' dir='ltr'><em>ἄνακτος</em></span> 
     </span>
     <span class='ocr_line' id='line_1_19' title="bbox 167 2140 1708 2190; baseline -0.001 -11"><span class='ocrx_word' id='word_1_122' title='bbox 167 2143 270 2189; x_wconf 69' lang='lat' dir='ltr'><em>Ath„</em></span> <span class='ocrx_word' id='word_1_123' title='bbox 295 2145 407 2179; x_wconf 74' lang='grc' dir='ltr'><em>θεοῖο</em></span> <span class='ocrx_word' id='word_1_124' title='bbox 431 2143 532 2180; x_wconf 81' lang='lat' dir='ltr'><strong>Plut.</strong></span> <span class='ocrx_word' id='word_1_125' title='bbox 561 2143 604 2190; x_wconf 87' lang='lat' dir='ltr'><em>(C</em></span> <span class='ocrx_word' id='word_1_126' title='bbox 631 2140 820 2184; x_wconf 75' lang='grc' dir='ltr'><em>ἐνυαλιοῐς</em></span> <span class='ocrx_word' id='word_1_127' title='bbox 844 2144 968 2187; x_wconf 78' lang='grc' dir='ltr'><em>θεοῖς)</em></span> <span class='ocrx_word' id='word_1_128' title='bbox 995 2143 1125 2180; x_wconf 90' lang='lat' dir='ltr'><strong>Them.</strong></span> <span class='ocrx_word' id='word_1_129' title='bbox 1153 2164 1198 2169; x_wconf 90' lang='lat'><em>--</em></span> <span class='ocrx_word' id='word_1_130' title='bbox 1223 2143 1267 2180; x_wconf 92' lang='lat' dir='ltr'><em>V.</em></span> <span class='ocrx_word' id='word_1_131' title='bbox 1289 2148 1321 2179; x_wconf 82' lang='lat'><em>2.</em></span> <span class='ocrx_word' id='word_1_132' title='bbox 1348 2142 1549 2187; x_wconf 85' lang='grc' dir='ltr'><em>Μουσέων,</em></span> <span class='ocrx_word' id='word_1_133' title='bbox 1577 2143 1708 2178; x_wconf 86' lang='lat' dir='ltr'><strong>Them.</strong></span> 
     </span>
     <span class='ocr_line' id='line_1_20' title="bbox 166 2187 1708 2238; baseline -0.001 -10"><span class='ocrx_word' id='word_1_134' title='bbox 166 2190 303 2228; x_wconf 77' lang='lat' dir='ltr'><strong>Athen.</strong></span> <span class='ocrx_word' id='word_1_135' title='bbox 330 2190 429 2238; x_wconf 63' lang='lat' dir='ltr'><strong>epit„-</strong></span> <span class='ocrx_word' id='word_1_136' title='bbox 446 2190 550 2227; x_wconf 72' lang='lat' dir='ltr'><strong>Eust.</strong></span> <span class='ocrx_word' id='word_1_137' title='bbox 577 2189 783 2227; x_wconf 81' lang='grc' dir='ltr'><em>Μουσάων.</em></span> <span class='ocrx_word' id='word_1_138' title='bbox 817 2211 861 2217; x_wconf 93' lang='lat'><em>—-</em></span> <span class='ocrx_word' id='word_1_139' title='bbox 898 2187 1052 2235; x_wconf 79' lang='grc' dir='ltr'><em>ἐρατὸν,</em></span> <span class='ocrx_word' id='word_1_140' title='bbox 1079 2190 1176 2227; x_wconf 88' lang='lat' dir='ltr'><strong>Plut.</strong></span> <span class='ocrx_word' id='word_1_141' title='bbox 1205 2188 1345 2237; x_wconf 76' lang='grc' dir='ltr'><em>ἐρατᾶν</em></span> <span class='ocrx_word' id='word_1_142' title='bbox 1372 2191 1414 2236; x_wconf 89' lang='lat' dir='ltr'><em>(C</em></span> <span class='ocrx_word' id='word_1_143' title='bbox 1442 2187 1595 2237; x_wconf 79' lang='grc' dir='ltr'><em>ἐρετᾶν,</em></span> <span class='ocrx_word' id='word_1_144' title='bbox 1621 2191 1708 2227; x_wconf 82' lang='lat' dir='ltr'><em>FaV</em></span> 
     </span>
     <span class='ocr_line' id='line_1_21' title="bbox 169 2235 1765 2285; baseline -0.003 -10"><span class='ocrx_word' id='word_1_145' title='bbox 169 2236 339 2285; x_wconf 76' lang='grc' dir='ltr'><em>ἐρατῶν).</em></span> <span class='ocrx_word' id='word_1_146' title='bbox 366 2259 411 2264; x_wconf 88' lang='lat'><em>——</em></span> <span class='ocrx_word' id='word_1_147' title='bbox 448 2235 714 2284; x_wconf 78' lang='grc' dir='ltr'><em>ἐπιστάμενος,</em></span> <span class='ocrx_word' id='word_1_148' title='bbox 745 2250 804 2284; x_wconf 83' lang='lat' dir='ltr'><em>ap.</em></span> <span class='ocrx_word' id='word_1_149' title='bbox 832 2238 919 2274; x_wconf 88' lang='lat' dir='ltr'><strong>Ath.</strong></span> <span class='ocrx_word' id='word_1_150' title='bbox 945 2238 975 2273; x_wconf 93' lang='lat' dir='ltr'>B</span> <span class='ocrx_word' id='word_1_151' title='bbox 1001 2236 1264 2284; x_wconf 78' lang='grc' dir='ltr'><em>ἐπιστάμενον.</em></span> <span class='ocrx_word' id='word_1_152' title='bbox 1316 2239 1492 2275; x_wconf 76' lang='lat' dir='ltr'><strong>Imitatur</strong></span> <span class='ocrx_word' id='word_1_153' title='bbox 1517 2239 1707 2274; x_wconf 81' lang='lat' dir='ltr'><strong>Romanus</strong></span> <span class='ocrx_word' id='word_1_154' title='bbox 1760 2264 1765 2270; x_wconf 89' lang='lat'><strong>.</strong></span> 
     </span>
     <span class='ocr_line' id='line_1_22' title="bbox 163 2281 1772 2332; baseline 0 -10"><span class='ocrx_word' id='word_1_155' title='bbox 163 2287 281 2322; x_wconf 86' lang='lat' dir='ltr'><strong>homo</strong></span> <span class='ocrx_word' id='word_1_156' title='bbox 307 2286 421 2322; x_wconf 78' lang='lat' dir='ltr'><strong>Anth.</strong></span> <span class='ocrx_word' id='word_1_157' title='bbox 450 2286 489 2323; x_wconf 91' lang='lat' dir='ltr'><em>P.</em></span> <span class='ocrx_word' id='word_1_158' title='bbox 515 2285 567 2321; x_wconf 91' lang='lat' dir='ltr'><em>IX</em></span> <span class='ocrx_word' id='word_1_159' title='bbox 587 2290 674 2322; x_wconf 82' lang='lat'>389:</span> <span class='ocrx_word' id='word_1_160' title='bbox 703 2285 780 2332; x_wconf 81' lang='grc' dir='ltr'><em>εἰμὶ</em></span> <span class='ocrx_word' id='word_1_161' title='bbox 806 2284 876 2332; x_wconf 71' lang='grc' dir='ltr'><em>μὲν</em></span> <span class='ocrx_word' id='word_1_162' title='bbox 902 2281 1124 2332; x_wconf 76' lang='grc' dir='ltr'><em>εὖθώρηκος</em></span> <span class='ocrx_word' id='word_1_163' title='bbox 1146 2284 1344 2322; x_wconf 75' lang='grc' dir='ltr'><em>Ἐνυαλίου</em></span> <span class='ocrx_word' id='word_1_164' title='bbox 1370 2283 1606 2332; x_wconf 83' lang='grc' dir='ltr'><em>πολεμιστής,</em></span> <span class='ocrx_word' id='word_1_165' title='bbox 1633 2285 1711 2332; x_wconf 81' lang='grc' dir='ltr'><em>εἰμὶ</em></span> <span class='ocrx_word' id='word_1_166' title='bbox 1769 2330 1772 2332; x_wconf 15' lang='grc' dir='ltr'><em>Ὗ</em></span> 
     </span>
     <span class='ocr_line' id='line_1_23' title="bbox 167 2330 1706 2390; baseline -0.001 -20"><span class='ocrx_word' id='word_1_167' title='bbox 167 2332 210 2370; x_wconf 70' lang='grc' dir='ltr'><em>δὲ</em></span> <span class='ocrx_word' id='word_1_168' title='bbox 230 2333 296 2370; x_wconf 74' lang='grc' dir='ltr'><em>καὶ</em></span> <span class='ocrx_word' id='word_1_169' title='bbox 313 2331 499 2379; x_wconf 77' lang='grc' dir='ltr'><em>θεράπων</em></span> <span class='ocrx_word' id='word_1_170' title='bbox 519 2331 739 2370; x_wconf 77' lang='grc' dir='ltr'><em>Ἑλικωνίου</em></span> <span class='ocrx_word' id='word_1_171' title='bbox 757 2330 991 2390; x_wconf 62' lang='grc' dir='ltr'><em>Ἀπόλλωνος,</em></span> <span class='ocrx_word' id='word_1_172' title='bbox 1017 2330 1148 2375; x_wconf 81' lang='grc' dir='ltr'><em>αὐτοῖς</em></span> <span class='ocrx_word' id='word_1_173' title='bbox 1160 2335 1247 2379; x_wconf 86' lang='lat' dir='ltr'><strong>(hoc</strong></span> <span class='ocrx_word' id='word_1_174' title='bbox 1259 2334 1395 2370; x_wconf 88' lang='lat' dir='ltr'><strong>vitium</strong></span> <span class='ocrx_word' id='word_1_175' title='bbox 1410 2334 1638 2370; x_wconf 83' lang='lat' dir='ltr'><strong>contraxisse</strong></span> <span class='ocrx_word' id='word_1_176' title='bbox 1653 2334 1706 2369; x_wconf 81' lang='lat' dir='ltr'><em>vi-</em></span> 
     </span>
     <span class='ocr_line' id='line_1_24' title="bbox 169 2378 1706 2427; baseline 0 -10"><span class='ocrx_word' id='word_1_177' title='bbox 169 2382 292 2427; x_wconf 72' lang='lat' dir='ltr'><strong>detur)</strong></span> <span class='ocrx_word' id='word_1_178' title='bbox 319 2378 362 2418; x_wconf 74' lang='grc' dir='ltr'><em>ἐν</em></span> <span class='ocrx_word' id='word_1_179' title='bbox 380 2378 559 2427; x_wconf 82' lang='grc' dir='ltr'><em>πρώτοισι</em></span> <span class='ocrx_word' id='word_1_180' title='bbox 583 2379 803 2426; x_wconf 81' lang='grc' dir='ltr'><em>λελεγμένος</em></span> <span class='ocrx_word' id='word_1_181' title='bbox 827 2378 1085 2422; x_wconf 79' lang='grc' dir='ltr'><em>ἅσπιδιωταις.</em></span> <span class='ocrx_word' id='word_1_182' title='bbox 1122 2381 1283 2418; x_wconf 81' lang='lat' dir='ltr'><strong>Parodia</strong></span> <span class='ocrx_word' id='word_1_183' title='bbox 1307 2381 1398 2418; x_wconf 83' lang='lat' dir='ltr'><strong>lusit</strong></span> <span class='ocrx_word' id='word_1_184' title='bbox 1417 2382 1558 2418; x_wconf 84' lang='lat' dir='ltr'><strong>Theod.</strong></span> <span class='ocrx_word' id='word_1_185' title='bbox 1580 2381 1706 2417; x_wconf 84' lang='lat' dir='ltr'><strong>Prodr.</strong></span> 
     </span>
     <span class='ocr_line' id='line_1_25' title="bbox 169 2425 1706 2476; baseline 0 -12"><span class='ocrx_word' id='word_1_186' title='bbox 169 2428 211 2464; x_wconf 80' lang='lat' dir='ltr'><em>in</em></span> <span class='ocrx_word' id='word_1_187' title='bbox 234 2429 408 2475; x_wconf 72' lang='lat' dir='ltr'><strong>Excerpt.</strong></span> <span class='ocrx_word' id='word_1_188' title='bbox 435 2429 530 2465; x_wconf 85' lang='lat' dir='ltr'><strong>Bibl.</strong></span> <span class='ocrx_word' id='word_1_189' title='bbox 555 2429 671 2465; x_wconf 76' lang='lat' dir='ltr'><strong>Paris.</strong></span> <span class='ocrx_word' id='word_1_190' title='bbox 691 2428 744 2464; x_wconf 90' lang='lat' dir='ltr'><em>VI</em></span> <span class='ocrx_word' id='word_1_191' title='bbox 763 2432 850 2465; x_wconf 79' lang='lat'><strong>528:</strong></span> <span class='ocrx_word' id='word_1_192' title='bbox 880 2425 933 2475; x_wconf 77' lang='grc' dir='ltr'><em>ἄμ</em></span> <span class='ocrx_word' id='word_1_193' title='bbox 967 2425 1097 2474; x_wconf 87' lang='grc' dir='ltr'><em>ὀτερον</em></span> <span class='ocrx_word' id='word_1_194' title='bbox 1122 2426 1307 2475; x_wconf 78' lang='grc' dir='ltr'><em>θεράπων</em></span> <span class='ocrx_word' id='word_1_195' title='bbox 1333 2428 1404 2476; x_wconf 73' lang='grc' dir='ltr'><em>μὲν</em></span> <span class='ocrx_word' id='word_1_196' title='bbox 1429 2433 1706 2476; x_wconf 80' lang='grc' dir='ltr'><em>πραγματικοῖο</em></span> 
     </span>
    </p>
   </div>
   <div class='ocr_carea' id='block_1_10' title="bbox 1055 2474 1063 2485">
    <p class='ocr_par' dir='ltr' id='par_1_10' title="bbox 1055 2474 1063 2485">
     <span class='ocr_line' id='line_1_26' title="bbox 1055 2474 1063 2485; baseline 0 0"><span class='ocrx_word' id='word_1_197' title='bbox 1055 2474 1063 2485; x_wconf 73' lang='grc' dir='ltr'><strong><em>Ι</em></strong></span> 
     </span>
    </p>
   </div>
   <div class='ocr_carea' id='block_1_11' title="bbox 106 2473 1191 2523">
    <p class='ocr_par' dir='ltr' id='par_1_11' title="bbox 106 2473 1191 2523">
     <span class='ocr_line' id='line_1_27' title="bbox 106 2473 1191 2523; baseline -0.001 -10"><span class='ocrx_word' id='word_1_198' title='bbox 106 2493 110 2498; x_wconf 76' lang='grc'><strong>’</strong></span> <span class='ocrx_word' id='word_1_199' title='bbox 167 2479 280 2514; x_wconf 69' lang='grc' dir='ltr'><em>θεοῖο</em></span> <span class='ocrx_word' id='word_1_200' title='bbox 305 2477 370 2512; x_wconf 79' lang='grc' dir='ltr'><em>καὶ</em></span> <span class='ocrx_word' id='word_1_201' title='bbox 395 2474 592 2515; x_wconf 78' lang='grc' dir='ltr'><em>Μουσάων</em></span> <span class='ocrx_word' id='word_1_202' title='bbox 619 2473 756 2521; x_wconf 82' lang='grc' dir='ltr'><em>ἐρατὸν</em></span> <span class='ocrx_word' id='word_1_203' title='bbox 782 2476 904 2522; x_wconf 80' lang='grc' dir='ltr'><em>δῶρον</em></span> <span class='ocrx_word' id='word_1_204' title='bbox 952 2488 1191 2523; x_wconf 83' lang='grc' dir='ltr'><em>πισταμενος.</em></span> 
     </span>
    </p>
   </div>
   <div class='ocr_carea' id='block_1_12' title="bbox 169 2520 1711 2724">
    <p class='ocr_par' dir='ltr' id='par_1_12' title="bbox 169 2520 1711 2724">
     <span class='ocr_line' id='line_1_28' title="bbox 265 2520 1711 2572; baseline -0.001 -12"><span class='ocrx_word' id='word_1_205' title='bbox 265 2524 324 2561; x_wconf 82' lang='lat' dir='ltr'><em>Fr.</em></span> <span class='ocrx_word' id='word_1_206' title='bbox 351 2528 386 2560; x_wconf 80' lang='lat'><em>2.</em></span> <span class='ocrx_word' id='word_1_207' title='bbox 436 2524 570 2560; x_wconf 85' lang='lat' dir='ltr'><strong>Athen.</strong></span> <span class='ocrx_word' id='word_1_208' title='bbox 604 2524 692 2559; x_wconf 88' lang='grc'><em>130</em></span> <span class='ocrx_word' id='word_1_209' title='bbox 712 2523 758 2559; x_wconf 81' lang='lat' dir='ltr'><em>F:</em></span> <span class='ocrx_word' id='word_1_210' title='bbox 798 2520 1048 2570; x_wconf 72' lang='grc' dir='ltr'><em>Ἀρχίλοχος</em></span> <span class='ocrx_word' id='word_1_211' title='bbox 1079 2522 1158 2560; x_wconf 90' lang='grc' dir='ltr'><em>τὸν</em></span> <span class='ocrx_word' id='word_1_212' title='bbox 1191 2522 1369 2568; x_wconf 76' lang='grc' dir='ltr'><em>Νάξιον</em></span> <span class='ocrx_word' id='word_1_213' title='bbox 1396 2522 1523 2560; x_wconf 84' lang='grc' dir='ltr'><em>οἶνον</em></span> <span class='ocrx_word' id='word_1_214' title='bbox 1549 2525 1605 2572; x_wconf 81' lang='grc' dir='ltr'><em>τῷ</em></span> <span class='ocrx_word' id='word_1_215' title='bbox 1638 2523 1711 2560; x_wconf 85' lang='grc' dir='ltr'><em>νέ-</em></span> 
     </span>
     <span class='ocr_line' id='line_1_29' title="bbox 169 2567 1708 2619; baseline 0 -11"><span class='ocrx_word' id='word_1_216' title='bbox 169 2585 302 2618; x_wconf 77' lang='grc' dir='ltr'><em>κταρι</em></span> <span class='ocrx_word' id='word_1_217' title='bbox 326 2570 613 2619; x_wconf 78' lang='grc' dir='ltr'><em>παραβάλλει</em></span> <span class='ocrx_word' id='word_1_218' title='bbox 638 2571 755 2616; x_wconf 72' lang='lat' dir='ltr'><strong>(Euat.</strong></span> <span class='ocrx_word' id='word_1_219' title='bbox 783 2571 850 2607; x_wconf 87' lang='lat' dir='ltr'><em>Od.</em></span> <span class='ocrx_word' id='word_1_220' title='bbox 879 2575 982 2617; x_wconf 79' lang='lat'><strong>1633,</strong></span> <span class='ocrx_word' id='word_1_221' title='bbox 1007 2575 1084 2617; x_wconf 86' lang='lat'>48)·</span> <span class='ocrx_word' id='word_1_222' title='bbox 1118 2567 1160 2612; x_wconf 77' lang='grc' dir='ltr'><em>ὃς</em></span> <span class='ocrx_word' id='word_1_223' title='bbox 1186 2571 1251 2607; x_wconf 78' lang='grc' dir='ltr'><em>καὶ</em></span> <span class='ocrx_word' id='word_1_224' title='bbox 1277 2569 1353 2607; x_wconf 85' lang='grc' dir='ltr'><em>πού</em></span> <span class='ocrx_word' id='word_1_225' title='bbox 1379 2583 1512 2617; x_wconf 86' lang='grc' dir='ltr'><em>φησιν·</em></span> <span class='ocrx_word' id='word_1_226' title='bbox 1538 2569 1607 2607; x_wconf 90' lang='grc' dir='ltr'><em>Ἐν</em></span> <span class='ocrx_word' id='word_1_227' title='bbox 1632 2575 1708 2608; x_wconf 78' lang='grc' dir='ltr'><em>κτλ.</em></span> 
     </span>
     <span class='ocr_line' id='line_1_30' title="bbox 170 2615 1708 2666; baseline -0.001 -11"><span class='ocrx_word' id='word_1_228' title='bbox 170 2620 276 2656; x_wconf 81' lang='lat' dir='ltr'><strong>Adde</strong></span> <span class='ocrx_word' id='word_1_229' title='bbox 304 2620 328 2656; x_wconf 90' lang='lat' dir='ltr'>S</span> <span class='ocrx_word' id='word_1_230' title='bbox 383 2631 432 2657; x_wconf 79' lang='lat' dir='ltr'><em>es.</em></span> <span class='ocrx_word' id='word_1_231' title='bbox 458 2619 577 2666; x_wconf 78' lang='lat' dir='ltr'><strong>Epist.</strong></span> <span class='ocrx_word' id='word_1_232' title='bbox 604 2618 771 2655; x_wconf 87' lang='lat' dir='ltr'>CXXIX:</span> <span class='ocrx_word' id='word_1_233' title='bbox 804 2615 877 2664; x_wconf 77' lang='grc' dir='ltr'><em>ἐγὼ</em></span> <span class='ocrx_word' id='word_1_234' title='bbox 904 2617 946 2655; x_wconf 76' lang='grc' dir='ltr'><em>δὲ</em></span> <span class='ocrx_word' id='word_1_235' title='bbox 973 2616 1047 2655; x_wconf 79' lang='grc' dir='ltr'><em>ὑπὸ</em></span> <span class='ocrx_word' id='word_1_236' title='bbox 1075 2620 1314 2666; x_wconf 78' lang='grc' dir='ltr'><em>μεσοπυργίῳ</em></span> <span class='ocrx_word' id='word_1_237' title='bbox 1339 2618 1567 2666; x_wconf 75' lang='grc' dir='ltr'><em>τεταγμένος</em></span> <span class='ocrx_word' id='word_1_238' title='bbox 1591 2617 1708 2655; x_wconf 78' lang='grc' dir='ltr'><em>ὑπνο-</em></span> 
     </span>
     <span class='ocr_line' id='line_1_31' title="bbox 171 2632 1708 2724; baseline -0.001 -21"><span class='ocrx_word' id='word_1_239' title='bbox 171 2667 289 2723; x_wconf 54' lang='grc' dir='ltr'><em>μαέὧ,</em></span> <span class='ocrx_word' id='word_1_240' title='bbox 315 2632 494 2724; x_wconf 49' lang='grc' dir='ltr'><em>ἐγνυὸορὶ</em></span> <span class='ocrx_word' id='word_1_241' title='bbox 521 2697 528 2705; x_wconf 93' lang='grc'><strong>.</strong></span> <span class='ocrx_word' id='word_1_242' title='bbox 551 2696 559 2703; x_wconf 91' lang='grc'><strong>.</strong></span> <span class='ocrx_word' id='word_1_243' title='bbox 582 2694 590 2702; x_wconf 92' lang='grc'><em>.</em></span> <span class='ocrx_word' id='word_1_244' title='bbox 615 2665 905 2713; x_wconf 74' lang='grc' dir='ltr'><em>κεκλιμένος,</em></span> <span class='ocrx_word' id='word_1_245' title='bbox 931 2663 1002 2702; x_wconf 79' lang='grc' dir='ltr'><em>οὐκ</em></span> <span class='ocrx_word' id='word_1_246' title='bbox 1029 2664 1116 2702; x_wconf 79' lang='grc' dir='ltr'><em>οἶδα</em></span> <span class='ocrx_word' id='word_1_247' title='bbox 1143 2666 1179 2703; x_wconf 81' lang='grc' dir='ltr'><em>εἰ</em></span> <span class='ocrx_word' id='word_1_248' title='bbox 1202 2667 1343 2713; x_wconf 81' lang='grc' dir='ltr'><em>μᾶλλον</em></span> <span class='ocrx_word' id='word_1_249' title='bbox 1366 2664 1556 2715; x_wconf 82' lang='grc' dir='ltr'><em>Ἀρχιλόχῳ</em></span> <span class='ocrx_word' id='word_1_250' title='bbox 1584 2666 1708 2703; x_wconf 80' lang='grc' dir='ltr'><em>εἰπεῖν</em></span> 
     </span>
    </p>
   </div>
   <div class='ocr_carea' id='block_1_13' title="bbox 170 2707 1783 2762">
    <p class='ocr_par' dir='ltr' id='par_1_13' title="bbox 170 2707 1783 2762">
     <span class='ocr_line' id='line_1_32' title="bbox 170 2707 1783 2762; baseline -0.001 -11"><span class='ocrx_word' id='word_1_251' title='bbox 170 2728 291 2751; x_wconf 82' lang='grc' dir='ltr'><em>ταυτα</em></span> <span class='ocrx_word' id='word_1_252' title='bbox 314 2726 554 2762; x_wconf 82' lang='grc' dir='ltr'><em>προσηκοντα</em></span> <span class='ocrx_word' id='word_1_253' title='bbox 582 2707 640 2760; x_wconf 82' lang='grc' dir='ltr'><em>ἦν,</em></span> <span class='ocrx_word' id='word_1_254' title='bbox 667 2715 765 2750; x_wconf 86' lang='lat' dir='ltr'><strong>unde</strong></span> <span class='ocrx_word' id='word_1_255' title='bbox 786 2714 918 2751; x_wconf 80' lang='lat' dir='ltr'><strong>Suidas</strong></span> <span class='ocrx_word' id='word_1_256' title='bbox 943 2726 978 2751; x_wconf 84' lang='lat' dir='ltr'><em>v.</em></span> <span class='ocrx_word' id='word_1_257' title='bbox 999 2711 1204 2760; x_wconf 77' lang='grc' dir='ltr'><em>ὗπνομαχῶ</em></span> <span class='ocrx_word' id='word_1_258' title='bbox 1233 2716 1271 2750; x_wconf 84' lang='lat' dir='ltr'><em>et</em></span> <span class='ocrx_word' id='word_1_259' title='bbox 1296 2725 1341 2750; x_wconf 85' lang='lat' dir='ltr'><em>ex</em></span> <span class='ocrx_word' id='word_1_260' title='bbox 1367 2716 1475 2760; x_wconf 86' lang='lat' dir='ltr'><strong>parte</strong></span> <span class='ocrx_word' id='word_1_261' title='bbox 1501 2727 1534 2750; x_wconf 90' lang='lat' dir='ltr'><em>v.</em></span> <span class='ocrx_word' id='word_1_262' title='bbox 1554 2711 1710 2760; x_wconf 87' lang='grc' dir='ltr'><em>Ἰσμαρι-</em></span> <span class='ocrx_word' id='word_1_263' title='bbox 1781 2751 1783 2753; x_wconf 82' lang='grc'><em>,</em></span> 
     </span>
    </p>
   </div>
   <div class='ocr_carea' id='block_1_14' title="bbox 172 2759 1710 2906">
    <p class='ocr_par' dir='ltr' id='par_1_14' title="bbox 172 2759 1710 2906">
     <span class='ocr_line' id='line_1_33' title="bbox 172 2759 1708 2808; baseline -0.001 -10"><span class='ocrx_word' id='word_1_264' title='bbox 172 2760 238 2804; x_wconf 80' lang='grc' dir='ltr'><em>κὸς</em></span> <span class='ocrx_word' id='word_1_265' title='bbox 262 2760 374 2804; x_wconf 74' lang='grc' dir='ltr'><em>οἶνος.</em></span> <span class='ocrx_word' id='word_1_266' title='bbox 402 2783 447 2789; x_wconf 93' lang='grc'><em>--</em></span> <span class='ocrx_word' id='word_1_267' title='bbox 473 2762 518 2800; x_wconf 91' lang='lat' dir='ltr'><em>V.</em></span> <span class='ocrx_word' id='word_1_268' title='bbox 546 2767 575 2798; x_wconf 92' lang='lat'><em>1.</em></span> <span class='ocrx_word' id='word_1_269' title='bbox 631 2762 704 2805; x_wconf 83' lang='grc' dir='ltr'><em>ἄζα</em></span> <span class='ocrx_word' id='word_1_270' title='bbox 731 2762 829 2807; x_wconf 67' lang='lat' dir='ltr'>Syn„</span> <span class='ocrx_word' id='word_1_271' title='bbox 856 2759 955 2808; x_wconf 79' lang='grc' dir='ltr'><em>μάζα</em></span> <span class='ocrx_word' id='word_1_272' title='bbox 981 2762 1067 2798; x_wconf 85' lang='lat' dir='ltr'><strong>Ath.</strong></span> <span class='ocrx_word' id='word_1_273' title='bbox 1096 2783 1139 2788; x_wconf 90' lang='lat'><strong>—</strong></span> <span class='ocrx_word' id='word_1_274' title='bbox 1166 2760 1404 2808; x_wconf 80' lang='grc' dir='ltr'><em>μεμαγμένη,</em></span> <span class='ocrx_word' id='word_1_275' title='bbox 1430 2761 1460 2796; x_wconf 93' lang='grc' dir='ltr'>Β</span> <span class='ocrx_word' id='word_1_276' title='bbox 1487 2762 1708 2808; x_wconf 78' lang='grc' dir='ltr'><em>μεμιγμένη.</em></span> 
     </span>
     <span class='ocr_line' id='line_1_34' title="bbox 173 2806 1243 2857; baseline -0.002 -11"><span class='ocrx_word' id='word_1_277' title='bbox 173 2830 218 2836; x_wconf 91' lang='grc'>-</span> <span class='ocrx_word' id='word_1_278' title='bbox 244 2807 282 2846; x_wconf 78' lang='grc' dir='ltr'><em>δ’</em></span> <span class='ocrx_word' id='word_1_279' title='bbox 310 2821 381 2846; x_wconf 90' lang='lat' dir='ltr'><em>om.</em></span> <span class='ocrx_word' id='word_1_280' title='bbox 409 2811 494 2857; x_wconf 86' lang='lat' dir='ltr'><strong>Syn.</strong></span> <span class='ocrx_word' id='word_1_281' title='bbox 522 2831 566 2836; x_wconf 89' lang='lat'><em>—-·</em></span> <span class='ocrx_word' id='word_1_282' title='bbox 630 2838 638 2846; x_wconf 92' lang='lat'><strong>.</strong></span> <span class='ocrx_word' id='word_1_283' title='bbox 665 2814 698 2845; x_wconf 83' lang='lat'><em>2.</em></span> <span class='ocrx_word' id='word_1_284' title='bbox 722 2806 948 2856; x_wconf 81' lang='grc' dir='ltr'><em>Ἰσμαρικός,</em></span> <span class='ocrx_word' id='word_1_285' title='bbox 976 2810 1003 2844; x_wconf 86' lang='grc' dir='ltr'><em>Β</em></span> <span class='ocrx_word' id='word_1_286' title='bbox 1027 2806 1243 2855; x_wconf 87' lang='grc' dir='ltr'><em>Ἰσμαρινός.</em></span> 
     </span>
     <span class='ocr_line' id='line_1_35' title="bbox 269 2854 1710 2906; baseline -0.001 -12"><span class='ocrx_word' id='word_1_287' title='bbox 269 2858 328 2895; x_wconf 84' lang='lat' dir='ltr'><em>Fr.</em></span> <span class='ocrx_word' id='word_1_288' title='bbox 354 2863 387 2894; x_wconf 89' lang='lat'><em>3.</em></span> <span class='ocrx_word' id='word_1_289' title='bbox 437 2859 535 2894; x_wconf 75' lang='lat' dir='ltr'><strong>Plut.</strong></span> <span class='ocrx_word' id='word_1_290' title='bbox 562 2858 629 2894; x_wconf 67' lang='lat' dir='ltr'><em>vit.</em></span> <span class='ocrx_word' id='word_1_291' title='bbox 657 2857 766 2894; x_wconf 83' lang='lat' dir='ltr'><strong>Thes.</strong></span> <span class='ocrx_word' id='word_1_292' title='bbox 794 2869 823 2894; x_wconf 87' lang='lat' dir='ltr'><em>c.</em></span> <span class='ocrx_word' id='word_1_293' title='bbox 852 2861 890 2892; x_wconf 84' lang='lat'><em>5:</em></span> <span class='ocrx_word' id='word_1_294' title='bbox 920 2854 971 2892; x_wconf 83' lang='grc' dir='ltr'><em>Οἷ</em></span> <span class='ocrx_word' id='word_1_295' title='bbox 993 2855 1035 2892; x_wconf 79' lang='grc' dir='ltr'><em>δὲ</em></span> <span class='ocrx_word' id='word_1_296' title='bbox 1055 2854 1230 2906; x_wconf 70' lang='grc' dir='ltr'><em>’Ἄβαντες</em></span> <span class='ocrx_word' id='word_1_297' title='bbox 1256 2854 1451 2903; x_wconf 78' lang='grc' dir='ltr'><em>ἐκείραντο</em></span> <span class='ocrx_word' id='word_1_298' title='bbox 1477 2857 1618 2902; x_wconf 77' lang='grc' dir='ltr'><em>πρῶτοι</em></span> <span class='ocrx_word' id='word_1_299' title='bbox 1643 2855 1710 2892; x_wconf 89' lang='grc' dir='ltr'><em>τὸν</em></span> 
     </span>
    </p>
   </div>
   <div class='ocr_carea' id='block_1_15' title="bbox 265 2926 455 2931">
    <p class='ocr_par' dir='ltr' id='par_1_15' title="bbox 265 2926 455 2931">
     <span class='ocr_line' id='line_1_36' title="bbox 265 2926 455 2931; baseline 0 0"><span class='ocrx_word' id='word_1_300' title='bbox 265 2926 455 2931; x_wconf 95' lang='lat' dir='ltr'><em> </em></span> 
     </span>
    </p>
   </div>
   <div class='ocr_carea' id='block_1_16' title="bbox 270 2951 1241 2999">
    <p class='ocr_par' dir='ltr' id='par_1_16' title="bbox 270 2951 1241 2999">
     <span class='ocr_line' id='line_1_37' title="bbox 270 2951 1241 2999; baseline 0.001 -11"><span class='ocrx_word' id='word_1_301' title='bbox 270 2952 305 2999; x_wconf 82' lang='grc'><em>*)</em></span> <span class='ocrx_word' id='word_1_302' title='bbox 331 2953 485 2990; x_wconf 88' lang='lat' dir='ltr'><strong>Numeri</strong></span> <span class='ocrx_word' id='word_1_303' title='bbox 510 2953 651 2989; x_wconf 79' lang='lat' dir='ltr'><strong>adiecti</strong></span> <span class='ocrx_word' id='word_1_304' title='bbox 676 2954 763 2989; x_wconf 85' lang='lat' dir='ltr'><strong>sunt</strong></span> <span class='ocrx_word' id='word_1_305' title='bbox 787 2952 962 2989; x_wconf 81' lang='lat' dir='ltr'><strong>editionis</strong></span> <span class='ocrx_word' id='word_1_306' title='bbox 989 2951 1241 2990; x_wconf 76' lang='lat' dir='ltr'><strong>Liebelianae.</strong></span> 
     </span>
    </p>
   </div>
  </div>
 </body>
</html>
