1890 3216
186 165 269 206 104
716 164 909 199 ΡΟΕΤΑΕ
936 162 1174 200 ELEGI‘ACI.

276 261 433 328 κάμνει
467 270 508 315 δ’
543 270 797 329 ἠεροφοῖτις
829 269 1125 330 ἆριστοπόνος
1155 290 1200 316 τε
1233 273 1417 329 μέλισσα

276 340 303 399 ἢ
336 344 494 401 πέτρης
525 346 676 398 κοίλης
706 341 816 386 κατὰ
849 342 1050 400 χηραμὸν
1082 341 1108 400 ἢ
1143 343 1409 388 δονάκεσσιν
1644 357 1710 389 160

277 412 303 470 ἢ
338 412 474 471 δρυὸς
506 411 701 470 ὥγυγίης
732 413 839 458 κατὰ
873 414 1082 466 κοιλάδος
1115 417 1273 458 ἔνδοθι
1306 419 1504 472 σίμβλων

277 485 463 542 σμήνεσι
495 484 767 543 μυριότρητα
798 484 893 529 κατ’
931 484 1074 530 ἄνθεα
1106 489 1433 544 κηροδομοῦσα.

185 568 250 601 175
338 554 415 612 Μὴ
449 559 602 614 μείνῃς
633 555 822 613 ἄγαμος,
855 556 915 614 μή
947 573 1039 609 πως
1069 556 1306 614 νώνυμνος
1337 557 1486 615 ὄληαι·

278 627 356 679 δός
387 644 429 671 τι
461 626 595 684 φύσει
626 626 802 679 καύτός·
834 628 930 672 τέκε
962 626 1003 672 δ’
1040 631 1247 685 ἔμπαλιν,
1280 627 1339 682 ὡς
1370 629 1623 687 ἐλοχεύθης.

338 697 416 784 Μή
450 698 796 757 προαγωγεύσῃς
819 697 1014 756 ἄλοχον,
1047 700 1121 743 σέο
1153 701 1284 744 τέκνα
1316 704 1524 757 μιαίνων·
1646 714 1712 747 165

277 768 332 814 οὐ
362 769 448 827 γὰρ
480 773 614 814 τίκτει
642 774 803 823 παιδας
835 768 1019 828 ὁμοίους
1050 770 1226 828 μοιχικὰ
1260 771 1428 830 λέκτρα.

277 843 491 900 μητρυιῆς
521 840 580 899 μὴ
614 841 740 898 ψαῦ’,
773 841 849 887 ἅτε
882 842 1067 901 δεύτερα
1099 844 1255 901 λέκτρα
1289 846 1470 901 γονῆος·

277 973 320 1008 V.
350 976 459 1008 171—
469 976 513 1008 74
540 972 648 1008 affert
674 973 796 1009 Schol.
823 973 979 1009 Nieand.
1007 974 1108 1010 Alex.
1136 978 1215 1010 448.
1245 995 1286 1000 -
1323 972 1539 1032 ἠεροφοῖτις
1564 975 1713 1011 Brunck

181 1032 226 1056 ex
251 1031 326 1056 uno
352 1020 450 1064 cod.,
481 1021 519 1055 M
545 1017 787 1079 ἠεροφοίτης
824 1021 946 1056 Schol.
972 1020 1054 1057 Nic.
1081 1021 1233 1057 VaV2H
1259 1018 1483 1079 ἠερόφοιτος
1513 1024 1556 1058 ut
1586 1023 1711 1080 vulgo,

180 1069 235 1103 Α1
264 1065 615 1125 7‘2512896q10tvo9,Vl
642 1066 867 1126 ἠεριφοῖτις,
894 1069 923 1103 Β
950 1066 1174 1114 ἷεροφοίτης.
1202 1090 1246 1095 —
1282 1067 1547 1115 ἆριστοπόνος,
1572 1070 1607 1105 H
1633 1084 1680 1116 αρ
1683 1084 1713 1106 ι-

182 1113 381 1159 στόπονος,
410 1116 440 1149 V
444 1128 466 1151 a
492 1112 762 1174 ἄριστοφόνος,
785 1117 883 1152 idem
910 1118 951 1152 ιι1;
975 1117 1124 1152 videtur
1149 1129 1221 1153 om.
1242 1130 1300 1162 τε,
1326 1129 1421 1162 quae
1448 1118 1592 1175 vocula,
1606 1118 1714 1154 valde

182 1165 374 1220 suspecta,
413 1164 523 1199 credo
554 1166 707 1210 poetam
740 1161 1074 1209 αριστοπόνεια
1108 1165 1317 1210 scripsisse,
1358 1165 1458 1210 quod
1490 1165 1538 1200 ad
1568 1177 1714 1210 αριστο-

181 1209 322 1251 πονεύς
345 1211 606 1267 refe1endum‚
639 1223 732 1268 quo
744 1212 925 1247 vocabulo
952 1212 1128 1247 Manetho
1154 1225 1266 1267 usus3
1299 1211 1471 1248 'similiter
1496 1213 1715 1249 Theocritus

182 1255 460 1303 ἄριστοτόκεια,
493 1258 684 1304 Oppianus
710 1256 993 1304 ἄριστοπόσεια,
1032 1256 1251 1294 αι’νοτόκεια
1283 1260 1457 1296 Moschus
1494 1263 1531 1295 et
1562 1260 1716 1320 Nonnps

182 1306 438 1362 adsciverunt,
471 1306 563 1363 alia,
597 1307 641 1343 cf.
669 1307 819 1342 Lobeck
846 1307 966 1342 Peral.
993 1310 1074 1343 462
1101 1328 1142 1332 -—
1180 1307 1221 1342 V.
1251 1311 1327 1343 172.
1360 1303 1383 1352 ἢ
1409 1307 1484 1352 Va,
1519 1305 1681 1354 vulgor’l
1687 1306 1716 1354 ὲ,

182 1355 236 1389 Al
263 1350 308 1398 ήὲ
334 1352 471 1398 πέτρης
496 1350 518 1399 ἢ
544 1355 671 1410 κοίλης
697 1355 734 1389 et
758 1350 780 1399 ἢ
810 1356 939 1390 δονακ.
965 1375 1011 1379 -
1046 1351 1231 1412 χηραμὸν,
1267 1355 1387 1390 Schol.
1414 1355 1495 1390 Nic.
1523 1356 1602 1391 cod.
1630 1356 1715 1391 Ric-

183 1401 281 1436 card.
303 1401 341 1436 et
361 1400 473 1436 Marc.
494 1399 590 1436 κατὰ
612 1398 765 1447 χιράδος
785 1400 1000 1447 (χοιράδος).
1022 1423 1064 1427 —
1093 1415 1114 1446 η
1136 1399 1377 1446 δονάκεσσιν,
1404 1403 1574 1447 quamvis
1600 1403 1715 1440 schol.

182 1448 263 1484 Nic.
297 1459 381 1483 cum
412 1448 516 1483 libris
550 1449 754 1507 conspiret,
788 1449 890 1484 haud
922 1450 997 1484 scio
1030 1461 1078 1484 an
1112 1449 1243 1484 vitium
1275 1450 1512 1485 contraxerit.
1564 1449 1714 1486 Conieci

183 1495 385 1540 aliquando
418 1495 466 1530 αι
497 1495 804 1532 δονέονται..
827 1526 834 1532 ,
862 1497 1229 1542 κηροδομουσαι;
1268 1497 1581 1542 quemadmodum
1613 1498 1714 1534 haud

182 1554 266 1579 raro
293 1554 367 1578 non
393 1543 513 1578 solum
538 1545 673 1589 poetae
705 1544 752 1579 ad
778 1544 930 1579 Homeri
962 1544 1190 1601 exemplum,
1223 1545 1288 1580 sed
1321 1545 1436 1580 etiam
1463 1545 1528 1590 qui
1552 1545 1718 1590 pedestri

182 1592 339 1626 utuntur
365 1601 551 1636 sermone,
578 1594 665 1636 post
689 1592 840 1627 nomina
866 1590 1084 1636 περιεκτικά
1111 1573 1276 1628 infel-unt
1292 1593 1484 1649 pluralem
1510 1604 1717 1650 numerum,

182 1638 287 1674 velut
310 1637 498 1674 Nicander
523 1639 694 1684 Alexiph.
721 1643 790 1675 445
824 1637 915 1684 ε’ργα
948 1640 1135 1684 μελι’,σσης
1174 1636 1249 1675 αιτ’
1278 1637 1355 1675 ἀπὸ
1389 1637 1528 1686 μόσχου
1556 1638 1716 1686 σμήνεος

184 1683 401 1730 ἐξεγένοντο
427 1689 502 1722 κτλ.
529 1697 637 1730 quem
665 1689 815 1731 poetam
839 1699 1034 1721 numerum
1061 1687 1205 1722 variare
1231 1687 1382 1722 solitum
1411 1699 1490 1722 esse
1515 1687 1716 1723 Schneider

183 1734 231 1768 ad
270 1732 378 1768 Ther
411 1737 477 1768 201
519 1734 692 1768 ostendit.
743 1733 906 1769 Verbum
945 1735 1145 1769 δονεῖσθαι
1171 1733 1435 1792 aptissimum,
1474 1734 1518 1770 cf.
1553 1734 1717 1770 Choerili

182 1792 309 1816 versus
335 1780 421 1825 περὶ
442 1779 483 1816 δὲ
505 1779 645 1826 κρήνας
664 1778 894 1837 ἀρεθούσας
907 1782 1022 1826 μυρια
1048 1777 1140 1826 φῦλ’
1163 1778 1332 1817 ἐδονεῖτο
1358 1780 1626 1827 πολυσμήνοισι
1653 1795 1715 1828 με-

183 1829 324 1868 λίσσαις
355 1829 492 1865 εἴκελα.
525 1849 570 1854 ——
610 1828 652 1865 V.
682 1833 760 1864 173.
787 1825 979 1873 κοιλάδος,
1017 1829 1183 1872 Bernays
1208 1826 1389 1869 κοιλάδας
1414 1829 1573 1874 scripsit.
1623 1829 1715 1864 nihil

182 1875 395 1911 novandum
428 1887 506 1911 esse
539 1876 650 1912 docet
681 1876 869 1912 Nicander
900 1877 1002 1911 Alex.
1030 1880 1099 1912 448
1139 1875 1237 1912 ἔνθα
1270 1875 1311 1911 δὲ
1345 1875 1409 1912 καὶ
1445 1878 1588 1912 κοίλοιο
1618 1890 1714 1912 κατα

185 1920 299 1967 δρυὸς
325 1920 542 1959 ἐκτίσσαντο
567 1922 716 1969 πρῶτόν
742 1937 815 1959 που
840 1921 1035 1969 θαλάμας,
1072 1936 1182 1969 quem
1213 1924 1337 1959 locum
1368 1923 1525 1960 fortasse
1558 1924 1718 1970 scriptor

183 1970 293 2006 huius
327 1970 511 2015 poematis
545 1971 742 2016 expressit,
779 1971 908 2007 eadem
942 1971 1129 2007 structura
1158 1984 1245 2007 usus
1278 1983 1391 2017 supra
1422 1970 1559 2017 πέτρης
1589 1973 1716 2018 κοίλης

183 2014 280 2053 κατὰ
308 2016 495 2063 χοιράδος,
523 2019 552 2053 si
579 2018 689 2054 istam
708 2018 909 2054 lectionem
930 2018 1242 2076 comprobaveris,
1282 2019 1402 2064 Magis
1421 2019 1576 2055 offendit
1596 2020 1716 2055 tribus

183 2066 352 2101 versibus
392 2066 577 2101 continuis
614 2067 751 2102 totiens
789 2066 990 2111 repetitum
1028 2079 1144 2112 κατα,
1181 2067 1273 2102 item
1308 2068 1445 2126 κοίλης
1471 2069 1510 2102 et
1540 2064 1716 2107 κοιλάδας

184 2112 352 2148 finitima.
406 2113 476 2149 Ριο
508 2111 703 2171 κοιλάδος,
742 2113 842 2160 quod
877 2113 1056 2149 adiectivi
1085 2095 1166 2149 vide
1198 2113 1384 2159 fungitur,
1423 2111 1611 2159 ρωγάδος,
1648 2125 1715 2160 pro

183 2174 280 2196 κατα
307 2158 476 2206 χηραμὸν
501 2173 586 2206 poss
583 2160 621 2196 ·is
648 2175 722 2196 ανα
744 2175 774 2207 χ.
803 2161 1002 2207 corrigere,
1029 2172 1114 2196 nam
1134 2162 1516 2207 κατακηροδομοῦσα,
1545 2162 1644 2207 quod
1668 2162 1717 2197 ad

185 2208 398 2253 exemplum
423 2220 456 2244 v.
483 2210 771 2255 κατοικοδομειν
797 2190 1055 2253 dictum,1lon
1081 2211 1139 2244 est
1164 2209 1452 2244 sollicitandum.
1501 2209 1573 2244 Sed
1599 2208 1715 2244 satius

184 2255 279 2291 nihil
309 2267 465 2300 novare,
503 2256 550 2291 ab
582 2257 691 2292 huius
725 2256 908 2302 poematis
943 2256 1184 2302 simplicitate
1216 2256 1311 2292 istae
1341 2256 1584 2302 repetitiones
1614 2257 1716 2292 haud

185 2303 398 2338 abhorrent.
418 2325 465 2328 —
491 2305 670 2360 σίμβλων,
697 2305 751 2339 V2
774 2305 813 2339 σί
810 2306 936 2350 μβλον.
959 2325 1003 2329 -
1030 2304 1072 2339 V.
1097 2308 1174 2340 174.
1201 2300 1373 2361 σμήνεσι,
1401 2304 1438 2338 Μ
1459 2315 1515 2339 εσι
1540 2315 1583 2339 ex
1609 2315 1714 2350 corr„

185 2351 214 2384 B
241 2348 410 2396 σμήνησι.
438 2372 480 2376 -—
508 2349 750 2409 μυριότρητα,
776 2351 931 2386 MBTA1
954 2349 1478 2396 61801101.Νἰο.μυριότητα
1506 2371 1548 2376 -—
1576 2332 1714 2395 ἄνθεα,

184 2397 370 2432 Ruhnken
408 2398 500 2434 coni.
536 2396 657 2444 ἄγγεα
695 2400 822 2444 (atque
853 2399 908 2434 ita.
943 2399 1095 2434 exhibet
1125 2399 1168 2434 ut
1192 2398 1340 2434 videtur
1364 2399 1444 2435 cod.
1472 2398 1572 2434 Gott.
1600 2399 1715 2435 schol

184 2444 266 2480 Nic.
270 2445 297 2502 ζ,
324 2456 393 2489 ego
418 2442 532 2490 ἤθεα.
560 2467 604 2471 -
631 2447 906 2492 κηροδομοῦσα,
932 2447 962 2481 Τ
988 2446 1258 2492 κηροδονοῦσα.
1287 2466 1327 2471 -
1365 2447 1408 2482 V.
1440 2449 1516 2482 175.
1550 2442 1599 2492 μή
1626 2459 1715 2491 πως,

184 2493 239 2528 Vl
269 2505 378 2533 οπως.
429 2494 565 2528 Parum
591 2494 783 2529 commode
810 2507 887 2534 πως
913 2493 1100 2537 additum,
1137 2494 1295 2530 fortasse
1321 2494 1434 2549 poeta
1458 2494 1531 2534 πᾶς
1556 2493 1715 2551 scripsit,

187 2539 287 2584 quod
312 2539 475 2575 breviter
500 2540 641 2576 dictum
667 2553 733 2586 pro
765 2539 815 2586 μὴ
844 2542 918 2582 πᾶς
942 2539 1026 2582 τεὸς
1051 2539 1152 2582 οἶκος
1178 2537 1307 2586 ὄληται
1332 2537 1537 2587 νώνυμνος.
1571 2561 1613 2566 —-
1645 2538 1714 2576 νώ-

185 2600 325 2633 νυμνος
350 2587 395 2632 Β,
427 2585 597 2645 νώνυμος
624 2588 905 2644 V12PA1VaH,
937 2591 979 2624 ut
1009 2589 1133 2634 vulgo.
1166 2608 1210 2614 -—-
1248 2587 1291 2624 V.
1321 2592 1398 2624 176.
1430 2601 1482 2633 τι,
1515 2588 1632 2624 V12H
1636 2589 1713 2645 τῇ,

185 2635 279 2680 Mpr.
306 2648 361 2680 τη.
390 2656 429 2660 —
459 2633 560 2680 τέκε,
588 2636 622 2670 Η
647 2632 746 2671 τόκε.
774 2657 818 2661 —-
845 2636 888 2671 V.
915 2640 992 2672 177.
1020 2647 1310 2692 προαγωγευσῃς
1335 2635 1373 2670 Μ
1397 2636 1436 2670 in
1461 2646 1529 2672 ras.
1555 2657 1603 2661 —
1628 2631 1708 2671 ἅλο-

185 2695 271 2738 χον,
297 2682 352 2718 Vl
380 2678 528 2739 αλογον.
555 2703 599 2708 -
630 2682 674 2718 V.
703 2688 782 2719 178.
809 2697 977 2729 μοιχικα,
1003 2684 1059 2719 Vl
1085 2680 1245 2730 μοιχικὴ.
1279 2703 1323 2709 --
1358 2683 1402 2719 V.
1431 2687 1509 2719 179.
1535 2683 1715 2729 μητρυιῆς

186 2727 236 2775 μὴ
262 2726 374 2774 ψαῦ’,
407 2726 473 2765 ἅτε
508 2730 655 2775 scripsi,
689 2742 806 2776 neque
841 2731 939 2766 enim
971 2731 1202 2776 probandum
1228 2730 1326 2775 quod
1352 2730 1501 2766 Brunck
1527 2730 1645 2766 edidit
1669 2742 1714 2766 ex

185 2787 261 2812 uno
286 2777 383 2813 libro
409 2778 510 2822 ψαῦε
538 2776 584 2813 τὰ
605 2779 636 2814 δ
658 2781 677 2813 λ
710 2792 741 2824 γ.
770 2779 858 2824 (duo
879 2778 945 2814 alii
963 2779 1065 2824 ψαῦε
1087 2780 1152 2824 τε),
1177 2789 1264 2812 nam
1290 2779 1331 2812 ut
1355 2777 1593 2813 insolentiam
1619 2779 1712 2813 stru-

188 2826 315 2860 cturae
341 2825 442 2870 ψαῦε
462 2823 598 2871 λέκτρα
623 2826 939 2871 praetermittam,
964 2826 1144 2872 μητρυιῆς
1164 2823 1298 2881 λέκτρα
1317 2825 1454 2870 γονῆος
1478 2825 1581 2860 nullo
1602 2824 1713 2861 modo

186 2871 391 2908 ferendum.
441 2873 561 2918 Igitur
598 2873 734 2918 stigme
772 2874 859 2919 post
889 2873 989 2919 ψαῦε
1024 2874 1147 2918 posita
1183 2885 1247 2908 ατε
1288 2872 1434 2919 scripsi,
1473 2871 1713 2918 participium

188 2911 304 2955 οὖσαν
330 2920 507 2956 omissum
535 2920 617 2956 aliis
645 2921 824 2967 exemplis
845 2922 937 2957 satis
956 2931 1138 2966 superque
1156 2920 1314 2966 tuearis,
1340 2930 1458 2966 neque
1481 2919 1717 2956 aecusativus

583 3037 602 3057 ἃ
