1890 3216
11 2703 16 2709 Δ
0 2246 10 2646 ν-ψι-ςε-ντυττ-ψ-ι-νν-ν-
0 2168 7 2223 r·—

855 193 1025 229 PLATO.
1626 189 1710 233 307

197 314 219 347 ὅ
245 303 295 347 αἱ
323 301 373 347 δὲ
404 302 528 358 πέριξ
560 307 793 360 θαλεροῖσι
826 300 966 359 χορὸν
998 299 1131 345 ποσὶν
1164 290 1405 357 ἐστήὰαντυ

296 372 529 432 ’Υδριοὶδες
561 373 757 432 νύμφαι,
789 371 965 431 νύμφαι
991 370 1308 430 Ἀμαδρυοῖδες.

908 471 977 514 25.
1643 479 1712 510 626

238 553 458 611 ’Υψίκομον
488 555 595 611 παρὰ
626 555 743 599 τάνδε
774 557 934 605 καθίζεο
966 553 1205 609 φωνήεσσαν

304 624 552 676 φρίσσουσαν
583 628 749 673 πυκνοῖς
779 625 911 664 κῶνον
942 618 1020 664 ὑπὸ
1052 618 1256 675 ζεφύροις,

174 750 359 787 Ruhnken
386 748 519 797 γυρὸν,
558 751 736 787 Heinrich
755 747 912 808 ,avetinu
950 770 993 775 —
1034 749 1076 784 V.
1103 754 1136 785 5.
1177 746 1382 804 ἐστήσαντο
1415 748 1501 784 huic
1527 749 1610 785 loco
1637 760 1710 785 non

173 799 364 844 convenit,
404 800 708 856 exspectaveram
740 795 1006 843 ἄρτίζονται
1038 797 1099 833 vel
1131 797 1257 843 potius
1290 789 1338 832 εὖ
1370 794 1628 842 στήσαιντο.
1664 818 1708 823 -

175 846 217 883 V.
245 851 277 882 6.
305 843 339 882 ‘A
342 827 566 893 μαδρυοὶδας
591 858 637 883 ex
662 845 937 891 antiquioribus
963 845 1085 901 poetis
1111 845 1176 890 qui
1201 844 1454 890 usurpaverit,
1479 844 1570 880 novi
1595 845 1710 880 nemi-

174 905 270 931 nem.
322 895 534 951 Legebatur
565 894 655 930 olim
688 894 727 929 in
759 894 886 939 Myrus
919 894 1035 940 epigr.
1063 892 1174 928 Anth.
1204 892 1252 927 VI
1282 896 1366 936 189,
1402 892 1467 928 sed
1499 892 1552 927 ibi
1585 893 1711 938 Unger

173 941 365 978 verissime
393 939 556 988 Νύμφαι
578 938 805 987 Ἀνιγριάδες
830 941 1002 987 ποταμοῦ
1028 938 1142 986 κόραι
1166 939 1340 976 restituit.
1380 940 1607 976 Pherenious
1635 941 1710 985 epi-

173 1001 238 1026 cus
264 991 388 1036 poeta,
415 990 479 1035 qui
504 989 678 1026 adhibuit
703 992 742 1025 et
767 988 984 1034 explanavit
1007 988 1079 1024 hoc
1109 999 1243 1024 nomen
1263 989 1412 1032 (Athen.
1435 988 1486 1023 llI
1508 990 1579 1033 78),
1606 989 1711 1023 cuius

172 1037 312 1074 saeculi
338 1037 467 1081 fuerit,
494 1037 644 1086 ignoro,
671 1036 742 1073 nisi
768 1036 868 1092 quod
895 1047 940 1072 ex
966 1036 1033 1072 illo
1058 1036 1139 1082 ipso
1166 1036 1249 1072 loco
1275 1034 1414 1081 colligo
1434 1037 1522 1071 ante
1543 1035 1710 1082 Trypho-

171 1084 229 1121 nis
267 1085 504 1132 grammatici
542 1066 708 1121 aetatem
747 1083 900 1128 vixisse,
938 1094 1025 1120 nam
1063 1096 1108 1120 ex
1142 1083 1343 1138 Tryphone
1382 1084 1474 1119 haec
1513 1084 1712 1129 descripsit

172 1132 398 1169 Athenaeus,
438 1133 674 1169 Poematium
699 1112 1001 1169 venustissimum
1021 1131 1060 1168 in
1079 1131 1298 1167 memoriam
1324 1132 1478 1167 revocat
1502 1130 1710 1167 fabularem

174 1179 389 1224 historiam
422 1192 543 1240 quam
568 1181 614 1217 de
640 1180 784 1216 infante
809 1179 967 1216 Platone
993 1181 1107 1216 refert
1133 1179 1423 1225 olympiodorus
1447 1179 1485 1215 in
1512 1179 1592 1215 vita
1615 1180 1710 1216 Plat.

172 1232 260 1266 882.
286 1228 350 1264 καὶ
375 1226 615 1287 γεννηθέντα
641 1226 708 1265 τὸν
734 1225 921 1264 Πλάτωνα
947 1225 1169 1288 λαβόντες
1155 1226 1194 1263 οἴ
1217 1231 1342 1272 γονεῖς
1368 1225 1509 1275 βρέφος
1535 1225 1626 1262 ὄντα
1652 1241 1710 1262 τε-

172 1277 351 1313 &elnam
379 1273 420 1312 ἐν
446 1277 495 1325 τῷ
516 1273 561 1312 Τ
586 1277 702 1333 ηττῷ,
736 1273 960 1325 βουλόμενοι
991 1289 1087 1321 υπερ
1121 1272 1240 1311 αὐτοῦ
1267 1279 1345 1316 τοῖς
1371 1273 1454 1311 ἐκει
1475 1278 1584 1316 θεοῖς
1611 1276 1712 1311 Πανὶ

173 1324 238 1360 καὶ
263 1321 450 1371 Νύμφαις
473 1314 539 1360 καὶ
564 1321 757 1360 Απόλλωνι
780 1325 927 1382 Νομίῳ
939 1324 1077 1368 θυσαι,
1103 1323 1169 1359 καὶ
1194 1321 1372 1369 κειμένου
1400 1320 1519 1358 αὐτοῦ
1545 1321 1712 1369 μέλιτται

172 1369 1162 1466 ἷῗιέσὲἶτῗῖῗσαιειζῧπλέἓΐῖἔὲσῗ,,ἴῖἶθῖυρξΐειὲιῗέζῗ
1175 1369 1552 1455 νᾜριῗιῖειμῗῗῖἓι
1570 1371 1650 1454 {²3³
1652 1383 1711 1464 {¹1¹

172 1468 269 1504 adde
296 1467 370 1505 Cic.
398 1469 444 1504 de
470 1467 544 1503 div.
566 1469 580 1503 Ι
602 1472 647 1504 36
674 1470 713 1504 et
738 1468 820 1504 Val.
840 1468 939 1503 Max.
959 1467 1029 1511 Ι6,
1050 1472 1082 1504 3.
1125 1468 1178 1503 Ac
1205 1465 1405 1502 veiisimile
1431 1467 1489 1502 cst
1513 1467 1710 1503 Platonem

173 1515 435 1562 Nymphaeum
461 1516 500 1551 in
526 1517 655 1552 monte
678 1516 876 1562 Hymetto,
901 1515 1002 1561 quod
1027 1515 1142 1551 etiam
1168 1526 1266 1550 nunc
1291 1514 1480 1560 integrum
1507 1517 1565 1551 est
1589 1526 1711 1550 serva-

173 1566 255 1599 tum
288 1563 389 1608 (vide
420 1563 544 1599 Rossii
574 1563 862 1610 Koenigsreisen
887 1563 923 1598 II
949 1567 993 1600 74
1013 1565 1104 1609 seq.)
1140 1563 1214 1599 loci
1247 1564 1474 1599 amoenitate
1505 1563 1712 1599 delenitum

173 1611 391 1657 frequenter
421 1611 569 1657 visisse‚
609 1611 924 1657 quemadmodum
956 1611 995 1646 in
1020 1610 1190 1647 Phaedro
1215 1610 1475 1656 Nympharum
1506 1622 1645 1647 numen
1670 1621 1714 1647 ac

175 1659 250 1695 vim
275 1659 482 1695 identidem
509 1659 710 1696 collaudat.
761 1659 935 1695 Ceterum
961 1658 1200 1703 miraculum,
1227 1658 1328 1704 quod
1354 1658 1427 1704 ipsi
1452 1658 1603 1694 Platoni
1628 1670 1713 1695 con-

175 1707 307 1754 tigisse
332 1707 467 1743 infanti
492 1707 698 1752 ferebatur,
724 1706 824 1743 infra
847 1707 886 1742 in
913 1718 970 1753 ep.
997 1710 1042 1742 32
1069 1707 1115 1743 de
1140 1707 1277 1742 Amore
1301 1706 1485 1742 narratur.

273 1758 330 1790 25.
374 1754 487 1791 Anth.
515 1755 618 1791 Plan.
642 1759 703 1791 13:
729 1752 944 1796 Πλάτωνος.
976 1754 1133 1810 Legitur
1158 1754 1274 1790 etiam
1299 1754 1450 1790 Cramer
1467 1753 1536 1790 An.
1559 1754 1639 1789 Par.
1661 1754 1713 1789 IV

173 1806 243 1839 373
270 1802 337 1839 et
327 1815 366 1839 ιιι
386 1803 467 1838 cod.
487 1802 604 1840 Paris.
631 1805 705 1849 (ap.
721 1803 967 1849 Schneidew.)
993 1803 1058 1838 ubi
1076 1802 1299 1848 inscriptum
1319 1800 1524 1842 Πλάτωνος
1543 1800 1598 1842 εἰς
1617 1798 1711 1837 αὐτὸ

176 1850 385 1896 (praecedit
409 1850 654 1897 epigramma,
681 1851 780 1896 quod
801 1851 858 1886 est
877 1851 982 1886 Plan.
1005 1855 1059 1886 12.
1063 1853 1087 1896 ),
1113 1851 1206 1886 item
1231 1850 1269 1885 in
1296 1850 1377 1886 cod.
1397 1849 1494 1886 Flor.
1523 1852 1562 1885 et
1581 1849 1713 1885 Iriarte

179 1902 247 1934 103
273 1898 353 1944 (ubi
378 1910 412 1935 v.
432 1902 455 1934 4
481 1898 612 1945 deest).
656 1899 736 1934 Pan
762 1898 854 1934 deus
879 1898 1034 1945 fingitur
1059 1899 1362 1945 praetereuntem
1388 1897 1552 1933 invitans
1578 1900 1620 1933 ut
1645 1898 1711 1933 sub

174 1946 265 1992 pinu
283 1946 332 1982 ad
349 1946 494 1982 fontem
514 1946 701 1991 considat·
728 1946 896 1983 eiusdem
917 1946 1131 1993 argumenti
1150 1946 1209 1982 est
1227 1957 1334 2002 ep1g1
1336 1956 1461 1982 amma
1485 1946 1712 2002 praecedens

174 1994 280 2031 Plan.
309 1998 352 2030 12
369 1991 523 2052 ἄδηλον
547 1994 643 2051 (sed
654 1994 734 2031 cod.
765 1998 856 2031 1713
882 2006 942 2041 ap.
969 1995 1091 2031 Diibn.
1119 1992 1269 2038 Πλάτω)
1303 1990 1352 2034 ὡς
1378 1990 1453 2029 ἀπὸ
1480 1991 1613 2034 Πανὸς
1638 1994 1713 2037 (vel

174 2038 250 2077 απὸ
272 2038 403 2083 Πανὸς
428 2041 483 2083 εἰς
508 2039 752 2088 ὁδοιπόρους,
779 2043 840 2078 vel
867 2041 920 2084 εἰς
938 2039 1089 2088 αγαλμα
1109 2039 1240 2083 Πανὸς
1260 2039 1323 2078 ἐπὶ
1342 2042 1464 2087 πηγῆς
1483 2038 1712 2087 ἴσταμενον).

175 2089 271 2125 Item
296 2090 400 2126 Plan.
430 2094 472 2125 11
511 2089 551 2126 ιιι
589 2090 703 2126 simili
741 2091 963 2145 argumento
1002 2091 1188 2134 versatur,
1227 2089 1293 2125 sed
1328 2101 1412 2124 cum
1444 2090 1538 2125 haec
1571 2090 1644 2125 duo
1676 2089 1714 2124 in

175 2138 315 2174 Panem
338 2137 529 2183 poematia
553 2138 839 2174 demonstrativi
865 2138 939 2175 sint
963 2137 1127 2184 generis,
1156 2139 1284 2198 potest
1308 2138 1380 2173 hoc
1406 2137 1580 2173 Mercurii
1606 2137 1713 2183 signo

175 2185 370 2222 commode
397 2185 598 2222 subscribi.

381 2235 484 2297 ’Ίζευ
504 2235 579 2275 ὑπὸ
606 2237 762 2285 σκιερὰν
786 2237 997 2297 πλάτανον,
1023 2238 1126 2285 ξένε,
1151 2237 1266 2276 τάνδε
1294 2237 1509 2285 παρὲρπων,

461 2281 508 2328 ἇς
531 2283 665 2334 ἁπαλῷ
694 2286 864 2344 Ζέφυρος
888 2268 1077 2346 πνεύματι
1101 2285 1224 2333 φύλλα
1250 2289 1367 2332 δονεῖ,

391 2333 490 2371 ἔνθα
516 2347 560 2381 με
588 2325 809 2393 Νικαγόρας
833 2332 970 2372 κλυτον
996 2337 1123 2372 εἴσατο
1149 2333 1328 2377 Μαιάδος
1347 2333 1492 2382 Ερμᾶν

461 2380 581 2428 ἀγροῦ
606 2381 845 2429 καρποτόκου
872 2381 1012 2430 ῥύτορα
1038 2383 1103 2420 καὶ
1127 2381 1309 2420 κτεάνων.

179 2442 394 2479 Inscribitur
420 2442 520 2489 apud
547 2436 757 2478 Iacobsium
777 2440 1089 2490 Ἑρμοκρὲοντος,
1118 2443 1182 2479 sed
1209 2443 1292 2479 edd.
1319 2446 1411 2479 vett.
1441 2442 1715 2490 Τιμοκρέοντος

127 2528 132 2533 ⁴
175 2492 287 2536 (quae
312 2489 466 2526 Dx'ibner
496 2489 627 2535 refert,
659 2490 756 2526 inter
788 2502 826 2526 se
858 2491 1068 2537 dissident).
1121 2490 1240 2527 Credo
1273 2491 1344 2527 hoc
1371 2491 1605 2537 epigramma
1630 2504 1713 2527 cum

176 2538 321 2574 duobus
380 2549 450 2574 uae
482 2538 757 2595 subsequuntur
792 2538 883 2574 olim
907 2539 1117 2575 subiectum
1142 2539 1257 2574 fuisse
1283 2551 1340 2585 ep.
1367 2540 1480 2575 Anth.
1507 2539 1547 2575 P.
1573 2539 1623 2574 IX
1645 2544 1713 2576 32”

172 2583 342 2643 Νύμφαι
348 2550 603 2644 (ἔφυδριάδες,
630 2590 712 2627 ταῖς
726 2583 964 2632 Ἑρμοκρέων
989 2585 1080 2622 ταδε
1102 2586 1206 2632 δῶρα
1232 2587 1359 2622 εισατο
1386 2589 1459 2622 κτλ.
1487 2587 1552 2622 ubi
1578 2587 1715 2622 lemma

172 2630 466 2691 Ἑρμοκρὲοντος
490 2645 536 2670 ex
559 2634 643 2679 ipso
669 2634 941 2692 epigrammate
976 2634 1177 2681 repetitum
1204 2645 1284 2670 esse
1317 2636 1493 2680 apparet,
1525 2646 1612 2670 nam
1643 2635 1716 2670 fuit

178 2678 407 2718 ἀδέσποτον·
434 2681 568 2718 deinde
583 2680 879 2727 Ερμοκρέοντος
903 2684 1044 2718 temere
1070 2684 1319 2728 propagatum
1339 2682 1387 2717 ad
1406 2682 1510 2718 Plan.
1534 2686 1590 2726 11,
1616 2683 1715 2728 quod

179 2730 333 2776 propter
369 2729 580 2776 argumenti
611 2729 897 2766 similitudinem
934 2729 1169 2774 adiunctum,
1208 2730 1279 2766 hoc
1312 2741 1459 2776 quoque
1490 2727 1714 2774 ἀδέσποτον,

179 2777 243 2812 sed
275 2778 424 2823 poterat
455 2777 629 2814 librarius
660 2778 870 2824 Nieaym·ae
906 2777 1083 2814 tribuere.
1135 2776 1395 2813 Schneidewin
1434 2778 1600 2814 vindicat
1630 2778 1714 2814 Pla—

179 2824 275 2868 toni,
307 2825 485 2870 quoniam
516 2825 556 2861 in
581 2825 662 2861 cod.
688 2824 769 2861 Par.
798 2826 937 2861 lemma
967 2825 1214 2872 praemissum
1240 2821 1316 2860 ἀπὸ
1344 2821 1559 2871 ἀγάλματος
1584 2824 1716 2867 Πανὸς

180 2871 347 2916 (Diibner
371 2883 416 2908 ex
442 2872 499 2908 RS
525 2873 668 2919 profert
688 2870 847 2931 Ερμοῦ,
873 2875 1003 2919 estque
1028 2872 1087 2908 RS
1114 2874 1157 2908 ut
1180 2874 1341 2930 apparet
1365 2884 1410 2908 ex
1434 2875 1526 2909 nota
1551 2873 1619 2909 VII
1644 2878 1714 2911 268

180 2919 370 2956 Parisinus
403 2920 691 2966 Schneidewini)
724 2917 881 2962 ἑστῶτος
913 2918 954 2957 ἐν
986 2918 1087 2968 νάπῃ
1120 2918 1339 2965 Πλάτωνος,
1378 2921 1444 2956 sed
1478 2921 1586 2958 irrita
1621 2922 1714 2958 haec

180 2967 410 3004 coniectura.
443 2968 557 3025 vallis
577 2968 745 3005 Platonis
778 2974 837 3004 est
867 2968 969 3005 haud
995 2958 1105 3004 dubie
1132 2968 1397 3015 Nymphaeum
1422 2969 1461 3004 in
1487 2972 1613 3006 monte
1639 2970 1715 3016 Hy—

1357 3027 1431 3065 20*
