1890 3216
165 147 255 189 344
701 147 895 182 POETAE
921 146 1161 187 ELEGIACI.

285 260 601 310 Peplographus,
635 258 669 298 si
694 259 944 305 coniecturae
971 260 1100 298 aleam
1127 261 1262 300 subire
1287 262 1393 311 licet,
1424 262 1573 303 vixisse
1597 264 1703 304 vide-

167 328 234 365 tur
267 327 424 365 saeculo
456 326 497 363 II
527 325 593 364 vel
625 324 644 362 I
677 337 711 363 a.
739 324 831 365 Chr.
857 337 907 373 n.,
932 326 1066 374 potuit
1097 325 1224 376 igitur
1255 327 1455 367 Diodorus
1487 328 1573 368 eius
1598 329 1703 368 libro

168 392 239 439 uti,
271 392 312 429 id
344 391 450 441 quod
482 403 604 440 supra
634 390 841 440 probabile
868 402 958 429 esse
987 389 1079 430 dixi.
1137 391 1186 430 In
1215 392 1345 432 indice
1382 394 1578 433 librorum
1614 394 1702 434 Ari-

170 457 421 496 stoteliorum
452 469 514 506 ap.
534 456 649 507 Diog.
669 455 716 496 L.
740 468 821 494 non
846 458 1051 506 comparet
1075 456 1170 495 libri
1200 456 1364 507 titulus,
1397 459 1467 497 sed
1504 459 1546 497 in
1576 459 1703 500 altero

168 523 316 573 indice,
349 534 468 572 quem
493 521 702 572 Menagius
735 521 871 570 edidit,
903 522 965 560 bis
991 524 1248 562 memoratur.
1298 523 1429 563 Huius
1454 523 1610 573 indicis,
1635 525 1704 576 qui

169 600 217 626 ex
257 587 549 637 Onomatologo
587 586 782 637 Hesychii
818 589 881 626 est
918 588 1121 636 servatus,
1154 587 1255 627 duae
1288 591 1383 628 sunt
1412 591 1548 639 partes
1579 590 1705 630 diver-

170 666 257 692 sae:
289 653 462 703 priorem
493 653 689 691 librorum
721 653 1050 692 Aristoteliorum
1081 652 1251 692 indicem
1277 667 1357 693 una
1387 667 1477 694 cum
1507 655 1593 696 vita
1621 656 1707 706 phi-

170 720 327 769 losophi
351 718 579 770 Hesychius
611 731 659 757 ex
683 718 904 770 Hermippo
931 719 1152 769 descripsit,
1185 719 1254 769 qui
1279 720 1440 770 quidem
1466 720 1634 760 indicem
1658 734 1707 760 ex

171 785 429 825 Callimachio
460 779 643 833 πινάκων
674 776 990 836 0116161611θῦἱῄ
1022 784 1141 823 huius
1173 785 1314 824 indicis
1346 786 1454 825 aliud
1483 788 1707 837 exemplum

170 852 326 891 auctius
374 852 415 889 et
457 850 588 899 magis
631 850 836 900 integrum
879 850 1031 901 legitur
1075 850 1182 900 apud
1225 851 1444 902 Diogenem
1487 852 1706 893 Laertium.

171 918 274 956 Huic
304 916 436 965 indici,
474 916 542 965 qui
580 916 846 955 bibliothecae
882 915 1179 955 Alexandrinae
1219 916 1351 966 copias
1390 919 1548 958 saeculo
1579 919 1642 958 ΙΙΙ
1672 932 1707 958 a.

175 984 266 1023 Chr.
298 983 461 1033 paratas
493 981 710 1032 recensuit,
742 981 967 1032 Hesychius
999 981 1170 1020 subiecit
1194 983 1485 1032 supplementa,
1518 996 1619 1034 quae
1645 997 1706 1024 se-

170 1050 274 1100 legit
305 1062 352 1088 ex
384 1048 462 1086 alio
493 1047 623 1086 indice
648 1048 886 1096 recentiore,
919 1048 1066 1098 quippe
1092 1047 1161 1097 qui
1184 1049 1276 1097 post
1307 1047 1579 1088 Andronicum
1606 1050 1710 1089 Rho-

173 1116 283 1154 dium
315 1115 368 1153 sit
400 1114 614 1164 confectus,
647 1126 693 1152 ac
724 1116 936 1164 praeterea
966 1112 1191 1164 Hesychius
1223 1115 1269 1151 ut
1295 1114 1398 1152 solet
1429 1127 1500 1154 suo
1531 1116 1709 1165 periculo
1740 1129 1742 1131 ¹

166 1181 365 1220 ‘nonnulla
396 1179 576 1218 inseruit.
620 1180 707 1218 Iam
737 1176 883 1226 πέπλος
913 1179 955 1217 in
980 1181 1152 1229 utroque
1178 1178 1305 1225 indice
1331 1180 1438 1229 apud
1463 1180 1709 1231 Hesychium

172 1248 413 1296 recensetur,
446 1245 515 1284 sed
546 1245 589 1283 in
624 1246 799 1295 priorem
836 1244 943 1283 haud
982 1244 1102 1283 dubie
1142 1258 1188 1283 ex
1225 1245 1534 1295 interpolatione
1572 1247 1708 1286 illatus

174 1316 246 1364 est,
277 1325 405 1363 neque
431 1311 536 1351 enim
562 1313 767 1362 comparet
790 1311 833 1349 in
859 1310 1038 1360 exemplo
1067 1310 1193 1350 altero
1219 1311 1327 1361 apud
1351 1310 1589 1361 Diogenem:
1615 1326 1710 1352 nam

173 1378 409 1419 Callimachi
447 1378 605 1417 saeculo
637 1377 701 1416 hic
731 1377 834 1416 liber
866 1376 937 1416 aut
967 1374 1144 1414 nondum
1176 1378 1279 1426 erat⁴
1296 1376 1468 1427 scriptus
1500 1379 1570 1417 aut
1602 1381 1709 1418 certe

173 1459 253 1486 non
284 1444 515 1484 Aristotelis
548 1443 779 1494 philosophi
809 1455 954 1482 nomen
975 1453 1071 1490 prae
1098 1453 1139 1479 se
1165 1441 1334 1480 ferebat.
1385 1442 1462 1482 Sed
1480 1444 1523 1483 in
1540 1444 1711 1485 indicem

174 1510 436 1551 recentiorem
469 1510 672 1549 commode
703 1510 864 1559 poterat
893 1508 1050 1559 inferri,
1089 1521 1132 1547 ac
1166 1508 1337 1547 fortasse
1379 1509 1429 1547 ab
1466 1510 1552 1560 ipso
1583 1510 1712 1562 Hesy-

175 1579 261 1617 chio
281 1578 457 1616 insertus
479 1577 552 1626 est,
574 1575 641 1625 qui
660 1578 768 1614 certe
787 1572 953 1626 περιέχει
975 1571 1017 1613 δὲ
1044 1573 1219 1624 ἱστορίαν
1246 1568 1461 1625 σύμμικτον
1487 1575 1711 1627 adscripsit.

401 1706 430 1738 l.
461 1702 549 1749 [10.]
573 1697 658 1737 Ἐπὶ
680 1698 967 1747 Ἀγαμέμνονος,
996 1700 1174 1747 κειμένου
1202 1696 1243 1735 ἐν
1270 1696 1482 1744 Μυκήναις.

296 1774 489 1826 Λεύσσεις
516 1774 716 1830 Ἀτρείδεω
745 1773 1052 1831 Ἀγαμέμνονος,
1085 1769 1115 1816 ὦ
1148 1774 1250 1826 ξένε,
1280 1772 1449 1828 τύμβον,
1479 1804 1483 1809 -
1643 1786 1712 1819 650

354 1840 399 1892 ὃς
430 1840 526 1883 θάν’
561 1839 629 1883 ὑπ’
665 1843 865 1896 Αἰγίσθου
897 1838 1138 1894 κοῦλομένης
1169 1837 1326 1893 ἀλόχου.

772 1962 804 1994 2.
834 1958 923 2005 [11.]
943 1953 1111 2003 ”Έτερον.

297 2039 454 2088 Μνῆμα
485 2032 567 2075 τόδ’
598 2032 799 2086 Ἀτρείδεω
827 2030 1136 2088 Ἀγαμέμνονος,
1168 2030 1216 2073 ’ὅν
1247 2033 1296 2086 ῥα
1326 2008 1487 2072 κατέκτοι

357 2103 423 2142 δῖα
455 2097 778 2153 Κλυταιμνήστρη
815 2098 1012 2152 Τυνδαρὶς
1044 2095 1114 2151 οὐχ
1149 2095 1274 2146 ὁσίως.

702 2220 737 2252 3.
759 2215 856 2262 [12]
879 2210 966 2251 Ἐπὶ
991 2211 1204 2250 Μενελάου.

287 2292 446 2346 ’Όλβιος
479 2286 510 2333 ὦ
542 2290 743 2342 Μενέλαε,
776 2287 825 2331 σύ
855 2287 888 2330 τ’
924 2286 1126 2338 ἀθάνατος
1157 2288 1223 2329 καὶ
1254 2285 1412 2343 ἀγήρως

359 2358 403 2399 ἐν
435 2355 624 2411 μακάρων
656 2354 811 2410 νήσοις,
843 2353 992 2410 γαμβρὲ
1023 2351 1120 2404 Διὸς
1151 2351 1333 2409 μεγάλου.

277 2497 424 2534 Codicis
439 2496 645 2532 Flore-utini
659 2494 898 2531 collationem
919 2494 1074 2530 comiter
1094 2493 1350 2539 suppeditavit
1368 2493 1536 2529 Andreas
1551 2492 1716 2538 Spengel

182 2558 278 2582 anno
306 2549 409 2582 1869.

276 2594 343 2639 Ep.
373 2598 404 2628 1.
454 2592 644 2628 Hermann
669 2590 911 2627 subditicium
937 2600 1017 2625 esse
1044 2590 1178 2625 censet.

277 2641 346 2687 Ep.
374 2645 406 2677 2.
459 2640 566 2683 Quod
597 2638 821 2675 addiderunt
860 2638 942 2674 edd.
975 2638 1063 2673 ante
1102 2635 1248 2681 ἕτερον,
1285 2633 1347 2672 ἐπὶ
1381 2648 1448 2670 του
1484 2631 1602 2671 αὐτοῦ
1641 2647 1712 2672 om.

181 2690 280 2725 Flor.
308 2710 349 2715 ——
377 2688 420 2725 V.
448 2692 480 2724 2.
508 2684 776 2746 ρα,].ῑ’101“.ῥ“ά.

278 2737 345 2783 Ep.
373 2741 406 2773 3.
457 2736 500 2771 V.
508 2703 560 2771 ρ.1
588 2732 632 2770 σύ
658 2733 706 2778 τ’,
717 2701 993 2770 QSchneidewin
1026 2729 1070 2768 σύ
1175 2732 1364 2767 Hermann
1389 2727 1433 2766 σύ
1460 2726 1511 2765 δ’.
1539 2730 1603 2766 sed
1629 2741 1715 2775 gra-

183 2784 286 2820 viore
312 2784 406 2820 haec
431 2783 522 2819 vitio
550 2783 733 2840 laborant,
759 2782 918 2818 fortasse
939 2780 1171 2816 versificator
1191 2778 1389 2824 scripserat
1413 2776 1539 2832 ὄλβιος
1565 2792 1592 2813 ω
1619 2780 1713 2814 Με-

184 2830 362 2876 νέλαος,
390 2827 437 2872 ὃς
462 2828 530 2867 άθ.
557 2844 590 2866 κ.
617 2843 676 2875 αγ.
765 2826 942 2874 ,γαμβρὲ
971 2825 1073 2872 Διός,
1099 2825 1291 2872 διάγεις.
1334 2837 1411 2861 11011
1435 2825 1556 2861 minus
1582 2827 1715 2872 aptum
1738 2854 1752 2863 ..

185 2877 347 2964 dllfit‘gtw
374 2877 675 2961 ίῖῙῑίενέλοιέ,
626 2876 675 2923 σ’,
701 2873 758 2921 ὃς,
785 2877 849 2912 sed
873 2875 968 2911 illud
993 2874 1152 2911 Ausonii
1177 2873 1438 2919 interpretatio
1468 2874 1561 2918 felix
1585 2885 1607 2909 ο
1636 2874 1712 2908 Me-

184 2938 228 2964 ne
244 2938 286 2962 ae
328 2937 372 2963 ue
393 2939 435 2962 ur
