1890 3216
218 183 305 225 334
769 181 962 217 POETAE
988 180 1227 218 ELEGIACI.

218 289 276 324 dis
302 289 530 335 suspicione,
557 288 697 334 quippe
724 299 834 333 quem
862 288 1120 333 interpolator,
1146 289 1188 324 ut
1213 300 1280 334 par
1306 290 1402 334 erat,
1430 300 1475 324 ex
1501 291 1752 333 Demosthene

218 337 480 382 depromserit,
514 336 552 371 id
585 336 684 380 quod
719 336 878 371 Karsten
911 337 1047 371 censet.
1099 335 1301 381 quvero
1333 348 1464 373 censeo
1497 338 1601 373 illam
1634 339 1752 384 suspi-

218 385 361 420 cionem
389 384 537 419 omnino
558 393 692 418 vanam
713 395 810 418 esse:
838 394 997 428 namque
1023 383 1219 429 Byzantini
1245 385 1483 430 grammatici
1508 385 1623 421 hebes
1648 385 1752 431 inge·

217 433 319 467 nium
346 443 419 467 non
451 432 601 476 poterat
633 430 817 466 eiusmodi
848 430 1082 476 epitaphium
1108 431 1264 476 fingere:
1298 432 1355 467 sin
1381 432 1565 477 prioribus
1592 433 1751 469 saeculis

218 479 478 524 adscripseris,
512 478 613 513 flaus
640 478 815 514 continuo
843 480 939 515 esset
974 479 1221 524 deprehensa,
1256 491 1342 515 nam
1374 480 1548 521 Athenis,
1582 480 1647 516 ubi
1671 491 1752 516 ora·

217 530 316 562 tores
343 526 450 562 attici
476 526 747 561 studiosissime
773 526 1011 571 legebantur,
1050 527 1163 562 etiam
1190 529 1279 562 tunc
1305 529 1492 572 superstes
1523 527 1595 563 fuit
1625 539 1752 565 monu-

218 576 403 619 mentum,
429 575 472 609 ut
504 573 707 609 Pausanias
740 575 778 609 et
809 574 1034 609 Themistius
1066 576 1263 610 testantur.
1315 574 1485 611 Kaibelio
1520 575 1750 621 epigramma

217 624 415 667 propterea
441 621 693 656 adulterinum
718 621 878 666 videtur,
910 622 1010 666 quod
1035 621 1076 656 in
1101 621 1254 667 optimis
1281 623 1439 658 oratoris
1460 622 1653 659 codicibus
1678 635 1752 664 non

217 670 366 715 legitur.
403 668 482 704 Hoc
508 670 772 714 argumentum
798 680 910 713 quam
942 669 1128 704 infirmum
1165 669 1233 714 sit,
1264 671 1401 705 norunt
1432 670 1496 716 qui
1528 670 1636 716 gnari
1667 673 1753 707 sunt

217 718 307 752 artis
338 716 488 752 criticae
521 717 560 751 in
599 717 807 752 oratoribus
848 715 984 752 Atticis
1022 716 1262 752 factitandae.
1312 716 1398 752 Non
1435 717 1657 754 subditicius
1693 720 1752 755 est

216 765 360 809 titulus,
387 764 451 799 sed
477 765 742 818 interpolatus,
770 775 843 799 non
868 764 1026 810 fraudis,
1055 765 1119 800 sed
1144 764 1314 800 inscitiae
1341 765 1671 811 deprehenduntur
1695 766 1749 802 in·

218 813 325 848 dicia.
388 812 548 847 Inseruit
587 811 817 858 epigramma
854 812 1121 857 grammaticus
1167 812 1239 848 vel-
1264 778 1413 848 rhetorp
1427 812 1585 849 Athenis
1630 815 1750 850 artem

215 871 400 904 exercens,
427 859 492 904 qui
517 871 590 895 non
617 872 661 895 ex
687 860 782 895 libro
810 859 937 905 aliquo
963 860 1074 905 petiit
1106 860 1324 905 versiculos,
1358 860 1423 896 sed
1453 861 1501 896 ad
1533 872 1749 897 monumen-

216 910 297 943 tum
310 908 467 943 accessit
486 909 598 953 atque
618 907 772 943 titulum
787 908 1004 962 Ndescripsit
1031 919 1142 953 quem
1169 919 1252 943 cum
1273 908 1451 953 temporis
1478 908 1616 944 iniuria
1634 909 1755 945 multa

216 957 292 991 iam
318 954 477 992 evanida
502 957 627 991 essent
658 967 726 1001 pro
759 955 893 990 virium
932 967 1081 991 suarum
1119 955 1272 991 modulo
1305 956 1562 1002 redintegrare
1597 956 1751 992 studuit.

217 1004 346 1049 Itaque
374 1014 457 1039 cum
482 1014 709 1047 nequeamus
731 1013 909 1049 germana
928 1003 975 1039 ab
996 1003 1226 1049 adulteratis,
1249 1004 1403 1048 antiqua
1423 1014 1445 1038 a
1466 1003 1624 1040 noviciis
1642 1004 1752 1050 plane

217 1053 256 1087 et
286 1050 479 1086 evidenter
511 1062 720 1094 secernere,
754 1051 869 1086 satius
901 1053 961 1086 est
991 1051 1212 1086 coniecturis
1243 1051 1401 1096 posthac
1434 1049 1510 1087 fere
1544 1051 1749 1095 abstinere;

215 1099 315 1143 quod
342 1098 374 1134 si
399 1098 495 1144 lapis
515 1098 686 1143 quamvis
712 1079 810 1134 inale
836 1099 1024 1134 mulcatus
1051 1099 1164 1134 etiam
1190 1110 1287 1134 nunc
1313 1100 1502 1144 superstes
1529 1100 1644 1144 esset,
1671 1110 1751 1135 car-

219 1145 330 1181 minis
357 1146 578 1181 restituendi
602 1146 810 1191 periculum
835 1157 910 1182 non
936 1146 1081 1181 irritum
1107 1146 1214 1182 foret.

314 1193 356 1228 V.
387 1198 415 1228 1.
443 1193 572 1229 Weilii
603 1194 816 1230 emendatio
856 1195 935 1229 οὔδε
969 1191 1114 1239 πάτρας
1146 1207 1227 1240 μεν
1267 1190 1375 1234 ἑκὰς
1408 1192 1594 1239 σφετέρας
1625 1204 1752 1230 omnes

217 1242 334 1277 habet
364 1241 536 1277 veritatis
574 1252 766 1285 numeros,
798 1243 911 1287 atque
943 1241 998 1276 ita
1029 1242 1139 1277 simul
1176 1241 1365 1277 stabilitur
1395 1241 1538 1277 tradita
1569 1241 1754 1287 scriptura

218 1302 251 1325 v
279 1294 299 1324 3
326 1285 571 1335 μαρνάμενοι,
598 1300 691 1334 quae
717 1269 811 1324 mihi
837 1289 995 1333 aliisque
1021 1289 1153 1324 vitium
1181 1290 1407 1325 contraxisse
1433 1289 1513 1325 visa
1538 1290 1604 1325 est.
1657 1288 1749 1325 Con-

218 1339 436 1373 sentaneum
463 1339 520 1372 est
551 1339 704 1382 poetam
729 1337 884 1372 dixisse:
963 1339 1122 1382 gnantes
1146 1337 1341 1395 fortissime
1371 1339 1530 1372 mortem
1565 1336 1752 1380 obierunt3

220 1385 285 1420 sed
310 1383 425 1420 verba
460 1396 532 1420 non
565 1385 738 1429 expedio,
771 1396 891 1430 neque
910 1349 1050 1419 lVVeilii
1081 1384 1274 1420 inventum
1305 1382 1449 1429 ἅρεως
1481 1384 1545 1420 καὶ
1576 1385 1753 1430 δείματος

221 1429 290 1468 οὐκ
331 1429 502 1467 ε’σαωσαν
541 1431 732 1468 satisfacit.
769 1453 809 1458 —-
843 1432 947 1468 Idem
979 1444 1011 1467 v.
1045 1436 1085 1475 5,
1122 1432 1187 1467 ubi
1218 1432 1373 1467 Voemel
1403 1434 1558 1476 θεῖσαν,
1591 1431 1753 1478 Spengel

218 1479 368 1515 θέντων
394 1480 571 1524 suasmat,
597 1480 705 1525 plura
731 1479 882 1515 molitus
909 1480 1005 1536 ζυγῷ
1031 1477 1175 1537 αὐχένα
1202 1476 1332 1520 δόντες
1358 1477 1588 1536 δουλοσύνης
1620 1491 1752 1525 parum

219 1526 465 1573 probabiliter
492 1527 658 1573 scripsit,
691 1526 785 1562 mibi
811 1524 924 1572 ζυγὸν
957 1523 1088 1573 αὐχένι
1120 1525 1281 1568 δύντες
1312 1525 1541 1585 δουλοσύνης
1553 1527 1753 1584 refingen-

220 1576 307 1610 dum
334 1575 491 1620 videtur,
511 1575 823 1631 quemadmodum
851 1575 908 1610 est
933 1576 1032 1620 apud
1060 1574 1285 1619 Aeschylum
1313 1573 1395 1610 ἐπεὶ
1421 1572 1458 1610 δ’
1487 1571 1659 1620 ἄναγκας
1686 1572 1751 1610 ἔδυ

218 1621 419 1658 λέπαδνον.
448 1643 491 1648 -
519 1623 561 1658 V.
590 1626 622 1658 8.
650 1620 802 1668 σώματα
835 1623 1004 1668 ineptum
1038 1624 1096 1658 est
1127 1622 1446 1668 supplementum,
1477 1634 1564 1658 nam
1598 1633 1755 1668 corpora

218 1673 450 1706 mortuorum
471 1670 708 1706 Chaeroneae
729 1671 834 1706 erant
855 1670 1016 1716 condita,
1033 1681 1118 1706 ossa
1136 1669 1334 1716 Philippus
1354 1681 1418 1706 rex
1438 1670 1622 1706 concessit
1633 1669 1748 1706 Athe

219 1718 422 1763 niensibuS,
450 1719 521 1754 vid.
550 1718 676 1762 Polyb.
707 1718 737 1753 V
767 1722 810 1753 10
836 1699 1024 1775 κηδεύσας
1050 1731 1137 1758 τους
1161 1715 1486 1763 τετελευτηκότας,
1514 1716 1568 1754 ἔτι
1595 1716 1637 1754 δε
1664 1729 1755 1753 συν-

217 1766 305 1807 θεὶς
330 1767 380 1814 τῷ
407 1748 625 1813 Αντιπάτρῳ
653 1763 698 1800 τὰ
725 1763 868 1801 τούτων
893 1762 999 1819 ὀστᾷ.
1049 1765 1178 1811 Itaque
1205 1766 1432 1802 confidenter
1463 1767 1661 1810 λείψανα
1692 1777 1751 1801 re-

219 1814 345 1850 stituo.
382 1835 423 1839 —-
459 1802 634 1859 Superest
666 1814 833 1849 clausula
864 1812 1038 1849 carminis
1064 1827 1096 1850 v.
1127 1817 1180 1849 11.
1210 1817 1265 1859 12,
1292 1813 1357 1848 ubi
1389 1813 1607 1859 ambigitur,
1639 1813 1754 1849 verba

220 1859 260 1896 ἐν
288 1862 392 1908 βιοτῇ
420 1863 543 1896 utrum
572 1874 653 1896 eum
681 1861 909 1906 praegressis
935 1860 1058 1896 verbis
1084 1872 1131 1896 an
1157 1872 1241 1896 cum
1273 1861 1513 1906 sequentibus
1540 1861 1615 1896 sint
1643 1871 1752 1917 copu-

220 1909 343 1944 landa.
352 1898 385 1955 ³¹²)
437 1909 574 1944 Weilio
600 1908 702 1954 prior
735 1908 832 1944 ratio
865 1908 1023 1954 placuit,
1057 1909 1121 1944 sed
1152 1909 1347 1954 piaeterea
1377 1908 1532 1944 novavit
1567 1905 1752 1954 αἰχμητὴν

219 1968 287 2001 pro
316 1954 356 1992 ἐν
384 1956 508 2017 βιοτῇ,
535 1957 633 2001 quod
659 1968 731 1991 non
769 1958 848 1992 erat
878 1957 1120 1999 tentandum,
1157 1967 1243 1991 nam
1280 1956 1380 1991 idem
1407 1958 1465 1992 est
1489 1967 1532 1991 ac
1559 1956 1590 1991 si
1615 1955 1751 1991 dixeris

218 2002 428 2059 ανθρωπον
461 2003 564 2040 ὄντα.
573 2003 628 2049 **)
679 2005 837 2039 Versum
868 2003 1054 2050 integrum
1088 2002 1206 2050 μηδὲν
1232 2001 1414 2050 ἁμαρτεῖν
1441 2001 1519 2039 ε’στι
1548 2004 1653 2039 θεῶν
1685 2003 1750 2039 καὶ

219 2049 344 2087 πάντα
370 2052 590 2098 κατορθοῦν
617 2053 747 2087 auctor
773 2052 887 2097 elogii
913 2051 1046 2087 ascivit
1072 2063 1116 2087 ex
1141 2051 1263 2097 elegia
1288 2051 1506 2096 Simonidis,
1533 2062 1644 2096 quem
1669 2062 1750 2087 ver·

219 2111 301 2135 sum
335 2067 486 2145 Lysias9
494 2101 566 2145 (ap.
593 2100 707 2135 Rutil.
736 2100 828 2145 Lup.
855 2099 890 2133 II
915 2102 952 2144 8)
984 2099 1269 2145 interpretatur.
1301 2100 1389 2143 „sed
1419 2110 1485 2135 ‘nos
1517 2110 1672 2145 aequum
1702 2101 1754 2134 est

218 2149 438 2184 voluntatem
469 2148 663 2193 dispicere:
695 2148 846 2183 consilio
871 2148 1007 2191 valuit,
1033 2148 1187 2191 fortuna
1212 2148 1338 2192 lapsus
1363 2150 1424 2190 est,
1449 2147 1551 2183 homo
1576 2147 1668 2191 fuit,
1693 2147 1750 2190 far

219 2199 333 2239 tetur;
364 2197 627 2231 concedendum
658 2206 733 2230 ‘non
765 2195 889 2231 omnia
918 2206 1020 2240 posse
1055 2196 1281 2240 (hominem),
1318 2196 1394 2230 hoc
1425 2196 1539 2230 enim
1575 2195 1753 2230 deorum

218 2247 281 2279 est
300 2245 549 2288 proprium.
554 2246 577 2261 “
626 2244 800 2279 Fortasse
821 2242 1028 2278 Simonides
1055 2243 1102 2278 ad
1128 2242 1285 2278 eundem
1306 2242 1458 2278 modum
1477 2241 1669 2278 hominum
1695 2242 1751 2276 in-

219 2290 435 2326 firmitatem
467 2303 551 2327 cum
583 2290 710 2326 divina
742 2291 912 2335 potentia
944 2290 1163 2336 composuit
1214 2290 1662 2336 Epigrammatographus
1688 2288 1751 2325 ad-

221 2338 429 2374 ditamento
455 2339 510 2386 (τῇ
541 2338 660 2385 βιοτῇ)
687 2338 831 2373 inflexit
855 2338 927 2374 hoc
951 2338 1143 2374 decretum
1166 2337 1276 2374 rebus
1302 2337 1474 2373 humanis
1494 2337 1750 2380 accomodans,

220 2386 348 2430 itaque
374 2376 645 2422 Demosthenes
667 2385 869 2431 explanans
895 2386 990 2421 hanc
1016 2385 1131 2431 elogii
1156 2386 1359 2421 clausulam
1386 2384 1480 2420 dicit
1503 2385 1592 2420 deos
1617 2386 1751 2420 morta—

220 2434 317 2469 libus
342 2434 511 2480 prosperi
536 2445 726 2470 successus
752 2435 922 2469 auctores
949 2445 1040 2469 esse.
1050 2433 1125 2480 ***)
1177 2433 1283 2476 Quod
1308 2434 1432 2469 omnia
1457 2433 1655 2468 succedere
1686 2432 1751 2468 ho-

315 2569 348 2610 *)
376 2566 456 2601 Hoc
476 2565 508 2600 si
526 2563 761 2619 praetuleris,
782 2563 981 2618 collocatio
1003 2564 1158 2600 voculae
1178 2562 1221 2599 δὲ
1242 2562 1533 2608 haudquaquam
1554 2561 1750 2598 offensioni

220 2615 294 2658 est,
327 2625 414 2649 nam
440 2613 500 2649 vel
532 2612 677 2658 antiqui
701 2613 835 2658 poetae
866 2611 1008 2657 passim
1040 2610 1193 2647 tertium
1223 2610 1284 2647 vel
1315 2612 1490 2655 quartum
1514 2609 1639 2646 locum
1669 2620 1749 2655 par-

220 2641 371 2721 {miculae
384 2651 602 2705 attribuunt,
629 2660 734 2696 velut
757 2659 939 2695 Hesiodus
966 2660 1033 2705 Op.
1060 2663 1106 2695 46
1133 2659 1171 2695 et
1197 2662 1282 2703 112,
1307 2657 1490 2693 Pindarus
1518 2657 1652 2693 01.V1
1680 2661 1748 2693 105

221 2707 321 2755 ἐμῶν
347 2722 475 2755 υμνων
501 2706 557 2751 δε,
584 2707 898 2753 quemadmodum
923 2707 1083 2752 restitui,
1109 2706 1314 2763 Aeschylus
1338 2704 1440 2741 Pers.
1467 2708 1545 2741 718.
1568 2709 1647 2741 729.
1669 2709 1748 2741 748.

313 2756 365 2802 **)
394 2756 447 2792 Cf.
474 2755 625 2791 Aristid.
653 2755 694 2790 T.
720 2755 754 2789 II
779 2767 814 2800 p.
842 2759 909 2790 331
945 2754 1054 2790 Dind.
1086 2754 1165 2795 πῶς
1198 2750 1351 2796 ἀξιώσει
1383 2750 1593 2800 συλλήβδην
1624 2749 1749 2788 πάντα

221 2805 438 2850 κατορθοῦν
464 2803 528 2838 καὶ
553 2816 706 2838 παντων
732 2807 885 2847 κρατεῖν
911 2799 1003 2838 ὄντα
1023 2798 1249 2847 ανθρωπον;
1274 2799 1339 2836 ubi
1364 2801 1505 2836 rhetori
1529 2800 1601 2835 hoc
1626 2800 1749 2846 ipsum

223 2852 385 2898 elogium
411 2852 648 2887 obversatum
674 2861 755 2885 esse
780 2852 948 2896 apparet.

315 2900 393 2943 ***)
424 2898 625 2934 Adversari
657 2897 804 2934 videtur
835 2897 1062 2933 Themistius
1093 2908 1143 2933 or.
1171 2900 1233 2941 22,
1260 2899 1330 2932 335
1363 2892 1443 2931 ἐπεὶ
1477 2893 1519 2931 δὲ
1552 2891 1593 2930 τὸ
1629 2893 1749 2941 μηδὲν

224 2944 456 2994 ἁμαρτάνειν
490 2945 561 2989 ἔξω
592 2946 658 2991 τῆς
689 2943 839 2991 φύσεως
870 2949 991 2981 κεῖται
1016 2945 1081 2990 τῆς
1106 2924 1368 2990 ἀνθρωπίνης·
1400 2945 1508 2989 (quae
1535 2943 1749 2994 sequuntur,
