1890 3216
689 181 1207 218 PSEUDOPHOCYLIDEA.
1635 184 1714 224 101

270 292 482 351 βέλτερον
514 289 612 335 ἀντ’
648 292 819 349 ἐχθροῦ
849 290 1023 349 τεύχειν
1055 294 1191 348 φίλον
1223 289 1519 348 εὐμενέοντα]

327 362 599 422 ’Λρχόμενον
630 362 680 408 τὸ
712 361 853 408 κακὸν
884 362 1086 418 κόπτειν,
1120 364 1246 416 ἕλκος
1277 361 1315 407 τ’
1350 361 1616 407 ἀκέσασθαι·
1652 375 1718 407 135

206 434 211 439 ’
272 438 316 492 ἐξ
349 435 505 494 ὀλίγου
538 437 789 494 σπινθῆρος
821 433 1078 492 ἀθέσφατος
1109 440 1286 479 αἴθεται
1317 432 1414 491 ὕλη.

177 520 245 555 145
327 506 559 566 Ἐγκρατὲς
589 501 699 565 ἦτορ
733 510 870 565 ἔχειν,
902 509 994 551 τῶν
1027 509 1242 564 λωβητῶν
1276 504 1318 551 δ’
1354 504 1609 564 ἀπέχεσθαι.

270 582 410 638 φεῦγε
441 578 585 637 κακὴν
617 578 794 637 φήμην,
827 578 961 637 φεῦγ’
996 578 1271 637 ἀνθρώπους
1302 577 1586 636 ἀθεμίστους.

270 653 386 711 μηδέ
413 669 451 696 τι
487 650 751 710 θηρόβορον
784 653 916 710 δαίσῃ
949 651 1097 709 κρέας·
1130 648 1369 708 ἀργίποσιν
1401 650 1455 694 δέ

173 760 322 799 curavit
347 761 405 796 Va
429 757 632 806 ἀλίτροπον
658 760 724 795 δεῖ
743 756 828 794 ποτ’
856 755 1024 802 ἀλεξεῖν,
1059 769 1155 803 quae
1188 757 1370 793 correctio
1402 757 1504 793 haud
1534 757 1647 794 dubie
1673 769 1717 793 ex

173 809 270 847 libro
297 809 435 856 petita,
460 808 500 844 in
525 819 598 854 quo
625 804 808 853 ἀλήμονα.
848 807 902 842 De
924 807 996 850 Al,
1023 817 1067 840 ex
1090 816 1163 851 quo
1184 801 1386 850 ἀλίτροπον
1413 806 1616 850 enotatum,
1643 817 1717 842 uon

175 858 267 895 satis
287 857 445 899 constat,
470 856 536 902 qui
562 856 593 891 si
616 851 755 901 μήποτ’
780 851 942 900 ἐλέγξῃς,
968 855 1011 889 ut
1030 853 1188 896 videtur,
1215 852 1377 897 exhibet,
1404 853 1504 889 solus
1523 853 1716 899 antiquam

175 905 381 953 paradosin
409 906 548 948 tuetur,
575 915 597 939 a
623 914 696 949 qua
722 902 837 938 ceteri
862 901 950 938 libri
975 900 1214 946 corrigendo,
1245 901 1526 947 interpolando,
1559 901 1716 937 errando

175 954 261 1000 plus
286 953 458 989 minusve
484 951 725 987 deflexerunt.
761 949 944 995 Equidem
970 961 1046 985 non
1071 948 1240 984 dubitavi
1261 946 1497 995 πλαζόμενον
1518 947 1560 985 δὲ
1582 947 1717 997 βροτὸν

174 1049 240 1086 καὶ
270 1044 459 1093 ἀλιτρὸν
491 1043 683 1102 μήποτ’
719 1043 908 1093 ἐλέγξῃς
940 1045 1112 1082 scribere.
1163 1045 1205 1081 In
1238 1045 1441 1091 archetypo
1472 1045 1547 1080 fuit
1571 1011 1718 1090 ἀλιτσὲὸν,

172 1108 262 1134 nam
286 1100 315 1133 ’ῖτ
341 1097 379 1132 et
402 1099 444 1142 ‘'c-(2
470 1107 611 1141 pasfflm
638 1094 933 1137 confunduntur3
962 1105 1043 1129 cum
1072 1093 1195 1129 scriba
1219 1093 1351 1130 vitium
1374 1092 1604 1138 correxisset,
1630 1092 1716 1129 inde
1780 1108 1784 1112 ·

174 1147 297 1183 ortum
329 1140 533 1190 ἀλίτροπον
559 1140 791 1188 (ἁλίτροπον)
826 1143 926 1187 quod
959 1142 1167 1177 monstrum
1199 1153 1309 1187 porro
1341 1142 1593 1187 propagatum
1626 1152 1717 1186 esse,

173 1205 249 1231 non
279 1193 401 1239 magis
434 1192 587 1237 mirum,
623 1203 736 1237 quam
767 1193 918 1231 πολλοῖς
948 1201 1016 1235 pro
1048 1186 1185 1231 πώλοις
1210 1202 1244 1225 v.
1274 1193 1341 1225 126
1373 1189 1523 1234 aliaque
1555 1188 1647 1225 vitia
1678 1188 1718 1223 in

172 1242 245 1278 hoc
270 1241 456 1288 poemate.
492 1240 626 1276 Utrum
654 1236 807 1285 ἐλέγξῃς
825 1250 874 1274 an
894 1234 1033 1296 ἀλύξῃς
1059 1237 1297 1273 scribendum
1324 1237 1388 1282 sit,
1416 1237 1602 1283 ambigas:
1628 1248 1717 1272 nam

174 1291 321 1326 ceterae
346 1287 529 1325 lectiones
554 1287 627 1323 fide
647 1286 842 1332 indignae,
868 1283 1074 1329 ὑπαλυξεις
1093 1287 1280 1322 corrector
1297 1285 1470 1329 novavit,
1497 1284 1557 1320 cui
1577 1281 1714 1320 οὔποτε

174 1337 385 1384 displicuit,
417 1333 629 1383 ἀπολέγξῃς
653 1334 894 1370 manifestum
921 1333 1115 1379 mendum,
1148 1344 1216 1369 nec
1242 1333 1424 1369 maiorem
1451 1332 1716 1368 auctoritatem

172 1385 290 1421 habet
320 1386 386 1421 δεῖ
410 1380 496 1420 ποτ’
525 1382 692 1428 ἀλεξεῖν,
720 1382 824 1417 cuius
856 1380 1097 1418 correctionis
1130 1381 1233 1427 origo
1266 1380 1470 1427 repetenda
1504 1382 1576 1424 est,
1617 1381 1716 1426 quod

173 1429 320 1477 ἀλέξεις
345 1433 419 1480 (ῃς)
444 1432 581 1468 vitiose
607 1431 786 1476 scriptum
813 1441 881 1476 pro
908 1426 1059 1473 ἀλύξεις
1086 1430 1170 1476 (ῃς).
1221 1429 1300 1464 Iam
1327 1425 1466 1475 ἀλύξῃς
1490 1428 1591 1463 idem
1617 1428 1716 1464 litte-

173 1483 294 1527 rator,
328 1480 393 1526 qui
419 1481 584 1515 monstro
611 1475 814 1524 ἀλίτροπον
840 1477 1014 1514 adhibuit
1039 1477 1280 1521 medicinam,
1312 1476 1485 1512 intulisse
1512 1476 1716 1512 censendus

174 1530 246 1574 est3
277 1540 363 1564 nam
391 1540 476 1564 cum
509 1525 681 1573 ἀλήμονα
710 1525 986 1573 substituisset,
1020 1525 1095 1561 iam
1128 1536 1260 1570 parum
1294 1524 1527 1560 commodum
1560 1523 1717 1559 verbum

175 1574 342 1623 ἐλέγχειν
375 1575 409 1612 ei
439 1575 579 1619 visum,
618 1573 746 1620 itaque
786 1573 888 1609 haud
919 1574 1046 1619 inepte
1079 1569 1219 1620 ἀλύξῃς
1251 1571 1411 1608 refinxit.
1462 1571 1534 1607 Sed
1568 1568 1717 1619 ἐλέγξῃς

172 1637 247 1662 non
280 1635 360 1660 esse
393 1622 671 1660 sollicitandum
696 1621 823 1668 arguit
847 1634 881 1658 v.
912 1625 978 1656 132
1006 1617 1074 1667 οὐχ
1100 1617 1205 1656 ὅσιον
1237 1618 1419 1665 κρύπτειν
1451 1617 1518 1654 τὸν
1544 1615 1715 1655 ἀτάσθα-

173 1676 240 1710 λον
265 1668 377 1718 ἄνδρ’
406 1668 652 1717 ἀνέλεγκτον,
683 1670 748 1705 ubi
779 1669 894 1715 poeta
923 1668 1131 1714 interdicit,
1163 1679 1211 1703 ne
1245 1668 1328 1713 quis
1359 1667 1570 1702 maleficum
1597 1667 1714 1702 homi-

172 1732 259 1757 nem
285 1719 468 1766 inquisita
497 1730 538 1755 re
569 1718 672 1755 domi
703 1728 791 1753 suae
824 1714 991 1763 recipiat.
1044 1716 1142 1752 Huic
1173 1715 1334 1752 hominis
1361 1715 1490 1750 ludaei
1523 1714 1717 1750 severitati

173 1769 393 1815 adversatus
418 1767 468 1813 is,
495 1766 600 1803 cuius
626 1766 714 1801 sunt
737 1777 772 1801 v.
801 1768 880 1800 141.
909 1769 947 1810 2,
981 1765 1116 1800 callide
1143 1764 1264 1810 magis
1291 1775 1404 1809 quam
1430 1762 1491 1808 pie
1516 1762 1714 1808 praecipit,

172 1815 409 1863 requisitioni
446 1827 521 1851 non
560 1825 638 1850 esse
674 1814 820 1858 locum,
858 1812 923 1848 ubi
961 1824 1080 1859 vagus
1116 1812 1253 1857 aliquis
1292 1823 1335 1846 ac
1370 1811 1475 1847 vafer
1508 1809 1715 1856 (scelestus)

173 1865 342 1901 nostram
374 1863 527 1899 domum
560 1861 771 1907 confugiat:
805 1861 921 1896 satius
948 1871 1027 1896 esse
1052 1860 1125 1896 isto
1150 1859 1301 1895 homine
1333 1859 1472 1903 amico,
1504 1869 1617 1904 quam
1643 1858 1711 1893 ini-

174 1912 271 1949 mico
302 1911 375 1948 uti:
413 1923 499 1947 nam
531 1911 626 1947 haec
657 1920 807 1954 quoque
839 1909 997 1944 adversa
1027 1908 1151 1944 fronte
1183 1908 1357 1954 pugnant
1382 1918 1464 1942 cum
1490 1918 1524 1942 v.
1553 1910 1630 1941 133.
1658 1910 1716 1951 34,

177 1960 240 1996 ubi
266 1959 425 1997 Iudaeus
451 1958 636 2003 edixerat,
672 1957 872 1993 scelestum
904 1956 1094 1992 hominem
1126 1956 1258 2002 procul
1283 1966 1361 1990 esse
1386 1954 1632 2000 abigendum,
1669 1965 1715 1989 ne

174 2008 254 2044 eius
281 2006 510 2044 consuetudo
537 2008 575 2042 et
600 2004 778 2052 contagio
803 2003 911 2041 nobis
936 2003 1150 2050 perniciosa
1174 2003 1250 2038 fiat.
1293 2003 1425 2048 Itaque
1446 2013 1520 2037 non
1540 2001 1713 2037 dubitavi

173 2069 207 2093 v.
237 2059 316 2091 141.
343 2059 364 2091 2
398 2056 526 2101 aperte
556 2053 739 2090 insiticios
774 2051 950 2089 cancellis
982 2051 1306 2092 circumscribere:
1342 2061 1411 2086 nec
1442 2050 1518 2085 iam
1558 2048 1715 2085 offendit

174 2100 324 2187 βροτός,
363 2114 436 2149 quo
468 2102 653 2138 vocabulo
691 2112 766 2136 non
797 2100 917 2136 utitur
948 2098 1124 2144 Iudaeus,
1161 2101 1227 2135 aut
1258 2097 1460 2144 φέρτερον,
1500 2097 1531 2132 si
1563 2096 1714 2142 quidem

202 2162 246 2187 oc
271 2150 482 2197 profectum
508 2151 557 2186 ab
582 2150 734 2186 auctore
759 2148 870 2184 huius
896 2147 1100 2194 praecepti.
1140 2146 1280 2183 Contra
1299 2147 1461 2190 Bernays
1482 2145 1543 2180 hic
1564 2155 1711 2190 quoque

174 2198 362 2235 Mosaicae
401 2198 621 2244 disciplinae
659 2197 851 2233 decretum
885 2195 957 2231 sibi
988 2195 1223 2241 indagavisse
1261 2194 1362 2230 visus
1399 2189 1636 2238 πλαζόμενον
1671 2189 1712 2226 δὲ

176 2244 288 2296 βοτὸν
314 2242 400 2282 κατ’
422 2242 631 2292 ἀταρπιτὸν
651 2241 719 2291 οὐχ
745 2240 951 2287 ῦπαλύξεις
975 2243 1141 2289 scripsit,
1170 2239 1280 2291 βοτὸν
1307 2240 1474 2288 speciose
1500 2240 1713 2283 admodum,

174 2295 322 2341 reliqua
359 2293 482 2330 minus
520 2293 785 2339 probabiliter,
822 2291 951 2338 itaque
989 2291 1027 2326 in
1061 2291 1118 2327 ed.
1145 2294 1166 2326 3
1196 2289 1376 2336 proposui
1406 2284 1641 2333 πλαζόμενόν
1674 2300 1712 2323 τε

177 2340 289 2391 βοτὸν
320 2338 480 2388 κάταγ’
509 2338 716 2387 ἀτραπὸν
749 2336 829 2386 οὐχ
861 2336 1099 2381 ὑπαλύξας
1129 2338 1189 2373 vel
1221 2334 1442 2382 κατάγειν
1476 2333 1618 2381 δόμον
1645 2331 1713 2380 οὐχ

176 2386 381 2433 ὑπαλύξας.
427 2389 480 2426 Cf.
506 2391 656 2437 praeter
679 2389 796 2423 Exod.
817 2392 875 2431 23,
896 2390 917 2422 5
943 2386 1050 2421 Philo
1078 2385 1111 2421 11
1132 2390 1199 2421 391
1221 2387 1260 2421 et
1279 2389 1359 2421 394.
1389 2405 1430 2410 —
1459 2383 1501 2419 V.
1526 2387 1602 2418 142.
1632 2381 1712 2430 βέλ-

108 2462 112 2467 -
176 2451 285 2483 τερον
311 2434 410 2482 ἀντ’,
435 2437 492 2473 V2
545 2437 677 2482 έλτιον,
703 2437 761 2471 Va
782 2434 958 2484 βέρτερον
983 2434 1006 2469 i.
1028 2445 1058 2470 e.
1086 2432 1280 2479 φέρτερον.
1305 2454 1339 2458 -
1375 2429 1530 2477 ἐχθροῦ,
1557 2428 1712 2488 ἐχθροῖο

176 2487 206 2522 Β
233 2485 409 2521 Brunokii
434 2485 504 2521 c'od
534 2514 541 2522 .
569 2507 611 2511 -—
639 2482 787 2530 τεύχειν
813 2482 887 2527 V2,
917 2486 1044 2527 τυχεῖν
1070 2482 1105 2516 Η
1131 2480 1308 2516 Brunckii
1333 2479 1452 2523 codd.‚
1477 2477 1514 2514 τ’
1545 2477 1645 2523 ἔχειν
1671 2478 1711 2522 Β,

177 2532 325 2579 τνχέειν
340 2533 454 2569 A1Va
472 2535 515 2569 ut
533 2533 659 2579 vulgo.
680 2553 723 2558 —
746 2532 857 2576 φίλον
877 2526 1109 2576 εὖμενέοντα
1122 2529 1183 2564 ΤΒ
1204 2528 1290 2573 (nisi
1310 2527 1408 2572 quod
1430 2520 1472 2561 εὖ
1494 2525 1563 2572 μὲν
1585 2522 1713 2568 ἐόντα)

179 2583 236 2618 Va
261 2583 299 2617 et
324 2581 502 2617 Brunckii
533 2581 659 2625 codd.‚
696 2578 878 2615 PV1A1H
912 2578 1023 2622 φίλου
1057 2573 1303 2623 εὖμενέοντος
1340 2577 1383 2610 ut
1413 2574 1537 2618 vulgo.
1589 2573 1642 2607 Ex
1674 2572 1712 2606 M

179 2627 321 2687 ἐχθροῦ
341 2629 380 2665 et
398 2625 630 2675 εὖμενέοντα
650 2628 855 2664 enotatum.
882 2646 922 2651 -
946 2624 995 2660 ‘V.
1019 2628 1097 2660 143.
1124 2621 1291 2667 κόπτειν,
1319 2622 1433 2666 ἕλκος,
1461 2620 1585 2665 BMpr.
1608 2619 1713 2660 ἕλκος

178 2689 343 2714 κοπτειν.
363 2697 408 2702 -
428 2673 464 2712 τ’
487 2689 558 2713 om.
579 2677 673 2722 Mpr.
695 2695 738 2700 —
760 2670 914 2709 κόπτειν
939 2671 1037 2707 idem
1060 2673 1117 2707 est
1135 2671 1234 2717 quod
1255 2667 1499 2706 ἀνακόπτειν.
1537 2667 1712 2702 Imitatur

177 2726 292 2771 poeta
317 2724 483 2771 Theogn.
501 2728 592 2761 1133
619 2723 740 2759 κακοῦ
767 2717 1060 2765 καταπαύσομεν
1087 2716 1223 2764 ἀρχήν,
1251 2718 1417 2763 ζητῶμεν
1438 2712 1474 2749 δ’
1498 2714 1598 2750 ἕλκει
1617 2711 1711 2759 φάρ-

179 2786 281 2818 μακα
301 2770 492 2820 φυομένῳ,
518 2772 614 2808 sicut
633 2784 666 2807 v.
690 2773 758 2805 144
783 2769 818 2805 ei
843 2768 1060 2803 obversatus
1086 2770 1143 2802 est
1172 2765 1272 2801 Pind.
1294 2765 1402 2809 Pyth.
1424 2763 1474 2797 III
1497 2766 1541 2797 36
1568 2759 1710 2797 πολλὰν

177 2818 258 2867 ὄρει
284 2820 360 2866 πῦρ
388 2817 426 2864 ἐξ,
460 2818 546 2861 ἐνὸς
577 2818 788 2864 σπέρματος
821 2812 986 2858 ἐνθορὸν
1019 2811 1201 2849 ἀΐστωσεν
1234 2809 1346 2857 ῦλαν,
1382 2813 1420 2846 et
1445 2809 1640 2854 Euripides
1673 2810 1711 2844 in

178 2868 292 2904 Inone
317 2867 360 2904 fr.
376 2871 445 2904 415
472 2868 607 2914 μικροῦ
633 2864 705 2912 γὰρ
727 2862 768 2900 ἐκ
789 2862 1002 2909 λαμπτῆρος
1017 2858 1155 2896 Ἰδαῖον
1180 2859 1296 2900 λέπας
1315 2856 1492 2904 πρήσειεν
1512 2854 1561 2892 ἄν
1579 2870 1644 2897 τις.
1667 2877 1709 2882 -

178 2916 222 2951 V.
245 2918 323 2952 144.
346 2919 425 2951 145.
448 2919 515 2952 146
541 2913 777 2952 accesserunt
802 2922 846 2946 ex
871 2909 939 2945 V1.
967 2929 1009 2934 —
1039 2909 1082 2944 V.
1106 2912 1183 2944 145.
1212 2906 1329 2953 ἔχειν,
1355 2906 1429 2941 τῶν
1455 2904 1602 2951 scripsi,
1629 2904 1709 2940 cod.

180 2960 268 3009 ἔχει.
295 2983 339 2990 -
364 2963 408 2999 V.
438 2967 517 3000 146.
544 2958 659 3009 φεῦγ’
689 2956 803 3005 ἀνθρ.
830 2957 911 2994 cod.
938 2957 1056 3002 φεῦγε
1085 2953 1197 3002 ἀνθρ.
1226 2975 1269 2981 -
1299 2954 1342 2990 V.
1372 2957 1450 2990 147.
1477 2950 1573 2999 μηδέ
1599 2965 1650 2998 τι,
1678 2952 1707 2986 H
