1890 3216
815 167 1105 205 SOPHOCLES.
1637 167 1725 208 245

929 302 968 344 5.

237 394 394 454 Ὠιδὴν
418 393 649 457 Ἡροδότῳ
682 398 834 450 τεῦξεν
868 398 1107 454 Σοφοκλῆς
1140 397 1273 441 ἐτέων
1306 395 1370 441 ὤν

299 465 423 514 πέντ’
460 468 529 513 ἐπὶ
562 467 838 526 πεντήκοντα
864 503 1018 514 .....

522 653 739 699 ΠΑΙΑΝ
784 653 900 698 ΕΙΣ
939 653 1375 699 ΑΣΚΛΗΠΙΟΝ.
1654 661 1722 695 574

928 781 966 822 6.

299 880 492 921 Philostr.
523 880 610 919 Iun.
643 879 771 930 Imag.
808 880 880 927 13,
920 878 990 918 ubi
1028 878 1237 930 Sophoclis
1280 878 1473 918 describit
1505 878 1721 930 imaginem

180 946 324 997 apibus
350 945 784 987 circumvolitantibus:
811 940 1045 996 Ἀσκληπιὸς
1072 942 1115 984 δὲ
1141 940 1250 996 οἶμαι
1271 937 1386 993 οὗτος
1405 940 1522 997 ἐγγὺς
1540 939 1722 983 παιᾶνά

177 1027 256 1052 που
289 1014 527 1066 παρεγγυῶν
551 1007 721 1066 γράφειν
746 1009 812 1050 καὶ
845 1006 1235 1063 ΚλυτομήτηςΙ(Ο
1262 1006 1510 1063 κλυτομῆτις)
1545 1005 1618 1049 οὐκ
1649 1006 1722 1049 ἀπ-

177 1079 300 1128 αξιῶν
324 1074 432 1131 παρὰ
458 1081 532 1119 σοῦ
557 1074 726 1119 ἀκοῦσαι
751 1074 902 1130 βλέμμα
923 1090 960 1116 τε
986 1072 1111 1117 αὐτοῦ
1136 1072 1236 1130 πρὸς
1262 1073 1303 1116 σὲ
1329 1071 1562 1128 φαιδρότητι
1587 1090 1721 1128 μεμιγ-

177 1141 298 1195 μένον
335 1140 403 1194 τὰς
440 1140 548 1197 παρὰ
587 1139 727 1197 μικρὸν
764 1139 930 1196 ὕστερον
968 1138 1215 1191 ἐπιξενώσεις
1253 1141 1468 1182 αἰνίττεται.
1524 1141 1594 1180 ubi
1626 1142 1719 1181 scri-

178 1210 351 1250 bendum
383 1206 691 1263 κλυτόμητις,
724 1211 770 1249 ut
802 1211 866 1249 est
896 1210 938 1248 in
970 1209 1132 1260 Hymno
1164 1209 1376 1249 Homerico
1408 1209 1481 1248 XX
1511 1212 1552 1248 1:
1571 1205 1722 1260 ‘'Hipocc-

178 1288 270 1316 στον
294 1268 531 1330 κλυτόμητιν
550 1273 680 1317 ἀείσω.
732 1276 835 1316 adde
857 1275 1019 1315 Anthol.
1041 1275 1155 1315 Plan.
1177 1275 1235 1314 IV
1255 1277 1324 1327 43,
1342 1279 1370 1314 .1
1400 1278 1440 1315 et
1472 1276 1722 1327 epigramma

178 1342 424 1393 Megaricum
457 1342 499 1383 O.
532 1343 656 1383 Inscr.
690 1342 710 1381 Ι
744 1343 871 1382 1066.
922 1341 1074 1392 Aperte
1106 1342 1233 1393 igitur
1265 1342 1540 1382 Philostratus
1572 1342 1721 1382 indicat

177 1409 252 1450 hoc
289 1409 450 1449 nomine
487 1409 775 1460 Aesculapium
813 1421 838 1448 a
876 1408 1072 1459 Sophocle
1110 1408 1152 1446 in
1195 1420 1348 1458 paeane
1392 1410 1577 1447 ornatum
1622 1421 1720 1448 esse.

179 1474 482 1526 Comparandus
509 1475 666 1525 titulus,
693 1474 761 1526 qui
788 1475 898 1513 extat
924 1474 1074 1514 Romae
1099 1474 1141 1512 in
1160 1474 1328 1513 aedibus
1348 1474 1557 1514 Vaticanis
1584 1469 1721 1527 (Corp.

178 1541 301 1583 Inscr.
332 1541 395 1581 III
427 1542 542 1582 5973
559 1536 616 1595 c):
682 1560 686 1562 -

358 1643 614 1701 Νουσολῦτα,
646 1645 876 1702 κλυτόμητι,
909 1644 1123 1701 φερέσ(βιε,
1156 1645 1326 1688 δέσποτα
1358 1643 1535 1701 Παιάν),

358 1711 406 1768 σὴ
440 1711 610 1767 δύναμις
640 1710 856 1768 κακόεργον
887 1710 1120 1768 ἀνακροζύει
1151 1710 1396 1767 παράνοιαν)

295 1808 298 1809 ⁷
357 1777 608 1834 ἀνθρώπων,
639 1779 790 1834 τρομέει
820 1795 858 1821 τε
890 1776 1174 1834 παλίν(τροπος
1205 1775 1395 1832 οὖλεμένη
1427 1777 1521 1835 κήρ)

343 1845 486 1900 4Ἅιδης
517 1843 549 1887 τ’
584 1843 898 1900 εὖρυθὲμεθλος,
930 1842 1024 1886 ’ὅταν
1055 1842 1246 1900 ζωα(ρκὲς
1277 1842 1445 1900 ἅκεσμα)

357 1909 600 1968 ἆντανύσῃς,
632 1913 822 1966 βιοδῶτα,
855 1908 1194 1966 φερεσσιπό(νοισι
1226 1907 1457 1966 βροτοῖσιν.)

274 2090 332 2126 Fr.
359 2093 392 2126 5.
420 2089 517 2126 Plut.
551 2100 599 2125 an
631 2090 711 2125 seni
743 2089 793 2124 sit
823 2099 920 2134 resp.
953 2098 1029 2133 ger.
1064 2099 1093 2123 c.
1127 2092 1166 2123 3:
1199 2086 1303 2123 τουτὶ
1334 2085 1376 2122 δὲ
1409 2083 1720 2134 ὁμολογουμένως

178 2136 424 2183 Σοφοκλέους
450 2134 528 2173 ἐστὶ
553 2134 594 2172 τὸ
622 2134 940 2183 ἐπιγραμμάτιον·
968 2132 1097 2180 Ὡιδὴν
1124 2138 1198 2171 κτλ.
1249 2134 1383 2180 Elegia
1412 2134 1527 2170 fuisse
1562 2135 1722 2181 videtur,

179 2183 282 2235 ᾠδήν
303 2188 418 2232 poeta
437 2184 531 2221 dicit
557 2183 619 2230 (cf.
635 2185 758 2221 Solon.
781 2183 824 2219 fn
843 2185 889 2229 1),
916 2184 982 2219 sed
1006 2183 1255 2228 breviuscula‚
1281 2183 1367 2218 hinc
1388 2183 1612 2219 Plutarchus
1639 2180 1717 2219 ἐπι>

179 2230 416 2280 γραμμάτιον
448 2233 626 2279 appellat.
678 2233 796 2268 Poeta
827 2243 911 2267 cum
943 2230 1025 2277 ipse
1057 2232 1151 2277 quot
1181 2242 1298 2267 annos
1330 2233 1419 2267 tunc
1452 2230 1566 2267 fuerit
1598 2233 1719 2276 natus,

179 2282 413 2327 testificetur,
433 2281 593 2317 fortasse
613 2280 729 2316 etiam
749 2278 931 2315 Herodoti
950 2278 1063 2314 amici
1083 2280 1247 2315 aetatem
1268 2278 1511 2323 indicaverat,
1532 2289 1576 2314 ac
1598 2279 1720 2325 possis

179 2341 327 2366 versum
352 2329 391 2364 in
422 2329 522 2365 hunc
555 2328 704 2364 modum
738 2327 994 2374 redintegrare
1026 2324 1133 2362 πέντ’
1168 2323 1231 2363 ἐπὶ
1256 2322 1482 2372 πεντήκοντ’
1518 2323 1616 2362 ὄντι
1649 2327 1721 2367 δὶς

179 2373 325 2414 εἰ’κοσ’
350 2374 463 2413 ἐτῶν
484 2375 613 2422 (eiiam
633 2376 672 2412 in
693 2374 901 2412 Homericis
922 2375 1150 2410 carminibus
1171 2375 1289 2411 εἴκοσι
1309 2374 1502 2411 elisionem
1523 2374 1721 2419 admittit),

179 2427 222 2462 ut
245 2425 457 2462 Herodotus
483 2426 593 2460 natus
617 2422 732 2460 fuerit
758 2423 814 2460 Ol.
843 2426 898 2468 74,
925 2426 963 2458 4:
997 2433 1117 2468 neque
1153 2422 1281 2458 obstat
1305 2421 1525 2468 Pamphilae
1550 2422 1719 2458 testimo—

178 2473 300 2517 nium,
333 2484 429 2519 quae
465 2471 634 2508 historici
663 2471 810 2507 natales
844 2470 900 2506 Ol.
929 2474 992 2515 74,
1020 2475 1037 2505 1
1065 2470 1282 2516 adscripsit3
1314 2482 1400 2506 cum
1435 2469 1491 2505 Ol.
1520 2473 1564 2506 74
1589 2472 1719 2506 natum

179 2533 261 2558 esse
285 2521 358 2558 fide
384 2520 518 2568 dignos
543 2521 716 2556 auctores
747 2518 895 2555 tradere
930 2518 1174 2564 repperisset,
1206 2517 1398 2554 tralaticio
1432 2528 1534 2553 more
1566 2517 1615 2553 ad
1647 2517 1720 2563 pri-

180 2581 281 2605 mum
307 2581 446 2605 annum
470 2566 627 2605 rettulit.
678 2566 783 2603 Misit
807 2568 934 2602 autem
956 2564 1161 2611 Sophocles
1188 2565 1391 2612 elegidium
1418 2565 1466 2601 ad
1485 2564 1719 2601 Herodotum

179 2629 223 2654 eo
248 2619 436 2663 tempore,
469 2627 542 2661 quo
576 2616 624 2651 ab
649 2613 941 2651 Atheniensibus
972 2615 1124 2659 praetor
1148 2614 1295 2650 creatus
1320 2612 1446 2649 Samio
1479 2612 1578 2649 bello
1604 2613 1719 2649 inter-

178 2665 268 2710 fuit,
296 2664 400 2701 cuius
425 2663 518 2700 belli
542 2666 714 2710 tempora
740 2674 824 2698 cum
851 2662 985 2708 poetae
1017 2661 1207 2698 natalibus
1233 2661 1428 2697 commode
1452 2662 1609 2706 possunt
1634 2672 1719 2698 con-

179 2713 310 2749 ciliari.
344 2712 504 2748 Videtur
523 2709 870 2758 tragicus-dixisse,
898 2720 936 2745 se
963 2720 1079 2745 annos
1105 2708 1381 2754 quinquaginta
1405 2707 1570 2753 quinque
1590 2710 1719 2744 natum

180 2772 277 2796 nunc
301 2760 465 2808 primum
490 2759 539 2795 ad
564 2771 643 2796 rem
668 2758 860 2805 publicam
887 2756 1083 2799 accedere;
1116 2755 1349 2803 poematium
1380 2767 1464 2791 cum
1496 2755 1588 2792 satis
1623 2758 1720 2792 esset

179 2809 328 2852 notum,
359 2807 584 2844 Plutarchus
610 2809 759 2843 tantum
786 2804 1013 2851 principium
1045 2804 1260 2850 adscripsit;
1293 2805 1443 2850 poterat
1467 2804 1593 2839 autem
1620 2815 1719 2841 com-

181 2855 290 2893 mode
316 2858 388 2893 hoc
413 2854 585 2901 exemplo
611 2854 679 2900 uti,
704 2856 748 2890 ut
767 2852 982 2889 ostenderet
1008 2851 1122 2888 etiam
1143 2852 1268 2888 aetate
1288 2850 1541 2897 provectiores
1566 2851 1720 2888 idoneos

179 2914 260 2986 1esse
281 2903 331 2940 ad
349 2916 426 2941 rem
448 2901 639 2950 publicam
659 2901 873 2949 gerendam,
895 2899 1067 2945 quamvis
1088 2899 1293 2946 Sophocles
1313 2900 1403 2935 tunc
1422 2899 1587 2935 nondum
1608 2911 1718 2936 senex

195 2950 302 2989 uerit.
