<?xml version="1.0" encoding="UTF-8"?>
<!DOCTYPE html PUBLIC "-//W3C//DTD XHTML 1.0 Transitional//EN"
    "http://www.w3.org/TR/xhtml1/DTD/xhtml1-transitional.dtd">
<html xmlns="http://www.w3.org/1999/xhtml" xml:lang="en" lang="en">
 <head>
  <title>
</title>
<meta http-equiv="Content-Type" content="text/html;charset=utf-8" />
  <meta name='ocr-system' content='tesseract 3.04.00' />
  <meta name='ocr-capabilities' content='ocr_page ocr_carea ocr_par ocr_line ocrx_word'/>
</head>
<body>
  <div class='ocr_page' id='page_1' title='image "./poetaelyricigrae02berguoft_0067.png"; bbox 0 0 1890 3216; ppageno 0'>
   <div class='ocr_carea' id='block_1_1' title="bbox 0 0 26 152">
    <p class='ocr_par' dir='ltr' id='par_1_1' title="bbox 0 0 26 152">
     <span class='ocr_line' id='line_1_1' title="bbox 0 0 26 152; textangle 90"><span class='ocrx_word' id='word_1_1' title='bbox 0 100 13 152; x_wconf 67' lang='lat'>‘&#39;⁹&#39;&#39;</span> <span class='ocrx_word' id='word_1_2' title='bbox 0 0 26 95; x_wconf 52' lang='lat'>‘&#39;‘2&#39;31</span> 
     </span>
    </p>
   </div>
   <div class='ocr_carea' id='block_1_2' title="bbox 259 205 1739 378">
    <p class='ocr_par' dir='ltr' id='par_1_2' title="bbox 259 205 1739 378">
     <span class='ocr_line' id='line_1_2' title="bbox 863 205 1738 250; baseline 0.01 -9"><span class='ocrx_word' id='word_1_3' title='bbox 863 205 1037 243; x_wconf 85' lang='lat' dir='ltr'><strong>SOLON.</strong></span> <span class='ocrx_word' id='word_1_4' title='bbox 1683 209 1738 250; x_wconf 74' lang='lat'>57</span> 
     </span>
     <span class='ocr_line' id='line_1_3' title="bbox 259 309 1739 378; baseline 0.003 -21"><span class='ocrx_word' id='word_1_5' title='bbox 259 309 460 370; x_wconf 78' lang='grc' dir='ltr'><strong><em>θεσμοὺς</em></strong></span> <span class='ocrx_word' id='word_1_6' title='bbox 492 310 535 357; x_wconf 92' lang='grc' dir='ltr'>δ’</span> <span class='ocrx_word' id='word_1_7' title='bbox 573 310 758 370; x_wconf 85' lang='grc' dir='ltr'><strong><em>ὁμοίους</em></strong></span> <span class='ocrx_word' id='word_1_8' title='bbox 789 316 850 375; x_wconf 78' lang='grc' dir='ltr'><em>τῷ</em></span> <span class='ocrx_word' id='word_1_9' title='bbox 884 316 1003 375; x_wconf 79' lang='grc' dir='ltr'><em>κακῷ</em></span> <span class='ocrx_word' id='word_1_10' title='bbox 1038 332 1084 358; x_wconf 90' lang='grc' dir='ltr'>τε</span> <span class='ocrx_word' id='word_1_11' title='bbox 1115 313 1304 378; x_wconf 75' lang='grc' dir='ltr'><em>κάγαθῷ</em></span> <span class='ocrx_word' id='word_1_12' title='bbox 1670 330 1739 362; x_wconf 77' lang='lat'>436</span> 
     </span>
    </p>
   </div>
   <div class='ocr_carea' id='block_1_3' title="bbox 187 383 1323 733">
    <p class='ocr_par' dir='ltr' id='par_1_3' title="bbox 261 383 1323 588">
     <span class='ocr_line' id='line_1_4' title="bbox 263 383 1164 445; baseline 0.001 -15"><span class='ocrx_word' id='word_1_13' title='bbox 263 383 450 430; x_wconf 78' lang='grc' dir='ltr'><em>εὐθεῖαν</em></span> <span class='ocrx_word' id='word_1_14' title='bbox 481 387 545 438; x_wconf 84' lang='grc' dir='ltr'><em>εἰς</em></span> <span class='ocrx_word' id='word_1_15' title='bbox 577 386 765 431; x_wconf 82' lang='grc' dir='ltr'><em>ἕκαστον</em></span> <span class='ocrx_word' id='word_1_16' title='bbox 797 383 999 445; x_wconf 80' lang='grc' dir='ltr'><strong><em>ἁρμόσας</em></strong></span> <span class='ocrx_word' id='word_1_17' title='bbox 1030 389 1164 444; x_wconf 86' lang='grc' dir='ltr'><em>δίκην</em></span> 
     </span>
     <span class='ocr_line' id='line_1_5' title="bbox 263 456 1323 516; baseline 0.002 -15"><span class='ocrx_word' id='word_1_18' title='bbox 263 459 448 516; x_wconf 81' lang='grc' dir='ltr'><em>ἔγραψα.</em></span> <span class='ocrx_word' id='word_1_19' title='bbox 491 458 680 516; x_wconf 84' lang='grc' dir='ltr'><em>κέντρον</em></span> <span class='ocrx_word' id='word_1_20' title='bbox 714 456 756 502; x_wconf 93' lang='grc' dir='ltr'>δ’</span> <span class='ocrx_word' id='word_1_21' title='bbox 792 456 926 511; x_wconf 75' lang='grc' dir='ltr'><em>ἄλλος</em></span> <span class='ocrx_word' id='word_1_22' title='bbox 958 456 1019 511; x_wconf 76' lang='grc' dir='ltr'>ὡς</span> <span class='ocrx_word' id='word_1_23' title='bbox 1051 457 1136 516; x_wconf 75' lang='grc' dir='ltr'>ἐγώ</span> <span class='ocrx_word' id='word_1_24' title='bbox 1169 458 1323 516; x_wconf 78' lang='grc' dir='ltr'><em>λαβών</em></span> 
     </span>
     <span class='ocr_line' id='line_1_6' title="bbox 261 528 1209 588; baseline 0.001 -14"><span class='ocrx_word' id='word_1_25' title='bbox 261 529 552 587; x_wconf 82' lang='grc' dir='ltr'><em>κακοφραδής</em></span> <span class='ocrx_word' id='word_1_26' title='bbox 583 547 628 574; x_wconf 88' lang='grc' dir='ltr'>τε</span> <span class='ocrx_word' id='word_1_27' title='bbox 662 530 735 574; x_wconf 84' lang='grc' dir='ltr'><em>καὶ</em></span> <span class='ocrx_word' id='word_1_28' title='bbox 767 530 1059 588; x_wconf 83' lang='grc' dir='ltr'><em>φιλοκτήμων</em></span> <span class='ocrx_word' id='word_1_29' title='bbox 1092 528 1209 588; x_wconf 78' lang='grc' dir='ltr'><em>ἀνήρ</em></span> 
     </span>
    </p>

    <p class='ocr_par' dir='ltr' id='par_1_4' title="bbox 187 598 1283 733">
     <span class='ocr_line' id='line_1_7' title="bbox 187 598 1283 660; baseline 0.001 -15"><span class='ocrx_word' id='word_1_30' title='bbox 187 614 234 646; x_wconf 74' lang='lat'>20</span> <span class='ocrx_word' id='word_1_31' title='bbox 261 599 356 646; x_wconf 80' lang='grc' dir='ltr'><em>οὔτ’</em></span> <span class='ocrx_word' id='word_1_32' title='bbox 395 598 455 646; x_wconf 75' lang='grc' dir='ltr'>ἂν</span> <span class='ocrx_word' id='word_1_33' title='bbox 487 602 668 660; x_wconf 81' lang='grc' dir='ltr'><strong><em>κατέσχε</em></strong></span> <span class='ocrx_word' id='word_1_34' title='bbox 702 604 869 659; x_wconf 84' lang='grc' dir='ltr'><em>δῆμον,</em></span> <span class='ocrx_word' id='word_1_35' title='bbox 903 600 999 646; x_wconf 76' lang='grc' dir='ltr'><em>οὔτ’</em></span> <span class='ocrx_word' id='word_1_36' title='bbox 1037 601 1283 659; x_wconf 85' lang='grc' dir='ltr'><em>ἐπαύσατο,</em></span> 
     </span>
     <span class='ocr_line' id='line_1_8' title="bbox 261 670 1140 733; baseline 0.001 -16"><span class='ocrx_word' id='word_1_37' title='bbox 261 673 368 731; x_wconf 84' lang='grc' dir='ltr'><em>πρὶν</em></span> <span class='ocrx_word' id='word_1_38' title='bbox 401 670 458 718; x_wconf 75' lang='grc' dir='ltr'>ἂν</span> <span class='ocrx_word' id='word_1_39' title='bbox 491 673 682 732; x_wconf 77' lang='grc' dir='ltr'><em>ταράξας</em></span> <span class='ocrx_word' id='word_1_40' title='bbox 714 683 821 731; x_wconf 77' lang='grc' dir='ltr'><em>πῖαρ</em></span> <span class='ocrx_word' id='word_1_41' title='bbox 857 675 979 733; x_wconf 80' lang='grc' dir='ltr'><em>ἐξέλῃ</em></span> <span class='ocrx_word' id='word_1_42' title='bbox 1012 674 1140 732; x_wconf 84' lang='grc' dir='ltr'><em>γάλα.</em></span> 
     </span>
    </p>
   </div>
   <div class='ocr_carea' id='block_1_4' title="bbox 852 808 1062 863">
    <p class='ocr_par' dir='ltr' id='par_1_5' title="bbox 852 808 1062 863">
     <span class='ocr_line' id='line_1_9' title="bbox 852 808 1062 863; baseline 0.005 -13"><span class='ocrx_word' id='word_1_43' title='bbox 852 808 1062 863; x_wconf 60' lang='lat'>37.[25]</span> 
     </span>
    </p>
   </div>
   <div class='ocr_carea' id='block_1_5' title="bbox 258 888 1290 1094">
    <p class='ocr_par' dir='ltr' id='par_1_6' title="bbox 258 888 1290 1094">
     <span class='ocr_line' id='line_1_10' title="bbox 262 888 806 947; baseline 0.004 -15"><span class='ocrx_word' id='word_1_44' title='bbox 262 907 282 932; x_wconf 81' lang='lat'>*</span> <span class='ocrx_word' id='word_1_45' title='bbox 315 907 338 932; x_wconf 59' lang='grc' dir='ltr'>»ι</span> <span class='ocrx_word' id='word_1_46' title='bbox 370 907 393 931; x_wconf 80' lang='lat'>*</span> <span class='ocrx_word' id='word_1_47' title='bbox 426 892 485 934; x_wconf 80' lang='grc' dir='ltr'>Εἰ</span> <span class='ocrx_word' id='word_1_48' title='bbox 514 889 602 947; x_wconf 82' lang='grc' dir='ltr'><em>γὰρ</em></span> <span class='ocrx_word' id='word_1_49' title='bbox 634 888 806 947; x_wconf 80' lang='grc' dir='ltr'><strong><em>ἤθελον</em></strong></span> 
     </span>
     <span class='ocr_line' id='line_1_11' title="bbox 259 959 1104 1019; baseline 0.001 -13"><span class='ocrx_word' id='word_1_50' title='bbox 259 959 288 1006; x_wconf 77' lang='grc' dir='ltr'><strong><em>ἃ</em></strong></span> <span class='ocrx_word' id='word_1_51' title='bbox 321 970 414 1014; x_wconf 81' lang='grc' dir='ltr'><em>τοῖς</em></span> <span class='ocrx_word' id='word_1_52' title='bbox 447 962 720 1006; x_wconf 83' lang='grc' dir='ltr'><em>ἐναντίοισιν</em></span> <span class='ocrx_word' id='word_1_53' title='bbox 753 959 953 1019; x_wconf 81' lang='grc' dir='ltr'>ἥνδανεν</span> <span class='ocrx_word' id='word_1_54' title='bbox 983 962 1104 1019; x_wconf 87' lang='grc' dir='ltr'><em>τότε,</em></span> 
     </span>
     <span class='ocr_line' id='line_1_12' title="bbox 258 1028 1290 1094; baseline 0.001 -16"><span class='ocrx_word' id='word_1_55' title='bbox 258 1028 384 1086; x_wconf 77' lang='grc' dir='ltr'><em>αὖτις</em></span> <span class='ocrx_word' id='word_1_56' title='bbox 416 1029 459 1077; x_wconf 87' lang='grc' dir='ltr'>δ’</span> <span class='ocrx_word' id='word_1_57' title='bbox 494 1031 522 1077; x_wconf 73' lang='grc' dir='ltr'><em>ἃ</em></span> <span class='ocrx_word' id='word_1_58' title='bbox 554 1043 671 1078; x_wconf 80' lang='grc' dir='ltr'><em>τοῖσι</em></span> <span class='ocrx_word' id='word_1_59' title='bbox 703 1035 935 1094; x_wconf 76' lang='grc' dir='ltr'><em>νςοτέροις,</em></span> <span class='ocrx_word' id='word_1_60' title='bbox 969 1037 1134 1093; x_wconf 78' lang='grc' dir='ltr'><em>δρᾶσαι</em></span> <span class='ocrx_word' id='word_1_61' title='bbox 1167 1037 1290 1093; x_wconf 87' lang='grc' dir='ltr'><em>δίχα,</em></span> 
     </span>
    </p>
   </div>
   <div class='ocr_carea' id='block_1_6' title="bbox 185 1165 1734 1837">
    <p class='ocr_par' dir='ltr' id='par_1_7' title="bbox 185 1165 1734 1550">
     <span class='ocr_line' id='line_1_13' title="bbox 186 1165 1732 1213; baseline 0.001 -11"><span class='ocrx_word' id='word_1_62' title='bbox 186 1177 275 1202; x_wconf 87' lang='grc' dir='ltr'><em>σαν·</em></span> <span class='ocrx_word' id='word_1_63' title='bbox 302 1165 477 1211; x_wconf 77' lang='grc' dir='ltr'><em>διῆλθον.</em></span> <span class='ocrx_word' id='word_1_64' title='bbox 526 1165 626 1201; x_wconf 82' lang='lat' dir='ltr'>Nam</span> <span class='ocrx_word' id='word_1_65' title='bbox 652 1165 835 1211; x_wconf 84' lang='grc' dir='ltr'><em>διῆνον,</em></span> <span class='ocrx_word' id='word_1_66' title='bbox 869 1167 970 1211; x_wconf 91' lang='lat' dir='ltr'>quod</span> <span class='ocrx_word' id='word_1_67' title='bbox 994 1166 1155 1203; x_wconf 88' lang='lat' dir='ltr'>fortasse</span> <span class='ocrx_word' id='word_1_68' title='bbox 1182 1166 1265 1213; x_wconf 89' lang='lat' dir='ltr'>quis</span> <span class='ocrx_word' id='word_1_69' title='bbox 1291 1167 1501 1213; x_wconf 83' lang='lat' dir='ltr'>praeferat,</span> <span class='ocrx_word' id='word_1_70' title='bbox 1535 1168 1622 1204; x_wconf 89' lang='grc'>111116</span> <span class='ocrx_word' id='word_1_71' title='bbox 1649 1168 1732 1203; x_wconf 91' lang='grc'>1000</span> 
     </span>
     <span class='ocr_line' id='line_1_14' title="bbox 185 1213 1730 1271; baseline 0.001 -22"><span class='ocrx_word' id='word_1_72' title='bbox 185 1213 309 1250; x_wconf 82' lang='lat' dir='ltr'>minus</span> <span class='ocrx_word' id='word_1_73' title='bbox 335 1215 393 1250; x_wconf 90' lang='lat' dir='ltr'>est</span> <span class='ocrx_word' id='word_1_74' title='bbox 418 1213 660 1271; x_wconf 87' lang='lat' dir='ltr'>conveniens,</span> <span class='ocrx_word' id='word_1_75' title='bbox 691 1225 813 1260; x_wconf 87' lang='lat' dir='ltr'>neque</span> <span class='ocrx_word' id='word_1_76' title='bbox 846 1214 940 1250; x_wconf 86' lang='lat' dir='ltr'>alias</span> <span class='ocrx_word' id='word_1_77' title='bbox 971 1215 1066 1251; x_wconf 87' lang='lat' dir='ltr'>haec</span> <span class='ocrx_word' id='word_1_78' title='bbox 1098 1215 1204 1251; x_wconf 87' lang='lat' dir='ltr'>verbi</span> <span class='ocrx_word' id='word_1_79' title='bbox 1234 1215 1356 1251; x_wconf 85' lang='lat' dir='ltr'>forma</span> <span class='ocrx_word' id='word_1_80' title='bbox 1387 1217 1500 1251; x_wconf 86' lang='lat' dir='ltr'>extat.</span> <span class='ocrx_word' id='word_1_81' title='bbox 1528 1237 1574 1242; x_wconf 91' lang='lat'>—</span> <span class='ocrx_word' id='word_1_82' title='bbox 1601 1216 1644 1251; x_wconf 91' lang='lat' dir='ltr'>V.</span> <span class='ocrx_word' id='word_1_83' title='bbox 1675 1221 1730 1253; x_wconf 92' lang='lat'>16.</span> 
     </span>
     <span class='ocr_line' id='line_1_15' title="bbox 186 1258 1728 1309; baseline 0 -11"><span class='ocrx_word' id='word_1_84' title='bbox 186 1259 342 1309; x_wconf 84' lang='grc' dir='ltr'><strong><em>ὁμοίους</em></strong></span> <span class='ocrx_word' id='word_1_85' title='bbox 369 1263 446 1308; x_wconf 86' lang='grc' dir='ltr'>ΓΘ,</span> <span class='ocrx_word' id='word_1_86' title='bbox 471 1274 506 1298; x_wconf 86' lang='lat' dir='ltr'>v.</span> <span class='ocrx_word' id='word_1_87' title='bbox 533 1258 682 1308; x_wconf 85' lang='grc' dir='ltr'><em>ὁμοίως.</em></span> <span class='ocrx_word' id='word_1_88' title='bbox 715 1283 758 1289; x_wconf 90' lang='lat'>-—-</span> <span class='ocrx_word' id='word_1_89' title='bbox 790 1261 829 1298; x_wconf 93' lang='lat' dir='ltr'>V.</span> <span class='ocrx_word' id='word_1_90' title='bbox 854 1266 908 1298; x_wconf 91' lang='lat'>18.</span> <span class='ocrx_word' id='word_1_91' title='bbox 937 1260 1004 1308; x_wconf 79' lang='grc' dir='ltr'>ὡς,</span> <span class='ocrx_word' id='word_1_92' title='bbox 1029 1262 1161 1308; x_wconf 81' lang='lat' dir='ltr'>nequis</span> <span class='ocrx_word' id='word_1_93' title='bbox 1186 1259 1210 1309; x_wconf 82' lang='grc' dir='ltr'>ἢ</span> <span class='ocrx_word' id='word_1_94' title='bbox 1238 1262 1288 1304; x_wconf 85' lang='grc' dir='ltr'>ὡς</span> <span class='ocrx_word' id='word_1_95' title='bbox 1313 1263 1492 1309; x_wconf 86' lang='lat' dir='ltr'>requirat.</span> <span class='ocrx_word' id='word_1_96' title='bbox 1519 1264 1563 1300; x_wconf 88' lang='lat' dir='ltr'>cf.</span> <span class='ocrx_word' id='word_1_97' title='bbox 1593 1264 1728 1300; x_wconf 83' lang='lat' dir='ltr'>Schoe-</span> 
     </span>
     <span class='ocr_line' id='line_1_16' title="bbox 187 1309 1733 1369; baseline 0.002 -24"><span class='ocrx_word' id='word_1_98' title='bbox 187 1321 302 1346; x_wconf 86' lang='lat' dir='ltr'>mann</span> <span class='ocrx_word' id='word_1_99' title='bbox 335 1309 556 1346; x_wconf 85' lang='lat' dir='ltr'>Redetheile</span> <span class='ocrx_word' id='word_1_100' title='bbox 588 1314 679 1352; x_wconf 81' lang='grc'>236,</span> <span class='ocrx_word' id='word_1_101' title='bbox 710 1310 809 1346; x_wconf 82' lang='grc'>1111110</span> <span class='ocrx_word' id='word_1_102' title='bbox 841 1309 993 1369; x_wconf 89' lang='lat' dir='ltr'>quidem</span> <span class='ocrx_word' id='word_1_103' title='bbox 1031 1311 1157 1347; x_wconf 86' lang='grc'>10011111</span> <span class='ocrx_word' id='word_1_104' title='bbox 1188 1323 1264 1348; x_wconf 89' lang='grc'>11011</span> <span class='ocrx_word' id='word_1_105' title='bbox 1295 1312 1386 1347; x_wconf 85' lang='lat' dir='ltr'>satis</span> <span class='ocrx_word' id='word_1_106' title='bbox 1420 1313 1520 1347; x_wconf 88' lang='lat' dir='ltr'>recte</span> <span class='ocrx_word' id='word_1_107' title='bbox 1552 1312 1733 1358; x_wconf 80' lang='lat' dir='ltr'>interpie</span> 
     </span>
     <span class='ocr_line' id='line_1_17' title="bbox 185 1354 1732 1413; baseline 0.001 -19"><span class='ocrx_word' id='word_1_108' title='bbox 185 1359 296 1412; x_wconf 79' lang='lat' dir='ltr'>tatus.</span> <span class='ocrx_word' id='word_1_109' title='bbox 318 1378 364 1384; x_wconf 91' lang='lat'>—</span> <span class='ocrx_word' id='word_1_110' title='bbox 386 1359 427 1394; x_wconf 92' lang='lat' dir='ltr'>V.</span> <span class='ocrx_word' id='word_1_111' title='bbox 449 1362 506 1394; x_wconf 79' lang='lat'>20.</span> <span class='ocrx_word' id='word_1_112' title='bbox 534 1354 618 1394; x_wconf 80' lang='grc' dir='ltr'><em>οὔτ’</em></span> <span class='ocrx_word' id='word_1_113' title='bbox 646 1371 707 1403; x_wconf 88' lang='grc' dir='ltr'>αν,</span> <span class='ocrx_word' id='word_1_114' title='bbox 733 1357 846 1394; x_wconf 83' lang='grc' dir='ltr'>Α1181.</span> <span class='ocrx_word' id='word_1_115' title='bbox 869 1355 939 1395; x_wconf 78' lang='grc' dir='ltr'>οὐκ</span> <span class='ocrx_word' id='word_1_116' title='bbox 959 1354 1019 1404; x_wconf 63' lang='lat' dir='ltr'>siv,</span> <span class='ocrx_word' id='word_1_117' title='bbox 1041 1358 1106 1405; x_wconf 90' lang='lat' dir='ltr'>qui</span> <span class='ocrx_word' id='word_1_118' title='bbox 1125 1356 1422 1404; x_wconf 71' lang='grc'>811118111111101311,</span> <span class='ocrx_word' id='word_1_119' title='bbox 1449 1359 1626 1406; x_wconf 88' lang='lat' dir='ltr'>quoniam</span> <span class='ocrx_word' id='word_1_120' title='bbox 1647 1371 1732 1413; x_wconf 89' lang='lat' dir='ltr'>pro-</span> 
     </span>
     <span class='ocr_line' id='line_1_18' title="bbox 185 1404 1734 1463; baseline 0.001 -22"><span class='ocrx_word' id='word_1_121' title='bbox 185 1404 328 1441; x_wconf 87' lang='lat' dir='ltr'>ximum</span> <span class='ocrx_word' id='word_1_122' title='bbox 365 1405 523 1442; x_wconf 84' lang='lat' dir='ltr'>incisum</span> <span class='ocrx_word' id='word_1_123' title='bbox 555 1405 830 1452; x_wconf 71' lang='lat' dir='ltr'>praetermisit,</span> <span class='ocrx_word' id='word_1_124' title='bbox 870 1407 935 1443; x_wconf 88' lang='lat' dir='ltr'>sed</span> <span class='ocrx_word' id='word_1_125' title='bbox 966 1408 1068 1443; x_wconf 89' lang='lat' dir='ltr'>recte</span> <span class='ocrx_word' id='word_1_126' title='bbox 1099 1407 1291 1445; x_wconf 86' lang='lat' dir='ltr'>Plutarch.</span> <span class='ocrx_word' id='word_1_127' title='bbox 1324 1408 1389 1444; x_wconf 89' lang='lat' dir='ltr'>vit.</span> <span class='ocrx_word' id='word_1_128' title='bbox 1417 1407 1490 1444; x_wconf 89' lang='lat' dir='ltr'>Sol.</span> <span class='ocrx_word' id='word_1_129' title='bbox 1519 1420 1549 1444; x_wconf 91' lang='grc'>0.</span> <span class='ocrx_word' id='word_1_130' title='bbox 1579 1413 1642 1451; x_wconf 87' lang='grc'>16,</span> <span class='ocrx_word' id='word_1_131' title='bbox 1670 1407 1734 1463; x_wconf 77' lang='lat' dir='ltr'>qui</span> 
     </span>
     <span class='ocr_line' id='line_1_19' title="bbox 187 1452 1732 1513; baseline 0.001 -24"><span class='ocrx_word' id='word_1_132' title='bbox 187 1454 282 1490; x_wconf 85' lang='lat' dir='ltr'>haec</span> <span class='ocrx_word' id='word_1_133' title='bbox 306 1453 556 1512; x_wconf 82' lang='lat' dir='ltr'>redintegrat:</span> <span class='ocrx_word' id='word_1_134' title='bbox 584 1456 654 1513; x_wconf 79' lang='grc' dir='ltr'><em>καί</em></span> <span class='ocrx_word' id='word_1_135' title='bbox 674 1467 732 1490; x_wconf 90' lang='grc' dir='ltr'><em>τοι</em></span> <span class='ocrx_word' id='word_1_136' title='bbox 758 1456 892 1501; x_wconf 86' lang='grc' dir='ltr'><em>φησίν,</em></span> <span class='ocrx_word' id='word_1_137' title='bbox 919 1452 985 1498; x_wconf 80' lang='grc' dir='ltr'>ὡς,</span> <span class='ocrx_word' id='word_1_138' title='bbox 1012 1456 1053 1491; x_wconf 76' lang='grc' dir='ltr'><em>εἴ</em></span> <span class='ocrx_word' id='word_1_139' title='bbox 1071 1469 1126 1496; x_wconf 87' lang='grc' dir='ltr'><em>τις</em></span> <span class='ocrx_word' id='word_1_140' title='bbox 1152 1452 1263 1497; x_wconf 77' lang='grc' dir='ltr'><em>ἄλλος</em></span> <span class='ocrx_word' id='word_1_141' title='bbox 1296 1453 1379 1501; x_wconf 73' lang='grc' dir='ltr'><em>ἔσχε</em></span> <span class='ocrx_word' id='word_1_142' title='bbox 1413 1453 1481 1513; x_wconf 88' lang='grc' dir='ltr'>τὴν</span> <span class='ocrx_word' id='word_1_143' title='bbox 1514 1452 1635 1502; x_wconf 83' lang='grc' dir='ltr'><em>αὐτὴν</em></span> <span class='ocrx_word' id='word_1_144' title='bbox 1668 1454 1732 1491; x_wconf 84' lang='grc' dir='ltr'>δύ-</span> 
     </span>
     <span class='ocr_line' id='line_1_20' title="bbox 186 1498 1734 1561; baseline 0.001 -24"><span class='ocrx_word' id='word_1_145' title='bbox 186 1515 318 1548; x_wconf 88' lang='grc' dir='ltr'><em>ναμιν,</em></span> <span class='ocrx_word' id='word_1_146' title='bbox 351 1498 436 1538; x_wconf 79' lang='grc' dir='ltr'><em>οὔτ’</em></span> <span class='ocrx_word' id='word_1_147' title='bbox 470 1498 520 1538; x_wconf 76' lang='grc' dir='ltr'>ἂν</span> <span class='ocrx_word' id='word_1_148' title='bbox 551 1500 709 1548; x_wconf 78' lang='grc' dir='ltr'>κατέσχε</span> <span class='ocrx_word' id='word_1_149' title='bbox 753 1503 892 1548; x_wconf 82' lang='grc' dir='ltr'><em>δῆμον,</em></span> <span class='ocrx_word' id='word_1_150' title='bbox 929 1500 1011 1539; x_wconf 78' lang='grc' dir='ltr'><em>οὔτ’</em></span> <span class='ocrx_word' id='word_1_151' title='bbox 1047 1500 1240 1539; x_wconf 81' lang='grc' dir='ltr'><em>ἐπαύσατο</em></span> <span class='ocrx_word' id='word_1_152' title='bbox 1276 1504 1344 1549; x_wconf 88' lang='lat' dir='ltr'>(Fa</span> <span class='ocrx_word' id='word_1_153' title='bbox 1381 1501 1610 1547; x_wconf 78' lang='grc' dir='ltr'>ἐπαύσαντο)</span> <span class='ocrx_word' id='word_1_154' title='bbox 1647 1504 1734 1561; x_wconf 89' lang='grc' dir='ltr'><em>πρὶν</em></span> 
     </span>
    </p>

    <p class='ocr_par' dir='ltr' id='par_1_8' title="bbox 186 1547 1734 1740">
     <span class='ocr_line' id='line_1_21' title="bbox 248 1547 1731 1608; baseline 0.001 -23.038"><span class='ocrx_word' id='word_1_155' title='bbox 248 1547 386 1595; x_wconf 88' lang='grc' dir='ltr'><em>.γάλα.</em></span> <span class='ocrx_word' id='word_1_156' title='bbox 414 1570 458 1576; x_wconf 85' lang='grc'>-</span> <span class='ocrx_word' id='word_1_157' title='bbox 485 1550 621 1596; x_wconf 84' lang='grc' dir='ltr'><em>δῆμον,</em></span> <span class='ocrx_word' id='word_1_158' title='bbox 646 1549 784 1586; x_wconf 87' lang='lat' dir='ltr'>Reiske</span> <span class='ocrx_word' id='word_1_159' title='bbox 811 1552 849 1586; x_wconf 88' lang='lat' dir='ltr'>et</span> <span class='ocrx_word' id='word_1_160' title='bbox 869 1551 1005 1587; x_wconf 84' lang='lat' dir='ltr'>Canter</span> <span class='ocrx_word' id='word_1_161' title='bbox 1029 1548 1158 1608; x_wconf 79' lang='grc' dir='ltr'><em>θυμὸν</em></span> <span class='ocrx_word' id='word_1_162' title='bbox 1187 1551 1443 1596; x_wconf 83' lang='lat' dir='ltr'>coniecerunt,</span> <span class='ocrx_word' id='word_1_163' title='bbox 1469 1551 1615 1587; x_wconf 88' lang='lat' dir='ltr'>Ahrens</span> <span class='ocrx_word' id='word_1_164' title='bbox 1641 1548 1731 1598; x_wconf 84' lang='grc' dir='ltr'><em>λῆμ’</em></span> 
     </span>
     <span class='ocr_line' id='line_1_22' title="bbox 186 1593 1733 1656; baseline 0.001 -23.016"><span class='ocrx_word' id='word_1_165' title='bbox 186 1593 243 1634; x_wconf 64' lang='grc' dir='ltr'>ὃν</span> <span class='ocrx_word' id='word_1_166' title='bbox 271 1618 315 1623; x_wconf 95' lang='grc'><strong>-</strong></span> <span class='ocrx_word' id='word_1_167' title='bbox 341 1597 385 1634; x_wconf 93' lang='lat' dir='ltr'>V.</span> <span class='ocrx_word' id='word_1_168' title='bbox 414 1601 471 1634; x_wconf 79' lang='lat'>21.</span> <span class='ocrx_word' id='word_1_169' title='bbox 497 1598 681 1644; x_wconf 84' lang='lat' dir='ltr'>Hartung</span> <span class='ocrx_word' id='word_1_170' title='bbox 679 1598 931 1656; x_wconf 86' lang='lat' dir='ltr'>interpunxit</span> <span class='ocrx_word' id='word_1_171' title='bbox 956 1597 1133 1656; x_wconf 80' lang='grc' dir='ltr'><em>ταράξας,</em></span> <span class='ocrx_word' id='word_1_172' title='bbox 1153 1604 1245 1645; x_wconf 82' lang='grc' dir='ltr'><em>πῖαρ</em></span> <span class='ocrx_word' id='word_1_173' title='bbox 1272 1603 1359 1644; x_wconf 82' lang='grc' dir='ltr'><em>κτλ.,</em></span> <span class='ocrx_word' id='word_1_174' title='bbox 1387 1602 1427 1635; x_wconf 85' lang='lat' dir='ltr'>at</span> <span class='ocrx_word' id='word_1_175' title='bbox 1452 1600 1546 1635; x_wconf 87' lang='lat' dir='ltr'>haec</span> <span class='ocrx_word' id='word_1_176' title='bbox 1571 1601 1628 1635; x_wconf 90' lang='lat' dir='ltr'>est</span> <span class='ocrx_word' id='word_1_177' title='bbox 1655 1612 1733 1636; x_wconf 84' lang='lat' dir='ltr'>ver-</span> 
     </span>
     <span class='ocr_line' id='line_1_23' title="bbox 186 1643 1734 1695; baseline 0.001 -14"><span class='ocrx_word' id='word_1_178' title='bbox 186 1647 318 1682; x_wconf 89' lang='lat' dir='ltr'>borum</span> <span class='ocrx_word' id='word_1_179' title='bbox 344 1647 534 1682; x_wconf 85' lang='lat' dir='ltr'>structura</span> <span class='ocrx_word' id='word_1_180' title='bbox 559 1645 647 1692; x_wconf 83' lang='grc' dir='ltr'><em>πρὶν</em></span> <span class='ocrx_word' id='word_1_181' title='bbox 674 1660 722 1682; x_wconf 89' lang='grc' dir='ltr'>αν</span> <span class='ocrx_word' id='word_1_182' title='bbox 747 1644 845 1692; x_wconf 91' lang='grc' dir='ltr'><em>γάλα</em></span> <span class='ocrx_word' id='word_1_183' title='bbox 871 1643 1037 1693; x_wconf 80' lang='grc' dir='ltr'><em>ταράξας</em></span> <span class='ocrx_word' id='word_1_184' title='bbox 1064 1645 1171 1695; x_wconf 81' lang='grc' dir='ltr'><em>ἐξέλῃ</em></span> <span class='ocrx_word' id='word_1_185' title='bbox 1198 1652 1300 1694; x_wconf 80' lang='grc' dir='ltr'><em>πῖαρ,</em></span> <span class='ocrx_word' id='word_1_186' title='bbox 1326 1647 1389 1684; x_wconf 91' lang='grc'>1110</span> <span class='ocrx_word' id='word_1_187' title='bbox 1410 1658 1558 1694; x_wconf 89' lang='lat' dir='ltr'>quoque</span> <span class='ocrx_word' id='word_1_188' title='bbox 1578 1648 1621 1683; x_wconf 87' lang='grc'>111</span> <span class='ocrx_word' id='word_1_189' title='bbox 1640 1647 1734 1683; x_wconf 85' lang='lat' dir='ltr'>alias</span> 
     </span>
     <span class='ocr_line' id='line_1_24' title="bbox 187 1693 797 1740; baseline 0.002 -11"><span class='ocrx_word' id='word_1_190' title='bbox 187 1697 278 1740; x_wconf 88' lang='grc' dir='ltr'><em>πιαρ</em></span> <span class='ocrx_word' id='word_1_191' title='bbox 305 1693 533 1730; x_wconf 71' lang='lat' dir='ltr'><strong>substantivi</strong></span> <span class='ocrx_word' id='word_1_192' title='bbox 559 1694 637 1729; x_wconf 89' lang='lat' dir='ltr'>vim</span> <span class='ocrx_word' id='word_1_193' title='bbox 662 1696 797 1730; x_wconf 85' lang='lat' dir='ltr'>servat.</span> 
     </span>
    </p>

    <p class='ocr_par' dir='ltr' id='par_1_9' title="bbox 185 1740 1734 1837">
     <span class='ocr_line' id='line_1_25' title="bbox 282 1740 1730 1790; baseline 0.001 -13"><span class='ocrx_word' id='word_1_194' title='bbox 282 1742 342 1778; x_wconf 82' lang='lat' dir='ltr'>Fr.</span> <span class='ocrx_word' id='word_1_195' title='bbox 368 1746 425 1778; x_wconf 79' lang='lat'>37.</span> <span class='ocrx_word' id='word_1_196' title='bbox 476 1741 592 1779; x_wconf 79' lang='lat' dir='ltr'>Arist.</span> <span class='ocrx_word' id='word_1_197' title='bbox 612 1741 648 1777; x_wconf 91' lang='grc' dir='ltr'>Π</span> <span class='ocrx_word' id='word_1_198' title='bbox 672 1746 741 1779; x_wconf 78' lang='grc'>437</span> <span class='ocrx_word' id='word_1_199' title='bbox 770 1742 908 1789; x_wconf 84' lang='lat' dir='ltr'>pergit:</span> <span class='ocrx_word' id='word_1_200' title='bbox 938 1741 1020 1779; x_wconf 79' lang='grc' dir='ltr'><em>εἶτα</em></span> <span class='ocrx_word' id='word_1_201' title='bbox 1046 1745 1085 1779; x_wconf 86' lang='grc' dir='ltr'><em>τί</em></span> <span class='ocrx_word' id='word_1_202' title='bbox 1107 1755 1223 1790; x_wconf 85' lang='grc' dir='ltr'><em>φησιν</em></span> <span class='ocrx_word' id='word_1_203' title='bbox 1250 1741 1270 1779; x_wconf 88' lang='grc' dir='ltr'><strong>ὁ</strong></span> <span class='ocrx_word' id='word_1_204' title='bbox 1297 1740 1448 1780; x_wconf 83' lang='grc' dir='ltr'><em>Σόλων·</em></span> <span class='ocrx_word' id='word_1_205' title='bbox 1477 1743 1520 1780; x_wconf 83' lang='grc' dir='ltr'><em>εἰ</em></span> <span class='ocrx_word' id='word_1_206' title='bbox 1543 1740 1629 1790; x_wconf 80' lang='grc' dir='ltr'><em>γὰρ</em></span> <span class='ocrx_word' id='word_1_207' title='bbox 1656 1747 1730 1780; x_wconf 89' lang='grc' dir='ltr'><em>κτλ.</em></span> 
     </span>
     <span class='ocr_line' id='line_1_26' title="bbox 185 1790 1734 1837; baseline 0.001 -12"><span class='ocrx_word' id='word_1_208' title='bbox 185 1791 344 1836; x_wconf 80' lang='lat' dir='ltr'>apparet</span> <span class='ocrx_word' id='word_1_209' title='bbox 370 1802 415 1826; x_wconf 85' lang='lat' dir='ltr'>ex</span> <span class='ocrx_word' id='word_1_210' title='bbox 441 1790 574 1826; x_wconf 88' lang='lat' dir='ltr'>eodem</span> <span class='ocrx_word' id='word_1_211' title='bbox 594 1790 758 1827; x_wconf 82' lang='lat' dir='ltr'>carmine</span> <span class='ocrx_word' id='word_1_212' title='bbox 780 1802 870 1834; x_wconf 89' lang='lat' dir='ltr'>esse,</span> <span class='ocrx_word' id='word_1_213' title='bbox 899 1791 938 1827; x_wconf 90' lang='lat' dir='ltr'>et</span> <span class='ocrx_word' id='word_1_214' title='bbox 955 1803 1078 1837; x_wconf 89' lang='lat' dir='ltr'>pauca</span> <span class='ocrx_word' id='word_1_215' title='bbox 1096 1793 1244 1827; x_wconf 85' lang='lat' dir='ltr'>tantum</span> <span class='ocrx_word' id='word_1_216' title='bbox 1263 1791 1507 1828; x_wconf 77' lang='lat' dir='ltr'>intercidisse.</span> <span class='ocrx_word' id='word_1_217' title='bbox 1559 1792 1734 1828; x_wconf 80' lang='lat' dir='ltr'>Fortasse</span> 
     </span>
    </p>
   </div>
   <div class='ocr_carea' id='block_1_7' title="bbox 151 1837 1733 1885">
    <p class='ocr_par' dir='ltr' id='par_1_10' title="bbox 151 1837 1733 1885">
     <span class='ocr_line' id='line_1_27' title="bbox 151 1837 1733 1885; baseline 0.002 -13"><span class='ocrx_word' id='word_1_218' title='bbox 151 1863 159 1871; x_wconf 91' lang='lat'>.</span> <span class='ocrx_word' id='word_1_219' title='bbox 187 1837 302 1874; x_wconf 88' lang='lat' dir='ltr'>Solon</span> <span class='ocrx_word' id='word_1_220' title='bbox 334 1837 498 1883; x_wconf 84' lang='lat' dir='ltr'>dixerat,</span> <span class='ocrx_word' id='word_1_221' title='bbox 530 1838 568 1874; x_wconf 91' lang='lat' dir='ltr'>in</span> <span class='ocrx_word' id='word_1_222' title='bbox 600 1838 795 1884; x_wconf 79' lang='lat' dir='ltr'>republica</span> <span class='ocrx_word' id='word_1_223' title='bbox 826 1839 1036 1875; x_wconf 88' lang='lat' dir='ltr'>ordinanda</span> <span class='ocrx_word' id='word_1_224' title='bbox 1067 1851 1104 1876; x_wconf 91' lang='lat' dir='ltr'>se</span> <span class='ocrx_word' id='word_1_225' title='bbox 1139 1851 1213 1875; x_wconf 90' lang='lat' dir='ltr'>non</span> <span class='ocrx_word' id='word_1_226' title='bbox 1238 1841 1318 1876; x_wconf 90' lang='lat' dir='ltr'>tam</span> <span class='ocrx_word' id='word_1_227' title='bbox 1343 1839 1402 1885; x_wconf 88' lang='lat' dir='ltr'>id,</span> <span class='ocrx_word' id='word_1_228' title='bbox 1434 1839 1534 1885; x_wconf 90' lang='lat' dir='ltr'>quod</span> <span class='ocrx_word' id='word_1_229' title='bbox 1560 1839 1733 1875; x_wconf 89' lang='lat' dir='ltr'>omnibus</span> 
     </span>
    </p>
   </div>
   <div class='ocr_carea' id='block_1_8' title="bbox 184 1885 1735 3034">
    <p class='ocr_par' dir='ltr' id='par_1_11' title="bbox 184 1885 1735 3034">
     <span class='ocr_line' id='line_1_28' title="bbox 186 1885 1735 1933; baseline 0.001 -11"><span class='ocrx_word' id='word_1_230' title='bbox 186 1885 349 1922; x_wconf 85' lang='lat' dir='ltr'>numeris</span> <span class='ocrx_word' id='word_1_231' title='bbox 382 1886 599 1922; x_wconf 88' lang='lat' dir='ltr'>absolutum</span> <span class='ocrx_word' id='word_1_232' title='bbox 632 1886 698 1931; x_wconf 85' lang='grc'>811,</span> <span class='ocrx_word' id='word_1_233' title='bbox 733 1887 978 1933; x_wconf 87' lang='lat' dir='ltr'>expetivisse,</span> <span class='ocrx_word' id='word_1_234' title='bbox 1013 1899 1126 1933; x_wconf 89' lang='lat' dir='ltr'>quam</span> <span class='ocrx_word' id='word_1_235' title='bbox 1153 1887 1254 1933; x_wconf 91' lang='lat' dir='ltr'>quod</span> <span class='ocrx_word' id='word_1_236' title='bbox 1286 1888 1456 1924; x_wconf 88' lang='lat' dir='ltr'>obtinere</span> <span class='ocrx_word' id='word_1_237' title='bbox 1488 1890 1527 1924; x_wconf 93' lang='lat' dir='ltr'>et</span> <span class='ocrx_word' id='word_1_238' title='bbox 1558 1887 1735 1933; x_wconf 82' lang='lat' dir='ltr'>consequi</span> 
     </span>
     <span class='ocr_line' id='line_1_29' title="bbox 186 1934 1734 1989; baseline 0.001 -20"><span class='ocrx_word' id='word_1_239' title='bbox 186 1945 226 1970; x_wconf 86' lang='lat' dir='ltr'>se</span> <span class='ocrx_word' id='word_1_240' title='bbox 251 1945 360 1989; x_wconf 84' lang='lat' dir='ltr'>posse</span> <span class='ocrx_word' id='word_1_241' title='bbox 385 1935 490 1970; x_wconf 87' lang='lat' dir='ltr'>ratus</span> <span class='ocrx_word' id='word_1_242' title='bbox 516 1935 584 1980; x_wconf 89' lang='lat' dir='ltr'>sit,</span> <span class='ocrx_word' id='word_1_243' title='bbox 615 1946 736 1980; x_wconf 90' lang='lat' dir='ltr'>neque</span> <span class='ocrx_word' id='word_1_244' title='bbox 762 1934 801 1970; x_wconf 90' lang='lat' dir='ltr'>id</span> <span class='ocrx_word' id='word_1_245' title='bbox 833 1935 970 1980; x_wconf 87' lang='lat' dir='ltr'>egisse,</span> <span class='ocrx_word' id='word_1_246' title='bbox 1002 1938 1045 1971; x_wconf 88' lang='lat' dir='ltr'>ut</span> <span class='ocrx_word' id='word_1_247' title='bbox 1076 1935 1309 1972; x_wconf 88' lang='lat' dir='ltr'>diversarum</span> <span class='ocrx_word' id='word_1_248' title='bbox 1339 1935 1508 1982; x_wconf 88' lang='lat' dir='ltr'>partium</span> <span class='ocrx_word' id='word_1_249' title='bbox 1540 1935 1734 1972; x_wconf 83' lang='lat' dir='ltr'>desideriis</span> 
     </span>
     <span class='ocr_line' id='line_1_30' title="bbox 186 1979 1732 2030; baseline 0.001 -13"><span class='ocrx_word' id='word_1_250' title='bbox 186 1981 328 2027; x_wconf 83' lang='lat' dir='ltr'>pariter</span> <span class='ocrx_word' id='word_1_251' title='bbox 359 1981 577 2028; x_wconf 87' lang='lat' dir='ltr'>satisfieret,</span> <span class='ocrx_word' id='word_1_252' title='bbox 604 1982 739 2029; x_wconf 88' lang='lat' dir='ltr'>quibus</span> <span class='ocrx_word' id='word_1_253' title='bbox 772 1983 934 2019; x_wconf 84' lang='lat' dir='ltr'>subiecit</span> <span class='ocrx_word' id='word_1_254' title='bbox 965 1982 1048 2029; x_wconf 85' lang='grc' dir='ltr'><em>εἰγ</em></span> <span class='ocrx_word' id='word_1_255' title='bbox 1027 1981 1100 2030; x_wconf 81' lang='grc' dir='ltr'><em>γὰρ</em></span> <span class='ocrx_word' id='word_1_256' title='bbox 1125 1979 1271 2029; x_wconf 81' lang='grc' dir='ltr'><em>ἤθελον</em></span> <span class='ocrx_word' id='word_1_257' title='bbox 1297 1987 1372 2020; x_wconf 92' lang='grc' dir='ltr'><em>κτλ.</em></span> <span class='ocrx_word' id='word_1_258' title='bbox 1423 1983 1610 2020; x_wconf 79' lang='lat' dir='ltr'>Aristides</span> <span class='ocrx_word' id='word_1_259' title='bbox 1636 1984 1732 2019; x_wconf 84' lang='lat' dir='ltr'>haec</span> 
     </span>
     <span class='ocr_line' id='line_1_31' title="bbox 184 2029 1734 2090; baseline 0.001 -25"><span class='ocrx_word' id='word_1_260' title='bbox 184 2029 457 2088; x_wconf 76' lang='lat' dir='ltr'>praetermisit,</span> <span class='ocrx_word' id='word_1_261' title='bbox 489 2029 648 2066; x_wconf 84' lang='lat' dir='ltr'>fortasse</span> <span class='ocrx_word' id='word_1_262' title='bbox 674 2030 842 2088; x_wconf 87' lang='lat' dir='ltr'>respexit</span> <span class='ocrx_word' id='word_1_263' title='bbox 866 2031 1091 2068; x_wconf 83' lang='lat' dir='ltr'>Plutarchus</span> <span class='ocrx_word' id='word_1_264' title='bbox 1123 2043 1153 2069; x_wconf 88' lang='grc'>0.</span> <span class='ocrx_word' id='word_1_265' title='bbox 1182 2036 1244 2068; x_wconf 83' lang='grc'>15;</span> <span class='ocrx_word' id='word_1_266' title='bbox 1261 2045 1323 2072; x_wconf 92' lang='grc' dir='ltr'>ου</span> <span class='ocrx_word' id='word_1_267' title='bbox 1352 2029 1426 2078; x_wconf 75' lang='grc' dir='ltr'>μὴν</span> <span class='ocrx_word' id='word_1_268' title='bbox 1447 2029 1734 2090; x_wconf 84' lang='grc' dir='ltr'><em>παρωσάμενός</em></span> 
     </span>
     <span class='ocr_line' id='line_1_32' title="bbox 185 2075 1729 2139; baseline 0.001 -26"><span class='ocrx_word' id='word_1_269' title='bbox 185 2090 227 2124; x_wconf 90' lang='grc' dir='ltr'><em>γε</em></span> <span class='ocrx_word' id='word_1_270' title='bbox 253 2075 324 2123; x_wconf 84' lang='grc' dir='ltr'>τὴν</span> <span class='ocrx_word' id='word_1_271' title='bbox 350 2079 558 2136; x_wconf 83' lang='grc' dir='ltr'><em>τυραννίδα</em></span> <span class='ocrx_word' id='word_1_272' title='bbox 577 2076 643 2114; x_wconf 87' lang='grc' dir='ltr'>τὸν</span> <span class='ocrx_word' id='word_1_273' title='bbox 668 2077 886 2128; x_wconf 81' lang='grc' dir='ltr'><em>πρᾳότατον</em></span> <span class='ocrx_word' id='word_1_274' title='bbox 912 2077 1053 2125; x_wconf 88' lang='grc' dir='ltr'><em>τρόπον</em></span> <span class='ocrx_word' id='word_1_275' title='bbox 1081 2077 1264 2139; x_wconf 81' lang='grc' dir='ltr'><em>ἐχρήσατο</em></span> <span class='ocrx_word' id='word_1_276' title='bbox 1283 2085 1362 2121; x_wconf 80' lang='grc' dir='ltr'><em>τοῖς</em></span> <span class='ocrx_word' id='word_1_277' title='bbox 1381 2078 1610 2138; x_wconf 83' lang='grc' dir='ltr'><em>πράγμασιν,</em></span> <span class='ocrx_word' id='word_1_278' title='bbox 1638 2076 1729 2115; x_wconf 76' lang='grc' dir='ltr'><em>οὐδε</em></span> 
     </span>
     <span class='ocr_line' id='line_1_33' title="bbox 186 2122 1730 2186; baseline 0.001 -25"><span class='ocrx_word' id='word_1_279' title='bbox 186 2126 363 2186; x_wconf 77' lang='grc' dir='ltr'><em>μαλακῶς</em></span> <span class='ocrx_word' id='word_1_280' title='bbox 382 2122 472 2162; x_wconf 77' lang='grc' dir='ltr'><em>οὐδὲ</em></span> <span class='ocrx_word' id='word_1_281' title='bbox 500 2123 668 2163; x_wconf 79' lang='grc' dir='ltr'><em>ὑπείκων</em></span> <span class='ocrx_word' id='word_1_282' title='bbox 693 2131 772 2168; x_wconf 73' lang='grc' dir='ltr'><em>τοῖς</em></span> <span class='ocrx_word' id='word_1_283' title='bbox 797 2126 1025 2174; x_wconf 82' lang='grc' dir='ltr'><em>δυναμένοις</em></span> <span class='ocrx_word' id='word_1_284' title='bbox 1052 2124 1141 2164; x_wconf 78' lang='grc' dir='ltr'><em>οὐδὲ</em></span> <span class='ocrx_word' id='word_1_285' title='bbox 1163 2125 1258 2173; x_wconf 87' lang='grc' dir='ltr'><em>πρὸς</em></span> <span class='ocrx_word' id='word_1_286' title='bbox 1277 2125 1421 2174; x_wconf 81' lang='grc' dir='ltr'><em>ἡδονὴν</em></span> <span class='ocrx_word' id='word_1_287' title='bbox 1442 2129 1517 2163; x_wconf 85' lang='grc' dir='ltr'>τῶν</span> <span class='ocrx_word' id='word_1_288' title='bbox 1539 2124 1730 2185; x_wconf 74' lang='grc' dir='ltr'><em>ἑλομένων</em></span> 
     </span>
     <span class='ocr_line' id='line_1_34' title="bbox 188 2171 1730 2234; baseline 0.001 -25"><span class='ocrx_word' id='word_1_289' title='bbox 188 2172 301 2210; x_wconf 74' lang='grc' dir='ltr'><em>ἔθετο</em></span> <span class='ocrx_word' id='word_1_290' title='bbox 342 2171 430 2215; x_wconf 83' lang='grc' dir='ltr'><em>τοὺς</em></span> <span class='ocrx_word' id='word_1_291' title='bbox 467 2172 609 2233; x_wconf 88' lang='grc' dir='ltr'><em>νόμους</em></span> <span class='ocrx_word' id='word_1_292' title='bbox 648 2175 746 2220; x_wconf 85' lang='grc'>(011111</span> <span class='ocrx_word' id='word_1_293' title='bbox 790 2175 849 2211; x_wconf 89' lang='lat' dir='ltr'>his</span> <span class='ocrx_word' id='word_1_294' title='bbox 894 2187 1096 2233; x_wconf 83' lang='lat' dir='ltr'>componas</span> <span class='ocrx_word' id='word_1_295' title='bbox 1133 2175 1256 2212; x_wconf 85' lang='lat' dir='ltr'>Solon.</span> <span class='ocrx_word' id='word_1_296' title='bbox 1289 2177 1332 2212; x_wconf 76' lang='lat' dir='ltr'>ir.</span> <span class='ocrx_word' id='word_1_297' title='bbox 1367 2181 1429 2234; x_wconf 82' lang='grc'>37,</span> <span class='ocrx_word' id='word_1_298' title='bbox 1461 2180 1481 2211; x_wconf 84' lang='lat'>2</span> <span class='ocrx_word' id='word_1_299' title='bbox 1510 2178 1621 2221; x_wconf 90' lang='lat' dir='ltr'>seq.‚)</span> <span class='ocrx_word' id='word_1_300' title='bbox 1647 2172 1730 2211; x_wconf 77' lang='grc' dir='ltr'><em>ἀλλ’</em></span> 
     </span>
     <span class='ocr_line' id='line_1_35' title="bbox 185 2205 1729 2282; baseline 0 -24"><span class='ocrx_word' id='word_1_301' title='bbox 185 2216 208 2270; x_wconf 82' lang='grc' dir='ltr'>ᾗ</span> <span class='ocrx_word' id='word_1_302' title='bbox 220 2235 305 2279; x_wconf 86' lang='grc' dir='ltr'>μεν</span> <span class='ocrx_word' id='word_1_303' title='bbox 337 2220 491 2279; x_wconf 79' lang='grc' dir='ltr'><em>ἄριστον</em></span> <span class='ocrx_word' id='word_1_304' title='bbox 516 2217 563 2268; x_wconf 87' lang='grc' dir='ltr'>ἦν</span> <span class='ocrx_word' id='word_1_305' title='bbox 591 2220 864 2282; x_wconf 51' lang='lat' dir='ltr'>(videtur90113u</span> <span class='ocrx_word' id='word_1_306' title='bbox 890 2219 1099 2260; x_wconf 87' lang='grc' dir='ltr'><em>ανυστὸν</em></span> <span class='ocrx_word' id='word_1_307' title='bbox 1131 2222 1179 2260; x_wconf 90' lang='grc' dir='ltr'><em>τὸ</em></span> <span class='ocrx_word' id='word_1_308' title='bbox 1213 2236 1367 2270; x_wconf 89' lang='grc' dir='ltr'><em>αριστον</em></span> <span class='ocrx_word' id='word_1_309' title='bbox 1394 2205 1441 2269; x_wconf 82' lang='grc' dir='ltr'>ἦν</span> <span class='ocrx_word' id='word_1_310' title='bbox 1478 2223 1729 2267; x_wconf 87' lang='lat' dir='ltr'>scribendum)</span> 
     </span>
     <span class='ocr_line' id='line_1_36' title="bbox 187 2266 1730 2327; baseline 0 -21"><span class='ocrx_word' id='word_1_311' title='bbox 187 2266 257 2306; x_wconf 79' lang='grc' dir='ltr'>οὐκ</span> <span class='ocrx_word' id='word_1_312' title='bbox 295 2266 487 2316; x_wconf 78' lang='grc' dir='ltr'><em>ἐπήγαγεν</em></span> <span class='ocrx_word' id='word_1_313' title='bbox 518 2270 688 2317; x_wconf 84' lang='grc' dir='ltr'><em>ἰατρείαν</em></span> <span class='ocrx_word' id='word_1_314' title='bbox 721 2268 813 2307; x_wconf 74' lang='grc' dir='ltr'><em>οὐδὲ</em></span> <span class='ocrx_word' id='word_1_315' title='bbox 847 2273 1113 2318; x_wconf 82' lang='grc' dir='ltr'><em>καινοτομίαν,</em></span> <span class='ocrx_word' id='word_1_316' title='bbox 1147 2271 1337 2327; x_wconf 84' lang='grc' dir='ltr'><em>φοβηθεὶς</em></span> <span class='ocrx_word' id='word_1_317' title='bbox 1369 2274 1407 2308; x_wconf 90' lang='lat' dir='ltr'>et</span> <span class='ocrx_word' id='word_1_318' title='bbox 1439 2285 1472 2326; x_wconf 93' lang='lat' dir='ltr'>q.</span> <span class='ocrx_word' id='word_1_319' title='bbox 1507 2282 1602 2316; x_wconf 90' lang='lat' dir='ltr'>seq.,</span> <span class='ocrx_word' id='word_1_320' title='bbox 1635 2282 1730 2325; x_wconf 80' lang='lat' dir='ltr'>quae</span> 
     </span>
     <span class='ocr_line' id='line_1_37' title="bbox 187 2318 1728 2378; baseline 0.001 -25"><span class='ocrx_word' id='word_1_321' title='bbox 187 2330 255 2364; x_wconf 89' lang='lat' dir='ltr'>sup</span> <span class='ocrx_word' id='word_1_322' title='bbox 258 2329 301 2354; x_wconf 87' lang='lat' dir='ltr'>ra</span> <span class='ocrx_word' id='word_1_323' title='bbox 325 2318 367 2354; x_wconf 87' lang='lat' dir='ltr'>fr.</span> <span class='ocrx_word' id='word_1_324' title='bbox 396 2321 441 2354; x_wconf 87' lang='lat'>33</span> <span class='ocrx_word' id='word_1_325' title='bbox 468 2318 662 2378; x_wconf 88' lang='lat' dir='ltr'>adscripsi</span> <span class='ocrx_word' id='word_1_326' title='bbox 714 2319 883 2378; x_wconf 88' lang='lat' dir='ltr'>Denique</span> <span class='ocrx_word' id='word_1_327' title='bbox 909 2320 1134 2356; x_wconf 88' lang='lat' dir='ltr'>Plutarchus</span> <span class='ocrx_word' id='word_1_328' title='bbox 1159 2319 1270 2355; x_wconf 88' lang='lat' dir='ltr'>huius</span> <span class='ocrx_word' id='word_1_329' title='bbox 1296 2320 1471 2355; x_wconf 89' lang='lat' dir='ltr'>carminis</span> <span class='ocrx_word' id='word_1_330' title='bbox 1503 2318 1728 2355; x_wconf 84' lang='lat' dir='ltr'>auctoritate</span> 
     </span>
     <span class='ocr_line' id='line_1_38' title="bbox 186 2330 1732 2427; baseline 0 -26"><span class='ocrx_word' id='word_1_331' title='bbox 186 2330 322 2402; x_wconf 47' lang='lat' dir='ltr'>utitur.</span> <span class='ocrx_word' id='word_1_332' title='bbox 364 2379 388 2402; x_wconf 87' lang='grc' dir='ltr'><em>α</em></span> <span class='ocrx_word' id='word_1_333' title='bbox 429 2365 471 2402; x_wconf 74' lang='grc' dir='ltr'>δὲ</span> <span class='ocrx_word' id='word_1_334' title='bbox 511 2366 577 2402; x_wconf 86' lang='grc' dir='ltr'><em>καὶ</em></span> <span class='ocrx_word' id='word_1_335' title='bbox 607 2365 726 2413; x_wconf 86' lang='grc' dir='ltr'><em>λέγων</em></span> <span class='ocrx_word' id='word_1_336' title='bbox 763 2364 894 2424; x_wconf 80' lang='grc' dir='ltr'><em>ἤλπιζε</em></span> <span class='ocrx_word' id='word_1_337' title='bbox 933 2365 1182 2427; x_wconf 83' lang='grc' dir='ltr'><em>πειθομένοις</em></span> <span class='ocrx_word' id='word_1_338' title='bbox 1212 2367 1277 2404; x_wconf 86' lang='grc' dir='ltr'><em>καὶ</em></span> <span class='ocrx_word' id='word_1_339' title='bbox 1317 2365 1519 2425; x_wconf 87' lang='grc' dir='ltr'><em>προσάγων</em></span> <span class='ocrx_word' id='word_1_340' title='bbox 1557 2364 1732 2412; x_wconf 79' lang='grc' dir='ltr'><em>ἀνάγκην</em></span> 
     </span>
     <span class='ocr_line' id='line_1_39' title="bbox 186 2410 1729 2462; baseline 0 -13"><span class='ocrx_word' id='word_1_341' title='bbox 186 2410 420 2460; x_wconf 79' lang='grc' dir='ltr'><em>ὑπομένουσι</em></span> <span class='ocrx_word' id='word_1_342' title='bbox 453 2411 686 2461; x_wconf 80' lang='grc' dir='ltr'><em>χρήσασθαι,</em></span> <span class='ocrx_word' id='word_1_343' title='bbox 717 2412 827 2451; x_wconf 83' lang='grc' dir='ltr'><em>ταῦτ’</em></span> <span class='ocrx_word' id='word_1_344' title='bbox 865 2414 1066 2462; x_wconf 82' lang='grc' dir='ltr'><em>ἔπραττεν,</em></span> <span class='ocrx_word' id='word_1_345' title='bbox 1103 2430 1153 2457; x_wconf 90' lang='grc' dir='ltr'>ως</span> <span class='ocrx_word' id='word_1_346' title='bbox 1185 2428 1300 2462; x_wconf 84' lang='grc' dir='ltr'><em>φησιν</em></span> <span class='ocrx_word' id='word_1_347' title='bbox 1337 2412 1452 2456; x_wconf 80' lang='grc' dir='ltr'><em>αὐτὸς</em></span> <span class='ocrx_word' id='word_1_348' title='bbox 1487 2415 1544 2460; x_wconf 86' lang='lat' dir='ltr'>(fr.</span> <span class='ocrx_word' id='word_1_349' title='bbox 1578 2419 1641 2458; x_wconf 89' lang='grc'>36,</span> <span class='ocrx_word' id='word_1_350' title='bbox 1671 2418 1729 2458; x_wconf 85' lang='grc'>14)</span> 
     </span>
     <span class='ocr_line' id='line_1_40' title="bbox 186 2460 1730 2521; baseline 0 -24"><span class='ocrx_word' id='word_1_351' title='bbox 186 2461 401 2508; x_wconf 86' lang='lat' dir='ltr'>significans</span> <span class='ocrx_word' id='word_1_352' title='bbox 428 2463 602 2499; x_wconf 89' lang='lat' dir='ltr'>Solonem</span> <span class='ocrx_word' id='word_1_353' title='bbox 627 2463 666 2499; x_wconf 89' lang='lat' dir='ltr'>id</span> <span class='ocrx_word' id='word_1_354' title='bbox 693 2465 861 2500; x_wconf 88' lang='lat' dir='ltr'>secutum</span> <span class='ocrx_word' id='word_1_355' title='bbox 889 2475 981 2508; x_wconf 89' lang='lat' dir='ltr'>esse,</span> <span class='ocrx_word' id='word_1_356' title='bbox 1007 2464 1108 2521; x_wconf 90' lang='lat' dir='ltr'>quod</span> <span class='ocrx_word' id='word_1_357' title='bbox 1129 2464 1237 2500; x_wconf 90' lang='lat' dir='ltr'>Plato</span> <span class='ocrx_word' id='word_1_358' title='bbox 1262 2463 1457 2521; x_wconf 85' lang='lat' dir='ltr'>praecepit</span> <span class='ocrx_word' id='word_1_359' title='bbox 1481 2460 1730 2508; x_wconf 80' lang='grc' dir='ltr'><em>συναρμόζειν</em></span> 
     </span>
     <span class='ocr_line' id='line_1_41' title="bbox 186 2507 1728 2569; baseline 0.001 -25"><span class='ocrx_word' id='word_1_360' title='bbox 186 2510 342 2567; x_wconf 85' lang='grc' dir='ltr'><em>πολίτας</em></span> <span class='ocrx_word' id='word_1_361' title='bbox 371 2513 512 2547; x_wconf 80' lang='grc' dir='ltr'><em>πειθοῖ</em></span> <span class='ocrx_word' id='word_1_362' title='bbox 542 2511 607 2547; x_wconf 84' lang='grc' dir='ltr'><em>καὶ</em></span> <span class='ocrx_word' id='word_1_363' title='bbox 639 2507 805 2569; x_wconf 42' lang='grc' dir='ltr'><em>ἅνάγκῃῶ</em></span> <span class='ocrx_word' id='word_1_364' title='bbox 828 2533 873 2538; x_wconf 89' lang='lat'>——</span> <span class='ocrx_word' id='word_1_365' title='bbox 899 2512 943 2549; x_wconf 93' lang='lat' dir='ltr'>V.</span> <span class='ocrx_word' id='word_1_366' title='bbox 973 2516 1004 2548; x_wconf 80' lang='lat'>2.</span> <span class='ocrx_word' id='word_1_367' title='bbox 1032 2508 1200 2555; x_wconf 76' lang='grc' dir='ltr'><em>ἥνδανεν</em></span> <span class='ocrx_word' id='word_1_368' title='bbox 1235 2513 1279 2556; x_wconf 85' lang='grc' dir='ltr'>Θ,</span> <span class='ocrx_word' id='word_1_369' title='bbox 1306 2525 1339 2548; x_wconf 89' lang='lat' dir='ltr'>v.</span> <span class='ocrx_word' id='word_1_370' title='bbox 1367 2508 1523 2556; x_wconf 76' lang='grc' dir='ltr'><em>ἥνδανε</em></span> <span class='ocrx_word' id='word_1_371' title='bbox 1551 2531 1595 2536; x_wconf 88' lang='grc'>-</span> <span class='ocrx_word' id='word_1_372' title='bbox 1626 2510 1668 2546; x_wconf 91' lang='lat' dir='ltr'>V.</span> <span class='ocrx_word' id='word_1_373' title='bbox 1697 2515 1728 2546; x_wconf 88' lang='lat'>3.</span> 
     </span>
     <span class='ocr_line' id='line_1_42' title="bbox 187 2551 1728 2608; baseline 0 -16"><span class='ocrx_word' id='word_1_374' title='bbox 187 2551 306 2603; x_wconf 77' lang='grc' dir='ltr'><em>αὖτις,</em></span> <span class='ocrx_word' id='word_1_375' title='bbox 330 2558 528 2606; x_wconf 83' lang='lat' dir='ltr'>legebatur</span> <span class='ocrx_word' id='word_1_376' title='bbox 552 2553 680 2600; x_wconf 75' lang='grc' dir='ltr'><em>αὖθις.</em></span> <span class='ocrx_word' id='word_1_377' title='bbox 706 2580 752 2586; x_wconf 88' lang='grc'>--</span> <span class='ocrx_word' id='word_1_378' title='bbox 778 2573 802 2595; x_wconf 93' lang='grc' dir='ltr'><em>α</em></span> <span class='ocrx_word' id='word_1_379' title='bbox 830 2564 927 2596; x_wconf 86' lang='grc' dir='ltr'><em>τοῖσι</em></span> <span class='ocrx_word' id='word_1_380' title='bbox 956 2558 1151 2608; x_wconf 83' lang='grc' dir='ltr'><em>νῳτέροις,</em></span> <span class='ocrx_word' id='word_1_381' title='bbox 1179 2560 1317 2604; x_wconf 89' lang='grc' dir='ltr'><em>δρασαι</em></span> <span class='ocrx_word' id='word_1_382' title='bbox 1343 2561 1448 2605; x_wconf 84' lang='grc' dir='ltr'><em>δίχα,</em></span> <span class='ocrx_word' id='word_1_383' title='bbox 1480 2559 1626 2595; x_wconf 80' lang='grc' dir='ltr'><em>πολλῶν</em></span> <span class='ocrx_word' id='word_1_384' title='bbox 1654 2561 1728 2593; x_wconf 82' lang='grc' dir='ltr'><em>κτλ.</em></span> 
     </span>
     <span class='ocr_line' id='line_1_43' title="bbox 187 2602 1729 2663; baseline 0.001 -23"><span class='ocrx_word' id='word_1_385' title='bbox 187 2604 338 2652; x_wconf 85' lang='lat' dir='ltr'>scripsi,</span> <span class='ocrx_word' id='word_1_386' title='bbox 363 2606 562 2652; x_wconf 86' lang='lat' dir='ltr'>legebatur</span> <span class='ocrx_word' id='word_1_387' title='bbox 586 2602 610 2643; x_wconf 75' lang='grc' dir='ltr'>ὁὶ</span> <span class='ocrx_word' id='word_1_388' title='bbox 638 2612 757 2643; x_wconf 81' lang='grc' dir='ltr'><em>τοῖσιν</em></span> <span class='ocrx_word' id='word_1_389' title='bbox 790 2604 941 2654; x_wconf 84' lang='grc' dir='ltr'><em>ἁτέροις</em></span> <span class='ocrx_word' id='word_1_390' title='bbox 966 2608 1122 2654; x_wconf 85' lang='grc' dir='ltr'><em>δρᾶσαι,</em></span> <span class='ocrx_word' id='word_1_391' title='bbox 1149 2606 1212 2643; x_wconf 89' lang='grc' dir='ltr'><em>δια</em></span> <span class='ocrx_word' id='word_1_392' title='bbox 1239 2607 1402 2652; x_wconf 80' lang='grc' dir='ltr'><em>πολλῶν,</em></span> <span class='ocrx_word' id='word_1_393' title='bbox 1435 2619 1558 2663; x_wconf 86' lang='lat' dir='ltr'>quae</span> <span class='ocrx_word' id='word_1_394' title='bbox 1557 2617 1631 2641; x_wconf 92' lang='lat' dir='ltr'>non</span> <span class='ocrx_word' id='word_1_395' title='bbox 1657 2618 1729 2641; x_wconf 87' lang='lat' dir='ltr'>uno</span> 
     </span>
     <span class='ocr_line' id='line_1_44' title="bbox 186 2653 1731 2715; baseline 0 -27"><span class='ocrx_word' id='word_1_396' title='bbox 186 2654 336 2689; x_wconf 90' lang='lat' dir='ltr'>nomine</span> <span class='ocrx_word' id='word_1_397' title='bbox 362 2653 501 2690; x_wconf 84' lang='lat' dir='ltr'>vitiosa</span> <span class='ocrx_word' id='word_1_398' title='bbox 526 2665 605 2691; x_wconf 87' lang='lat' dir='ltr'>esse</span> <span class='ocrx_word' id='word_1_399' title='bbox 632 2656 807 2715; x_wconf 86' lang='lat' dir='ltr'>apparet:</span> <span class='ocrx_word' id='word_1_400' title='bbox 839 2655 978 2691; x_wconf 84' lang='lat' dir='ltr'>frustra</span> <span class='ocrx_word' id='word_1_401' title='bbox 1003 2656 1103 2691; x_wconf 89' lang='lat' dir='ltr'>enim</span> <span class='ocrx_word' id='word_1_402' title='bbox 1129 2657 1276 2691; x_wconf 86' lang='lat' dir='ltr'>Renner</span> <span class='ocrx_word' id='word_1_403' title='bbox 1307 2655 1501 2691; x_wconf 86' lang='lat' dir='ltr'>contendit</span> <span class='ocrx_word' id='word_1_404' title='bbox 1533 2667 1666 2699; x_wconf 84' lang='grc' dir='ltr'><em>ατερος</em></span> <span class='ocrx_word' id='word_1_405' title='bbox 1693 2654 1731 2688; x_wconf 87' lang='grc'>61</span> 
     </span>
     <span class='ocr_line' id='line_1_45' title="bbox 188 2701 1729 2750; baseline 0 -14"><span class='ocrx_word' id='word_1_406' title='bbox 188 2701 250 2737; x_wconf 86' lang='grc'>1110</span> <span class='ocrx_word' id='word_1_407' title='bbox 276 2703 314 2738; x_wconf 89' lang='grc'>61</span> <span class='ocrx_word' id='word_1_408' title='bbox 338 2701 437 2738; x_wconf 89' lang='lat' dir='ltr'>infra</span> <span class='ocrx_word' id='word_1_409' title='bbox 461 2701 506 2739; x_wconf 84' lang='lat' dir='ltr'>fr.</span> <span class='ocrx_word' id='word_1_410' title='bbox 534 2707 579 2739; x_wconf 83' lang='lat'>40</span> <span class='ocrx_word' id='word_1_411' title='bbox 606 2702 686 2749; x_wconf 89' lang='lat' dir='ltr'>(ubi</span> <span class='ocrx_word' id='word_1_412' title='bbox 713 2702 839 2748; x_wconf 77' lang='grc' dir='ltr'><em>ἕτερος</em></span> <span class='ocrx_word' id='word_1_413' title='bbox 870 2703 1067 2749; x_wconf 87' lang='lat' dir='ltr'>traditum)</span> <span class='ocrx_word' id='word_1_414' title='bbox 1100 2703 1222 2750; x_wconf 89' lang='lat' dir='ltr'>prima</span> <span class='ocrx_word' id='word_1_415' title='bbox 1253 2703 1401 2749; x_wconf 80' lang='lat' dir='ltr'>syllaba</span> <span class='ocrx_word' id='word_1_416' title='bbox 1432 2702 1616 2748; x_wconf 87' lang='lat' dir='ltr'>producta</span> <span class='ocrx_word' id='word_1_417' title='bbox 1649 2713 1729 2737; x_wconf 86' lang='grc'>6880</span> 
     </span>
     <span class='ocr_line' id='line_1_46' title="bbox 187 2749 1728 2810; baseline -0.001 -26"><span class='ocrx_word' id='word_1_418' title='bbox 187 2749 517 2810; x_wconf 79' lang='lat' dir='ltr'>pronuntiandum,</span> <span class='ocrx_word' id='word_1_419' title='bbox 557 2751 658 2796; x_wconf 91' lang='lat' dir='ltr'>quod</span> <span class='ocrx_word' id='word_1_420' title='bbox 695 2762 764 2805; x_wconf 81' lang='lat' dir='ltr'>nec</span> <span class='ocrx_word' id='word_1_421' title='bbox 803 2751 988 2787; x_wconf 89' lang='lat' dir='ltr'>rationem</span> <span class='ocrx_word' id='word_1_422' title='bbox 1026 2752 1142 2787; x_wconf 89' lang='lat' dir='ltr'>habet</span> <span class='ocrx_word' id='word_1_423' title='bbox 1175 2763 1244 2786; x_wconf 88' lang='lat' dir='ltr'>nec</span> <span class='ocrx_word' id='word_1_424' title='bbox 1286 2762 1354 2785; x_wconf 89' lang='lat' dir='ltr'>usu</span> <span class='ocrx_word' id='word_1_425' title='bbox 1388 2751 1568 2785; x_wconf 89' lang='lat' dir='ltr'>firmatur.</span> <span class='ocrx_word' id='word_1_426' title='bbox 1621 2749 1728 2792; x_wconf 85' lang='lat' dir='ltr'>Quod</span> 
     </span>
     <span class='ocr_line' id='line_1_47' title="bbox 188 2796 1727 2845; baseline 0 -13"><span class='ocrx_word' id='word_1_427' title='bbox 188 2796 331 2833; x_wconf 80' lang='lat' dir='ltr'>con-exi</span> <span class='ocrx_word' id='word_1_428' title='bbox 364 2802 459 2834; x_wconf 84' lang='grc' dir='ltr'><em>τοῖσι</em></span> <span class='ocrx_word' id='word_1_429' title='bbox 490 2797 669 2845; x_wconf 70' lang='grc' dir='ltr'><em>νερτέροις</em></span> <span class='ocrx_word' id='word_1_430' title='bbox 694 2798 717 2835; x_wconf 92' lang='lat' dir='ltr'>i.</span> <span class='ocrx_word' id='word_1_431' title='bbox 746 2810 777 2834; x_wconf 91' lang='lat' dir='ltr'>e.</span> <span class='ocrx_word' id='word_1_432' title='bbox 803 2797 998 2844; x_wconf 86' lang='grc' dir='ltr'><em>νωϊτὲροις</em></span> <span class='ocrx_word' id='word_1_433' title='bbox 1030 2799 1108 2834; x_wconf 88' lang='lat' dir='ltr'>sive</span> <span class='ocrx_word' id='word_1_434' title='bbox 1140 2799 1276 2834; x_wconf 77' lang='lat' dir='ltr'>nostris</span> <span class='ocrx_word' id='word_1_435' title='bbox 1306 2800 1442 2843; x_wconf 88' lang='lat' dir='ltr'>poetae</span> <span class='ocrx_word' id='word_1_436' title='bbox 1475 2797 1631 2832; x_wconf 86' lang='lat' dir='ltr'>consilio</span> <span class='ocrx_word' id='word_1_437' title='bbox 1664 2808 1727 2841; x_wconf 83' lang='lat' dir='ltr'>ap</span> 
     </span>
     <span class='ocr_line' id='line_1_48' title="bbox 187 2842 1729 2892; baseline -0.001 -12"><span class='ocrx_word' id='word_1_438' title='bbox 187 2845 308 2890; x_wconf 88' lang='lat' dir='ltr'>prime</span> <span class='ocrx_word' id='word_1_439' title='bbox 334 2846 571 2891; x_wconf 84' lang='lat' dir='ltr'>conveniens,</span> <span class='ocrx_word' id='word_1_440' title='bbox 596 2858 684 2882; x_wconf 88' lang='lat' dir='ltr'>nam</span> <span class='ocrx_word' id='word_1_441' title='bbox 715 2846 920 2892; x_wconf 86' lang='lat' dir='ltr'>praecessit</span> <span class='ocrx_word' id='word_1_442' title='bbox 953 2851 1031 2887; x_wconf 77' lang='grc' dir='ltr'><em>τοῖς</em></span> <span class='ocrx_word' id='word_1_443' title='bbox 1063 2844 1251 2887; x_wconf 79' lang='grc' dir='ltr'><em>ἐναντίοις</em></span> <span class='ocrx_word' id='word_1_444' title='bbox 1283 2845 1394 2891; x_wconf 89' lang='lat' dir='ltr'>(unde</span> <span class='ocrx_word' id='word_1_445' title='bbox 1428 2844 1518 2881; x_wconf 90' lang='lat' dir='ltr'>olim</span> <span class='ocrx_word' id='word_1_446' title='bbox 1550 2842 1729 2890; x_wconf 82' lang='grc' dir='ltr'><em>άρθμιόις</em></span> 
     </span>
     <span class='ocr_line' id='line_1_49' title="bbox 189 2891 1724 2942; baseline 0 -14"><span class='ocrx_word' id='word_1_447' title='bbox 189 2891 450 2939; x_wconf 82' lang='lat' dir='ltr'>conieceram).</span> <span class='ocrx_word' id='word_1_448' title='bbox 500 2894 614 2930; x_wconf 88' lang='lat' dir='ltr'>Duali</span> <span class='ocrx_word' id='word_1_449' title='bbox 638 2904 795 2930; x_wconf 85' lang='lat' dir='ltr'>numero</span> <span class='ocrx_word' id='word_1_450' title='bbox 814 2894 933 2929; x_wconf 85' lang='lat' dir='ltr'>utitur</span> <span class='ocrx_word' id='word_1_451' title='bbox 955 2894 1080 2937; x_wconf 89' lang='lat' dir='ltr'>Solon,</span> <span class='ocrx_word' id='word_1_452' title='bbox 1106 2893 1310 2942; x_wconf 86' lang='lat' dir='ltr'>quoniam</span> <span class='ocrx_word' id='word_1_453' title='bbox 1311 2892 1349 2928; x_wconf 88' lang='lat' dir='ltr'>in</span> <span class='ocrx_word' id='word_1_454' title='bbox 1375 2894 1447 2928; x_wconf 91' lang='grc' dir='ltr'>11οο</span> <span class='ocrx_word' id='word_1_455' title='bbox 1472 2904 1620 2938; x_wconf 87' lang='lat' dir='ltr'>quoque</span> <span class='ocrx_word' id='word_1_456' title='bbox 1647 2903 1724 2928; x_wconf 78' lang='lat' dir='ltr'>car-</span> 
     </span>
     <span class='ocr_line' id='line_1_50' title="bbox 188 2922 1728 2988; baseline 0 -13"><span class='ocrx_word' id='word_1_457' title='bbox 188 2940 289 2976; x_wconf 85' lang='lat' dir='ltr'>mine</span> <span class='ocrx_word' id='word_1_458' title='bbox 314 2941 476 2977; x_wconf 82' lang='lat' dir='ltr'>amicum</span> <span class='ocrx_word' id='word_1_459' title='bbox 504 2942 668 2988; x_wconf 88' lang='lat' dir='ltr'>aliquem</span> <span class='ocrx_word' id='word_1_460' title='bbox 705 2940 850 2977; x_wconf 87' lang='lat' dir='ltr'>affatur.</span> <span class='ocrx_word' id='word_1_461' title='bbox 902 2922 1130 2977; x_wconf 87' lang='lat' dir='ltr'>Pronomina</span> <span class='ocrx_word' id='word_1_462' title='bbox 1162 2941 1340 2986; x_wconf 85' lang='grc' dir='ltr'><em>νωΐτερος</em></span> <span class='ocrx_word' id='word_1_463' title='bbox 1371 2942 1410 2976; x_wconf 89' lang='grc'>61</span> <span class='ocrx_word' id='word_1_464' title='bbox 1442 2940 1650 2985; x_wconf 82' lang='grc' dir='ltr'><em>σφωΐτερος</em></span> <span class='ocrx_word' id='word_1_465' title='bbox 1681 2940 1728 2975; x_wconf 85' lang='lat' dir='ltr'>ab</span> 
     </span>
     <span class='ocr_line' id='line_1_51' title="bbox 190 2987 1728 3034; baseline 0 -11"><span class='ocrx_word' id='word_1_466' title='bbox 190 2987 402 3024; x_wconf 88' lang='lat' dir='ltr'>Atticorum</span> <span class='ocrx_word' id='word_1_467' title='bbox 427 2990 696 3027; x_wconf 86' lang='lat' dir='ltr'>consuetudine</span> <span class='ocrx_word' id='word_1_468' title='bbox 721 3001 796 3025; x_wconf 90' lang='lat' dir='ltr'>non</span> <span class='ocrx_word' id='word_1_469' title='bbox 829 2988 1030 3026; x_wconf 87' lang='lat' dir='ltr'>abhorrere</span> <span class='ocrx_word' id='word_1_470' title='bbox 1062 2990 1219 3026; x_wconf 85' lang='lat' dir='ltr'>testatur</span> <span class='ocrx_word' id='word_1_471' title='bbox 1245 2988 1417 3034; x_wconf 90' lang='lat' dir='ltr'>Apollon.</span> <span class='ocrx_word' id='word_1_472' title='bbox 1445 2988 1490 3025; x_wconf 90' lang='lat' dir='ltr'>de</span> <span class='ocrx_word' id='word_1_473' title='bbox 1515 2998 1620 3034; x_wconf 84' lang='lat' dir='ltr'>pr.on</span> <span class='ocrx_word' id='word_1_474' title='bbox 1648 2991 1728 3031; x_wconf 78' lang='lat'>371,</span> 
     </span>
    </p>
   </div>
  </div>
 </body>
</html>
