1890 3216
188 192 246 233 40
722 192 781 227 ΡΟ
787 191 914 226 ΕΤΑΕ
941 190 1182 247 ELEGIWACI.

850 324 916 368 11.
949 323 1055 375 [19.]
1645 331 1713 363 422

264 421 321 461 Εί
352 418 401 461 δὲ
431 415 684 461 πεπόνθατε
717 413 859 470 λυγρὰ
892 413 951 458 δι’
986 412 1208 471 ὑμετέρην
1239 413 1481 470 κακότητα,

321 487 380 545 μή
412 505 453 531 τι
485 493 610 538 θεοῖς
641 485 814 529 τούτων
846 493 1008 542 μοῖραν
1042 485 1328 541 ἐπαμφέρετε·

262 558 388 604 αὐτοὶ
421 557 508 614 γὰρ
540 556 727 607 τούτους
758 554 976 611 ηὐξήσατε
1008 555 1182 613 ῥύματα
1214 554 1390 611 δόντες,

323 630 396 673 καὶ
429 628 503 673 διὰ
536 630 674 672 ταῦτα
706 624 847 682 κακὴν
880 629 1025 683 ἔσχετε
1057 624 1360 681 δουλοσύνην·

217 715 237 745 5
264 700 412 758 ὑμέων
446 698 487 744 δ’
524 695 585 751 εἷς
617 716 697 755 μεν
730 698 912 748 ἕκαστος
942 695 1170 749 ἀλώπεκος
1202 702 1342 754 ἴχνεσι
1374 701 1538 754 βαίνει,
1605 698 1613 702 ’

324 771 549 855 σύμπασιν
582 771 622 813 δ’
657 767 766 825 ὑμῖν
799 770 965 856 χαῦνος
997 771 1140 812 ἔνεστι
1171 768 1298 821 νόος·

265 846 326 895 εἰς
356 860 442 899 γαρ
475 844 682 898 γλῶσσαν
715 838 845 897 ὁρᾶτε
877 839 951 883 καὶ
983 841 1046 891 εἰς
1078 842 1180 892 ἔπος
1212 839 1369 884 αἰόλον
1402 839 1590 897 ανδρός,

326 917 388 966 εἰς
420 916 552 971 ἔργον
586 910 629 955 δ’
666 909 801 954 οὐδεν
833 909 1105 967 γιγνόμενον
1136 911 1326 967 βλέπετε.

194 1068 260 1104 καὶ
285 1064 330 1103 ού
356 1064 490 1112 μόνον,
523 1062 616 1101 ἀλλὰ
650 1064 714 1100 καὶ
747 1067 905 1124 βοηθεῖν
941 1063 1088 1125 ε’τοιμος
1119 1062 1236 1110 εἶναι,
1267 1065 1386 1122 λέγων
1420 1067 1557 1102 ταῦτα·
1578 1064 1728 1124 ’Ἄνδρες
1755 1065 1759 1070 ’

195 1119 403 1161 Αθηναῖοι,
440 1114 513 1148 τῶν
551 1126 620 1170 μεν
657 1111 887 1170 σοφώτερος,
922 1113 996 1148 τῶν
1030 1111 1072 1149 δε
1099 1094 1363 1172 ἀνδρειότερός
1389 1113 1479 1170 εἰμι·
1514 1112 1728 1160 σοφώτερος

195 1162 263 1209 μὲν
290 1163 364 1197 τῶν
389 1159 456 1206 τὴν
483 1158 644 1217 ἀπάτην
660 1159 933 1206 Πεισιστρατου
960 1159 1009 1218 μὴ
1043 1159 1264 1196 συνιέντων·
1291 1159 1555 1218 ανδρειότερος
1580 1161 1622 1198 δε
1649 1163 1725 1198 τῶν

197 1207 452 1266 ἐπισταμένων
479 1209 559 1254 μέν,
586 1205 650 1243 διὰ
677 1207 764 1249 δέος
789 1209 832 1244 δὲ
860 1206 1095 1243 σιωπώντων.
1122 1207 1210 1244 Καὶ
1225 1205 1258 1263 ἡ
1286 1206 1424 1260 βουλὴ
1451 1211 1728 1254 Πεισιστρα-

196 1259 321 1294 τίδαι
353 1254 498 1299 ὄντες,
531 1257 787 1302 μαίνεσθαι
822 1255 983 1301 ἔλεγον
1015 1252 1175 1292 αὐτόν·
1212 1251 1308 1292 ὅθεν
1345 1260 1426 1292 εἰπε
1459 1258 1582 1292 ταυτί·
1618 1259 1727 1293 Δεί-

196 1308 264 1349 ξει
288 1308 361 1340 κτλ.
389 1302 433 1339 τὰ
469 1302 511 1339 δὲ
545 1303 631 1349 περὶ
648 1304 741 1362 τῆς,
757 1304 824 1339 τοῦ
857 1301 1128 1362 Πεισιστράτου
1160 1305 1384 1350 τυραννίδος
1416 1301 1562 1350 ἐλεγεια
1594 1303 1726 1349 προλέ

196 1367 326 1399 γοντος
352 1348 469 1387 αὐτοῦ
495 1351 614 1386 ταῦτα
639 1345 706 1396 ἦν·
731 1348 800 1387 Ἐκ
831 1350 1030 1397 νεφέλης
1055 1355 1128 1387 κτλ.
1182 1351 1354 1396 Carmen,
1385 1352 1483 1387 unde
1515 1353 1586 1388 hoc
1619 1352 1726 1388 disti

196 1402 293 1436 chon
318 1400 489 1446 petitum,
515 1399 696 1445 scriptum
720 1399 851 1435 eodem
877 1399 954 1434 fere
979 1401 1166 1445 tempore,
1198 1411 1272 1455 quo
1305 1399 1348 1434 fr.
1377 1403 1415 1444 9,
1447 1411 1567 1445 neque
1600 1401 1728 1436 tamen

196 1451 393 1492 utrumque
408 1447 550 1507 fragm.
563 1447 744 1530 {eiusdem
770 1446 912 1493 elegiae
940 1448 1006 1483 est.
1026 1467 1073 1472 —
1098 1447 1142 1483 V.
1167 1450 1197 1483 1.
1225 1444 1271 1492 δὴ
1298 1448 1448 1493 μανίην,
1475 1446 1502 1482 Ο
1528 1449 1727 1494 σημανίην.

201 1517 242 1522 -
270 1496 313 1531 V.
341 1500 373 1531 2.
401 1492 450 1539 ε’ς,
477 1495 515 1529 Μ
541 1507 557 1530 ε
577 1508 594 1535 ς

291 1568 348 1602 Fr.
378 1570 432 1602 11.
483 1565 591 1611 Diog.
619 1566 659 1600 L.
686 1565 703 1599 I
729 1569 790 1601 51:
808 1561 892 1601 ”Ὀτε
920 1562 985 1600 τὸν
1012 1566 1283 1610 Πεισίστρατον
1311 1564 1458 1611 ἔμαθεν
1493 1562 1568 1611 ἤδη
1594 1579 1728 1611 τυραν-

198 1620 290 1659 νεῖν,
315 1611 405 1649 ταδε
435 1612 577 1659 ε’γραψε
603 1611 696 1658 πρὸς
721 1610 809 1653 τοὺς
833 1611 1069 1658 Ἀθηναίους·
1098 1612 1148 1648 Εἰ
1171 1611 1212 1648 δὲ
1234 1616 1308 1649 κτλ.
1330 1613 1442 1659 (unde
1462 1613 1614 1649 Nicetas
1633 1613 1728 1649 Cho-

196 1663 285 1699 niat.
319 1675 354 1707 p.
384 1666 451 1697 772
478 1661 534 1696 ed.
560 1660 699 1706 Bonn„
725 1660 790 1695 ubi
821 1661 900 1696 cod.
927 1660 961 1694 A
987 1671 1057 1695 om.
1085 1673 1118 1696 v.
1145 1663 1212 1695 5
1218 1665 1238 1696 8
1272 1662 1310 1696 et
1342 1672 1387 1695 ex
1418 1661 1620 1697 Plutarcho
1645 1673 1679 1698 v.
1709 1666 1727 1697 1

196 1708 333 1756 λυγρὰ,
368 1723 402 1745 v.
429 1713 449 1744 2
476 1710 605 1766 μῆνιν,
641 1721 675 1744 v.
703 1712 724 1743 3
760 1705 928 1753 ἐρύματα
966 1708 1141 1767 exhibet)
1169 1709 1208 1744 et
1245 1707 1354 1744 Diod.
1381 1708 1469 1744 Exc.
1495 1709 1580 1745 Vat.
1608 1709 1648 1744 'l.
1675 1709 1730 1744 ΙΙΙ

198 1772 231 1804 p.
258 1762 321 1793 24:
348 1756 423 1792 Καὶ
450 1754 543 1802 μετὰ
575 1756 695 1791 ταῦτα
731 1756 1008 1800 τυραννοῦντος
1040 1754 1131 1802 ε’φη·
1165 1754 1221 1791 Εἰ
1249 1755 1297 1791 δε
1330 1759 1404 1791 κτλ.
1436 1756 1625 1813 integrum
1657 1767 1729 1792 ser-

198 1807 289 1842 vant
314 1806 385 1840 hoc
410 1804 670 1849 fragmentum.
721 1804 827 1839 Adde
852 1803 950 1839 Plut.
976 1803 1043 1839 vit.
1071 1804 1144 1839 Sol.
1172 1815 1203 1839 0.
1223 1807 1285 1839 30:
1311 1805 1387 1860 Κ,αι
1413 1801 1454 1838 τὸ
1482 1802 1614 1839 λοιπὸν
1640 1801 1730 1848 ἡσυ-

199 1855 284 1899 χίαν
320 1852 385 1898 ἠγε
420 1852 482 1887 καὶ
518 1852 592 1887 τῶν
629 1853 748 1909 φίλων
788 1848 947 1909 φεύγειν
981 1848 1269 1894 παραινούντων
1305 1847 1349 1886 οὗ
1384 1855 1600 1896 προσεῖχεν,
1636 1849 1729 1887 ἄλλα

199 1898 390 1947 ποιήματα
421 1912 579 1945 γραφων
613 1896 781 1942 ὠνείδιζε
814 1903 892 1940 τοῖς
923 1896 1152 1956 Ἀθηναίοις
1190 1897 1233 1934 εἰ
1268 1897 1351 1934 δὲ.
1403 1879 1730 1959 δουλοσύνην

200 1951 248 1993 (v.
279 1955 339 1983 1-
302 1950 394 2005 -4),
421 1949 461 1983 et
486 1958 614 1992 supra·
648 1946 713 1982 καὶ
745 1944 862 1982 πολλὰ
895 1947 1096 1991 διεξῆλθεν
1131 1942 1244 1992 όμοια
1274 1943 1435 1990 τούτοις,
1468 1950 1524 1987 οἱς
1556 1943 1621 1982 διὰ
1655 1948 1730 1982 τῶν

199 1994 418 2042 ποιημάτων
445 1993 653 2040 γέγραφεν·
683 1993 747 2035 εἰς
772 2007 856 2040 γαρ
883 1997 957 2030 κτλ.
985 1998 1030 2038 (7.
1059 1998 1090 2030 5.
1118 1995 1167 2039 6),
1191 1994 1289 2029 unde
1315 1994 1429 2030 Clem.
1449 1993 1507 2029 Al.
1529 1994 1600 2030 Str.
1622 1995 1730 2030 1328

200 2044 308 2079 affert
338 2056 372 2079 v.
401 2048 431 2079 7.
459 2046 490 2078 5.
519 2047 550 2078 6.
585 2063 629 2068 —-
662 2042 706 2078 V.
736 2046 767 2077 1.
799 2039 934 2088 λυγρα,
949 2041 1121 2098 Diogen
1157 2039 1277 2078 δεινὰ.
1312 2062 1358 2067 --
1392 2038 1594 2098 υμετέρην,
1620 2041 1729 2078 Diod.

199 2089 397 2137 ὑμετέραν.
425 2112 468 2116 -—-
495 2090 538 2125 V.
565 2094 598 2125 2.
625 2087 674 2135 μή
700 2103 736 2125 τι
760 2092 869 2130 θεοῖς
894 2086 1048 2134 τούτων,
1073 2089 1180 2125 Diod.
1207 2086 1256 2135 μὴ
1284 2091 1410 2131 θεοῖσι
1434 2086 1587 2134 ταύτην,
1614 2091 1655 2126 et
1677 2086 1728 2136 μὴ

198 2142 326 2174 θεοῖσι
349 2149 407 2184 ap
434 2138 530 2174 Plut.
556 2137 669 2173 FaLC
704 2137 744 2182 (C
771 2137 886 2173 etiam
917 2135 1059 2172 τούτων
1092 2138 1190 2183 0111..)
1217 2158 1261 2163 -
1294 2141 1446 2182 μοιραν,
1479 2137 1728 2183 Ρ111ᾒ.μῆνιν.

201 2208 244 2212 —
276 2187 367 2222 Post
396 2199 430 2223 v.
458 2191 478 2221 2
510 2185 673 2221 Leutsch
705 2185 892 2220 distichon
922 2184 1156 2221 intercidisse
1188 2183 1408 2229 arbitratur,
1439 2184 1480 2219 in
1511 2195 1584 2229 quo
1616 2185 1731 2230 poeta·

201 2234 519 2270 Pisistratidarum
545 2233 837 2268 dominationem
863 2232 1114 2278 descripserit,
1147 2231 1450 2277 quandoquidem
1475 2230 1631 2272 τούτους
1655 2244 1690 2268 v.
1710 2237 1731 2268 3

200 2294 274 2317 non
299 2283 436 2317 habeat
460 2293 533 2326 quo
559 2281 756 2316 referatur:
783 2280 847 2316 sed
871 2281 942 2316 hoc
968 2280 1230 2326 argumentum
1254 2278 1362 2326 parvi
1388 2281 1445 2315 est
1474 2279 1672 2323 momenti,
1700 2280 1732 2315 si

202 2329 350 2374 quidem
378 2341 453 2364 non
478 2329 666 2373 integrum
693 2339 854 2372 carmen,
875 2328 940 2363 sed
960 2328 1183 2374 particulam
1202 2328 1350 2382 tantum
1371 2326 1557 2372 poematis
1576 2326 1734 2363 adhibet

201 2377 396 2422 Diogenes.
447 2377 500 2411 De
526 2375 772 2412 Pisistratidis
797 2376 898 2410 haud
924 2375 1036 2411 dubie
1061 2374 1205 2411 dictum
1228 2375 1267 2410 in
1291 2373 1339 2410 iis
1363 2374 1543 2419 versibus,
1569 2374 1643 2434 qui
1652 2387 1686 2411 v.
1711 2379 1729 2410 1

200 2425 492 2469 praecesserunt
519 2444 563 2449 —
590 2425 634 2460 V.
661 2429 693 2460 3.
721 2421 869 2483 ῥύματα
895 2423 1125 2468 Stephanus,
1152 2419 1320 2468 ἐρύματα
1346 2422 1452 2458 Diod.
1478 2422 1593 2467 Plut.,
1620 2419 1730 2468 ῤ’ύσια

202 2472 427 2517 Diog.f01·.t
460 2474 572 2507 recte.
606 2471 740 2507 Sitzler
777 2469 931 2529 ῥ’ώματα
963 2470 1210 2506 commendat
1238 2491 1281 2495 -—
1314 2469 1358 2504 V.
1384 2473 1417 2505 4.
1443 2469 1581 2513 ταῦτα,
1617 2469 1731 2505 Diod.

203 2520 323 2555 τοῦτο.
352 2540 394 2545 —
423 2518 560 2564 ε’σχετε,
587 2531 649 2576 ap.
670 2519 726 2554 Pl.
754 2518 781 2554 C
809 2517 923 2564 ἔχετε,
950 2518 1204 2564 Β1ος.ἰσχετε
1232 2517 1298 2553 sed
1322 2517 1379 2552 ed.
1405 2517 1514 2553 Frob.
1543 2530 1658 2561 εχετε.
1687 2538 1731 2543 -

203 2566 247 2602 V.
275 2571 305 2602 5
333 2564 458 2612 ὑμέων
486 2566 606 2611 Diog.,
633 2563 738 2612 ὑμῶν
763 2567 828 2602 rel.
857 2587 899 2592 —-
926 2579 995 2612 μεν
1021 2578 1092 2601 om.
1121 2566 1200 2602 cod.
1219 2565 1327 2602 Laur.
1347 2576 1407 2610 ap.
1428 2563 1544 2600 clem.
1564 2565 1734 2610 Respicit

204 2614 377 2649 Cratinus
408 2615 495 2659 Leg.
522 2615 566 2651 fr.
595 2619 626 2651 1.
653 2636 698 2640 —
724 2614 767 2650 V.
795 2618 826 2650 6.
854 2614 993 2659 χαῦνος
1022 2613 1122 2649 Plut.
1148 2613 1280 2658 Clem„
1312 2613 1458 2657 κοῦφος
1476 2612 1596 2671 Diog.
1622 2612 1730 2647 Diod.

203 2662 336 2697 Nauck
368 2662 460 2697 coni
487 2663 637 2718 παῦρος.
671 2683 715 2688 —-
751 2660 890 2706 ἔνεστι,
924 2672 971 2707 ap
1011 2661 1066 2698 Pl.
1093 2661 1119 2697 O
1154 2659 1240 2697 ἐ’.στι
1266 2680 1313 2686 —
1338 2660 1382 2696 V.
1386 2626 1442 2695 φΗῖ
1470 2657 1560 2700 ἔπος
1591 2657 1732 2706 αἰόλον,

204 2708 437 2754 Ρ1.01.ἐ’πη
472 2706 649 2755 αἷμύλου,
686 2720 796 2754 quam
821 2708 1022 2745 lectionem
1057 2708 1146 2744 licet
1181 2707 1387 2764 speciosam
1421 2717 1496 2742 non
1526 2707 1660 2753 recepi.
1688 2728 1732 2734 -

205 2754 358 2802 ανδρὸςζ
382 2767 440 2802 ap.
466 2756 573 2801 Diog.
602 2757 680 2793 cod.
708 2757 805 2792 Mon.
832 2754 928 2802 ἄνδρ
931 2770 966 2792 α
992 2776 1037 2783 —-
1063 2756 1107 2792 V.
1129 2759 1159 2791 8.
1186 2752 1423 2801 γιγνόμενον,
1449 2754 1561 2791 Diod.
1589 2757 1627 2790 et
1652 2755 1731 2790 cod.

204 2805 302 2839 Mon
335 2804 442 2850 Diog.
468 2803 679 2850 γινόμενον.
733 2804 840 2847 Quod
872 2805 969 2840 Plut.
996 2805 1035 2840 et
1069 2803 1238 2839 Clemens
1271 2813 1444 2838 versuum
1481 2802 1647 2838 ordinem
1678 2802 1733 2837 in-

207 2853 367 2894 vertunt,
394 2853 597 2887 memoriae
623 2863 745 2888 errore
765 2852 905 2887 factum
924 2851 1089 2896 videtur,
1115 2862 1159 2887 ac
1179 2851 1210 2886 si
1229 2850 1432 2888 Plutarcho
1451 2849 1542 2885 fides
1561 2849 1734 2886 habenda

206 2900 313 2942 esset,
339 2899 545 2943 pertineret
568 2899 661 2935 haee
687 2900 736 2934 ad
761 2900 828 2934 illa
854 2899 1030 2942 carmina,
1054 2898 1095 2934 in
1120 2897 1252 2944 quibus
1278 2896 1517 2944 praesagiens
1543 2897 1588 2932 de
1607 2897 1734 2933 futura

207 2945 396 2982 Pisistrati
421 2946 618 2992 tyrannide
643 2946 748 2991 dixit,
775 2947 848 2983 vid.
875 2945 917 2982 fr.
945 2951 966 2982 9
993 2948 1030 2982 et
1057 2950 1110 2983 10.
