1890 3216
664 209 927 249 SIMONIDES
956 209 1254 248 AMORGINUS.
1638 209 1723 252 451

211 330 256 365 ⁷5
284 316 350 365 ἐπ’
386 316 554 378 αὐχένα
585 323 791 379 βραχεῖα,
822 329 1009 366 κινεῖται
1042 318 1191 378 μόγις,

286 389 477 449 ἅπυγος,
510 390 781 446 αὐτόκωλος·
815 396 865 437 αἳ
892 391 1029 445 τάλας
1059 389 1196 450 ἀνήρ,

284 461 406 516 ὅστις
436 462 577 509 κακὸν
607 466 817 510 τοιοῦτον
850 463 1138 522 άγκαλίζεται.

292 535 432 594 δήνεα
464 535 514 581 δὲ
545 535 691 582 πάντα
720 536 795 582 καὶ
826 536 1020 596 τρόπους
1050 538 1294 592 ἐπίσταται,

286 605 434 667 ὥσπερ
465 611 678 666 πίθηκος,
711 607 822 666 οὐδέ
853 611 901 654 οἱ
928 609 1067 666 γέλως
1097 608 1229 666 μέλει.

214 691 261 725 80
288 677 389 724 οὐδ’
425 678 482 724 ἅν
514 677 601 725 τιν’
637 674 688 725 εὖ
721 682 907 768 ἔρξειεν,
940 678 1053 725 ἀλλὰ
1086 675 1219 724 τοῦθ’
1255 676 1360 736 ὁρᾷ,

286 751 360 796 καὶ
392 753 524 796 τοῦτο
556 754 705 797 πᾶσαν
737 750 907 810 ἡμέρην
938 750 1221 809 βουλεύεται,

289 820 405 876 ὅκως
433 822 520 868 τιν’
557 821 616 876 ὥς
646 824 857 882 μέγιστον
888 825 1054 881 ἔρξειεν
1085 821 1237 867 κακόν.

353 893 445 953 Τὴν
478 893 520 939 δ’
557 896 604 940 ἐκ
636 898 862 953 μελίσσης·
893 894 977 952 τήν
1007 911 1074 948 τις
1105 892 1281 950 εὐτυχεῖ
1309 890 1480 949 λαβών·
1662 904 1731 937 743

288 969 413 1025 κείνῃ
445 964 532 1023 γὰρ
566 971 637 1025 οἴῃ
670 969 823 1024 μῶμος
854 964 911 1011 οὐ
941 964 1219 1024 προσιζάνει,

217 1050 263 1083 85
289 1036 450 1082 θάλλει
482 1038 522 1082 δ’
557 1035 634 1082 ὑπ’
670 1035 807 1095 αὐτῆς
837 1036 1097 1091 κάπαέξεται
1129 1040 1244 1094 βίος·

290 1113 398 1167 φίλη
433 1108 483 1154 δὲ
515 1107 602 1154 σὺν
634 1099 840 1167 φιλεῦντῖ
871 1109 1086 1168 γηράσκει
1117 1107 1266 1164 πόσει,

295 1184 486 1226 τεκοῦσα
517 1174 668 1226 καλὸν
689 1178 1061 1238 κούνομάιιλυτον
1091 1181 1239 1237 γένος·

290 1251 564 1312 κάριπρεπὴς
593 1251 675 1310 μὲν
708 1253 757 1298 ἐν
787 1252 965 1310 γυναιξὶ
996 1256 1194 1310 γίγνεται

291 1324 478 1384 πάσῃσι,
510 1327 614 1382 θείη
648 1323 688 1369 δ’
722 1323 1059 1382 ἀμφιδέδρομεν
1090 1323 1235 1382 χάρις·

220 1409 267 1442 90
293 1393 394 1441 οὐδ’
430 1397 478 1441 ἐν
510 1395 716 1453 γυναιξὶν
749 1394 903 1453 ἥδεται
933 1396 1189 1453 καθημένη,

294 1465 406 1513 ὅκου
437 1467 647 1524 λέγουσιν
678 1466 977 1526 ἀφροδισίους
1008 1466 1181 1524 λόγους.

358 1542 491 1592 Τοίας
522 1548 738 1596 γυναῖκας
770 1537 995 1598 ἀνδράσιν
1029 1542 1248 1597 χαρίζεται

295 1608 408 1663 Ζεὺς
438 1609 518 1663 τὰς
549 1608 731 1668 ἀρίστας
760 1609 835 1655 καὶ
866 1608 1309 1668 πολυφραδεστάτας·

293 1681 346 1726 τὰ
380 1679 422 1726 δ’
457 1680 570 1727 ἄλλα
601 1684 725 1739 φῦλα
754 1683 893 1726 ταῦτα
925 1684 1100 1741 μηχανῇ
1133 1681 1248 1734 Διός

223 1767 268 1800 95
297 1758 417 1799 ἔστιν
448 1771 495 1799 τε
526 1756 671 1811 πῆμα,
703 1753 778 1798 καὶ
809 1753 914 1812 παρ’
949 1752 1174 1811 ἀνδράσιν
1205 1754 1340 1810 με’νει.

200 1840 332 1884 tango:
353 1858 396 1864 —
423 1836 467 1873 V.
489 1841 545 1873 75.
576 1833 639 1873 ἐπ’
667 1833 825 1883 αυχένα,
851 1837 1025 1883 Hartung
1051 1834 1253 1894 ἐπαυχμία,
1280 1837 1380 1882 quod
1406 1837 1636 1873 adjectivum
1661 1849 1740 1873 esse

201 1885 366 1922 vn1t.-—
401 1886 576 1939 βραχεῖα,
608 1884 689 1921 Ars.
723 1883 876 1934 βραχέα.
908 1906 951 1911 —
986 1885 1028 1922 V.
1057 1890 1112 1922 76.
1146 1881 1379 1930 αυτόκωλος,
1413 1886 1449 1920 in
1480 1884 1537 1921 ed.
1567 1883 1741 1930 lscripsi

202 1930 408 1992 αὖόκωλος,
433 1932 535 1969 idem
562 1933 656 1969 coni.
678 1933 818 1979 Haupt.
839 1953 884 1959 —-
911 1931 953 1968 αἳ
970 1931 1087 1974 τάλας
1111 1932 1253 1979 scripsi,
1281 1914 1388 1968 Vind’.
1416 1929 1599 1975 αὖτάλας,
1625 1933 1740 1978 vulgo

203 1977 387 2026 αὖτάλας,
419 1981 484 2016 ΑΒ
509 1978 667 2026 άτάλας,
699 1981 798 2017 unde
824 1975 850 2016 ἆ
875 1978 990 2022 τάλας
1014 1981 1222 2038 corrigunt,
1261 1991 1330 2026 ego
1355 1992 1454 2016 nunc
1480 1980 1521 2016 αι
1543 1981 1741 2016 restituere

203 2028 321 2065 satius
346 2028 452 2072 duxi,
479 2028 526 2064 cf.
550 2028 792 2085 Theognost.
801 2031 880 2085 155,
900 2032 962 2064 3οε
989 2026 1035 2064 τὰ
1063 2028 1116 2069 εἰς
1142 2031 1182 2064 ἆῖ
1206 2025 1369 2085 λήγοντα
1397 2025 1632 2085 ἐπιρρήματα
1650 2028 1742 2084 τρία

204 2074 317 2134 ἐστίν,
343 2074 385 2111 αἰ
403 2074 445 2112 τὸ
468 2073 743 2133 δασυνόμενον,
770 2072 820 2117 ὡς
838 2072 930 2111 ὅταν
956 2075 1125 2122 λέγωμεν
1152 2075 1199 2111 αι
1223 2073 1390 2133 τάλας
1399 2075 1465 2111 καὶ
1490 2075 1534 2111 αἳ
1555 2073 1598 2111 τὸ
1619 2071 1740 2111 εὐκτι-

203 2121 302 2161 κὸν.
343 2123 437 2160 .καὶ
462 2121 503 2159 τὸ
531 2123 595 2159 ναὶ
621 2122 949 2181 συγκαταθέσεως.
971 2144 1015 2150 -
1036 2124 1079 2160 V.
1102 2128 1158 2160 82.
1179 2119 1287 2168 ὅκως,
1315 2119 1390 2158 A*
1368 2137 1511 2169 οππως,
1537 2124 1618 2159 Ars.
1638 2119 1742 2164 ολως.

205 2193 249 2200 -
276 2168 350 2207 τιν’
371 2169 421 2212 ὡς
445 2171 630 2217 Meineke‚
655 2171 770 2228 v5ulgo
796 2172 835 2206 τί
851 2168 888 2216 χ’
912 2168 977 2215 ὡς,
1005 2172 1036 2206 A
1057 2173 1201 2217 στίχων,
1229 2152 1489 2208 Schneidewin
1516 2167 1590 2207 τιν’
1612 2165 1675 2206 ὢν.
1697 2191 1740 2196 -

204 2219 249 2256 V.
277 2223 333 2255 85.
360 2216 611 2263 κάπαέξεται,
620 2199 877 2262 κάπαύξεται
901 2218 1023 2255 Trino.
1050 2240 1095 2245 —
1115 2185 1172 2254 V.
1199 2221 1256 2255 86.
1290 2216 1361 2255 σὺν
1389 2219 1578 2264 φιλεῦντι,
1605 2231 1742 2264 συμφι-

205 2268 331 2303 λευντι
358 2267 387 2302 Β
407 2267 517 2303 Vind
538 2267 644 2302 Voss.
673 2287 716 2292 —
744 2266 787 2302 V.
809 2270 866 2302 89.
893 2262 931 2302 δ’
959 2278 1031 2303 οιιι.
1053 2267 1163 2303 Vind.
1184 2265 1291 2304 Voss.
1318 2288 1363 2293 -—
1392 2267 1481 2303 Post
1505 2267 1542 2303 h.
1565 2279 1597 2302 v.
1618 2266 1743 2302 Kiess

204 2316 285 2361 ling
309 2326 458 2350 versum
483 2313 716 2350 intercidisse
741 2314 863 2359 putat.
887 2335 929 2340 -
958 2314 1000 2350 V.
1022 2318 1078 2350 91.
1106 2310 1210 2359 ὅκου,
1237 2310 1308 2350 Β”’
1286 2327 1396 2372 οπου,
1423 2315 1455 2350 Α
1476 2316 1592 2350 οἴκου.
1615 2334 1660 2340 -
1686 2313 1743 2350 λε’-

205 2374 356 2409 γουσιν,
390 2363 467 2398 Ars.
495 2360 668 2408 λέγουσα.
704 2382 746 2388 --
787 2362 833 2398 V.
858 2365 914 2397 93.
950 2359 1036 2408 τὰς,
1067 2361 1147 2399 Ars.
1173 2360 1240 2403 τάς
1264 2359 1313 2404 τ’..
1347 2362 1519 2398 Meineke
1544 2360 1670 2398 πάντ.
1697 2381 1744 2388 -

208 2411 250 2447 V.
273 2415 329 2449 94.
356 2411 471 2455 φῦλα,
497 2409 604 2446 Voss.
625 2409 736 2446 Vind.
761 2407 894 2454 φύλλα.
915 2430 961 2436 —-
987 2410 1031 2445 V.
1052 2413 1109 2446 95.
1135 2410 1188 2455 πῆ
1191 2390 1467 2455 paoeRibbeckii
1492 2409 1743 2445 coniecturam

206 2458 351 2505 recepi,
389 2457 585 2503 legebatur
615 2454 751 2493 πάντα.
804 2456 858 2492 cf.
886 2457 1042 2494 Hesiodi
1066 2423 1188 2494 Theo⁷²
1191 2422 1321 2493 μαε591
1361 2455 1404 2494 ἐκ
1436 2458 1502 2503 τῆς
1532 2455 1604 2502 γὰρ
1635 2455 1746 2502 γένος

208 2503 286 2543 ἐστὶ
310 2506 519 2563 γυναικῶν
528 2502 789 2550 θηλυτεράων,
816 2504 919 2564 [της
917 2503 988 2550 γὰρ
1008 2502 1144 2541 ὀλώιόν
1171 2469 1249 2541 ἔστι
1273 2504 1383 2551 γένος
1402 2505 1467 2540 καὶ
1487 2505 1589 2550 φῦλα
1614 2516 1745 2550 γυναι-

207 2554 314 2611 ’‘q-³¹¹2]
341 2554 448 2599 πῆμα
475 2551 570 2598 μέγα
595 2555 771 2597 θνητοῖσι
791 2565 859 2598 μετ
896 2549 1059 2598 ἀνδράσι
1078 2550 1336 2611 ναιετάουσαι,
1362 2553 1418 2588 ita.
1437 2552 1535 2588 enim
1556 2563 1623 2598 pro
1643 2563 1745 2587 ναιε-

207 2599 364 2638 τάουσιν
391 2600 653 2646 corrigendum
679 2600 883 2657 (Hermann
908 2601 1015 2646 πῆμα
1042 2597 1125 2647 μέγ’
1154 2600 1196 2635 αι
1222 2629 1230 2636 .
1252 2628 1260 2636 .
1282 2629 1290 2636 .
1317 2582 1586 2656 ναιετάουσιν),
1614 2599 1746 2635 eadem

209 2650 398 2686 structura
423 2661 510 2684 usus
530 2648 713 2684 Homerus
739 2644 909 2704 ὀρνίθων
935 2649 1129 2705 πετεηνῶν
1157 2647 1276 2683 ἔθνεα
1302 2644 1420 2684 πολλὰ
1443 2646 1542 2682 ἔνθα
1562 2647 1626 2682 καὶ
1646 2645 1746 2682 ἔνθα

209 2698 400 2734 ποτῶνται
424 2692 681 2753 ἀγαλλόμεναι
706 2692 952 2741 πτερύγεσσιν
979 2696 1040 2731 vel
1065 2690 1160 2741 ἦλθε
1188 2691 1224 2731 δ’
1254 2692 1316 2731 ἐπὶ
1341 2692 1445 2740 ψυχὴ
1468 2695 1638 2743 Θηβαίου
1663 2697 1746 2730 Τει-

210 2746 339 2791 ρεσίαο
368 2742 529 2791 χρύσεον
561 2743 750 2788 σκῆπτρον
784 2742 891 2788 ἔχων.
941 2743 1141 2779 Praeterea
1173 2743 1292 2778 ταῦτα
1321 2743 1360 2778 in
1393 2742 1606 2778 Simonideo
1638 2752 1748 2777 versu

210 2793 370 2829 fortasse
396 2803 441 2828 ex
466 2791 757 2846 interpolatione
785 2794 924 2835 ortum,
955 2802 1051 2836 quae
1077 2791 1226 2836 saepius
1252 2792 1424 2836 grassata
1449 2792 1507 2825 est
1531 2790 1570 2825 in
1596 2789 1748 2826 Stobaei

211 2839 435 2887 Florilegio,
459 2839 581 2885 possis
607 2838 706 2874 enim
733 2838 915 2884 suspicari

936 2883 1298 2932 πολυφραὸεστάτας

498 2934 672 2970 πασῶν·
699 2931 744 2969 τὰ
772 2930 809 2969 δ’
838 2930 931 2970 αλλα
958 2934 1061 2979 φῦλα
1087 2934 1236 2992 μηχανῇ
1264 2931 1366 2974 Διός.

215 2982 336 3018 Antea
368 2981 509 3018 conieci
542 2981 642 3018 ἔστιν
674 2979 710 3018 τ’
739 2978 807 3017 ἐπ’
835 2978 918 3029 ἄτῃ
950 2981 1016 3017 καὶ
1046 2994 1123 3028 παρ
1169 2977 1355 3027 ἀνδράσιν
1386 2985 1526 3027 μενεῖ.
1579 2979 1749 3016 Ribbeck

1393 3038 1465 3075 29*
