1890 3216
837 214 1098 253 THEOGNIS.
1652 216 1732 258 141

246 333 251 337 '
290 320 503 366 Πλούτου
535 320 576 366 δ’
613 320 749 367 οὐδὲν
779 322 916 380 τέρμα
947 325 1235 381 πεφασμένον
1267 323 1590 380 ἀνθρώποισιν.

352 396 399 438 οἳ
427 392 513 451 γὰρ
546 396 634 438 νῦν
664 392 796 452 ἡμῶν
826 399 1032 440 πλεῖστον
1066 398 1216 453 ἔχουσι
1248 400 1371 454 βίον,

290 464 531 510 διπλάσιον
563 465 829 511 σπεύδουσι·
860 470 926 520 τίς
956 464 1014 512 ἂν
1045 469 1271 525 κορέσειεν
1303 467 1521 526 ἅπαντας;

166 550 265 584 ·230
351 536 553 596 χρήματά
586 555 653 582 τοι
686 544 874 595 θνητοῖς
904 542 1075 595 γίνεται
1107 538 1364 598 ἀφροσύνη·

290 607 373 668 ἄτη
405 607 449 654 δ’
485 609 529 662 ἐξ
561 607 698 667 αὐτῆς
729 608 1047 668 ἀναφαίνεται,
1080 608 1137 668 ἣν
1171 610 1303 657 ὁπότε
1337 613 1451 667 Ζεὺς

348 682 498 740 πέμψῃ
531 682 826 740 τειρομένοις,
859 681 1018 727 ἄλλοτε
1049 682 1186 736 ἄλλος
1217 680 1315 742 ἔχει.

286 799 546 859 Ἀκρόπολις
575 801 649 846 καὶ
680 801 850 861 πύργος
882 801 969 848 ἐὼν
1001 802 1269 862 κενεόφρονι
1301 804 1449 866 δήμῳ,

349 871 515 932 Κύρν’,
550 871 702 930 ὀλίγης
732 876 862 931 τιμῆς
893 877 1085 933 ἔμμορεν
1118 874 1281 928 ἐσθλὸς
1312 875 1439 935 ἀνήρ.

194 1005 264 1038 235
292 990 442 1038 Οὐδὲν
474 993 701 1052 ἐπιπρέπει
731 987 842 1050 ὗμιν
874 990 943 1038 ἅτ’
979 992 1172 1052 ἀνδράσι
1205 997 1548 1057 σῳξομένοισιν,

355 1062 455 1110 ἀλλ’
491 1062 551 1118 ὥς
582 1064 730 1123 πάγχυ
760 1064 907 1123 πόλει,
941 1056 1113 1124 Κύρνε,
1147 1064 1422 1127 ἁλωσομένῃ.

290 1184 377 1230 Σοὶ
409 1184 491 1243 μὲν
524 1184 609 1243 έγώ
643 1184 764 1244 πτέρ’
800 1188 965 1243 ἔδωκα,
987 1184 1084 1249 (σὺν
1117 1181 1185 1240 οἷς
1216 1185 1282 1232 ἐπ’
1318 1186 1534 1248 ἀπείρονα
1565 1190 1733 1237 πόντον

195 1365 229 1400 Α
249 1365 357 1411 αδον,
384 1364 414 1401 Ο
434 1361 541 1402 ἅδον.
594 1365 777 1402 Stobaeus
803 1366 942 1412 μᾶλλον
971 1364 991 1402 ἔ
996 1363 1034 1401 τ’
1063 1365 1153 1402 εἰσὶ
1179 1368 1332 1413 φίλαι,
1358 1379 1403 1403 ex
1428 1370 1628 1406 manifesta
1653 1382 1733 1407 cor-

194 1413 372 1449 rectione.
400 1412 522 1449 Poeta
546 1412 703 1449 fortasse
723 1413 922 1460 scripserat
947 1414 1016 1450 σοὶ
1043 1412 1084 1450 δὲ
1106 1416 1348 1451 δολοπλοκίαι
1368 1417 1524 1462 μᾶλλον,
1551 1415 1733 1464 ἄπιστε,

195 1454 306 1505 ἅδον,
333 1472 429 1506 quae
455 1461 502 1497 de
528 1459 712 1497 influstria
736 1461 951 1497 immutavit
976 1462 1040 1507 qui
1060 1462 1127 1498 has
1147 1461 1296 1508 eclogas
1316 1464 1538 1501 concinnare
1558 1465 1731 1503 instituit.

194 1528 238 1534 —
261 1508 304 1544 V.
326 1512 491 1545 227-32
520 1508 665 1545 Solonis
685 1510 772 1544 sunt
790 1521 928 1551 versus,
953 1510 1130 1556 leguntur
1147 1509 1204 1546 El.
1225 1509 1276 1545 IV
1298 1515 1449 1557 71—76,
1476 1513 1541 1549 sed
1560 1525 1633 1549 non
1653 1514 1732 1550 sine

195 1555 424 1593 diversitate.
461 1555 648 1593 Videntur
662 1557 709 1592 ab
726 1568 788 1604 eo,
809 1557 875 1602 qui
887 1557 1132 1602 Theognidea
1151 1559 1400 1605 concinnavit,
1421 1562 1591 1597 consulto
1612 1562 1731 1608 plera-

195 1615 267 1662 que
292 1604 496 1640 immutata
521 1615 614 1648 esse,
640 1605 746 1640 velut
764 1617 797 1640 v.
819 1609 881 1641 74:
908 1603 1049 1650 κέρδεά
1075 1618 1133 1641 τοι
1157 1608 1317 1651 θνητοῖς
1342 1603 1500 1643 ὤπασαν
1525 1605 1732 1656 ἀθάνατοι,

191 1665 265 1697 ατη
291 1647 330 1687 δ’
359 1649 399 1695 ἐξ
426 1649 555 1688 αὐτῶν
585 1649 864 1698 ἀναφαίνεται,
897 1648 945 1698 ἣν
978 1649 1123 1688 ὁπόταν
1157 1651 1252 1694 Ζεὺς
1282 1654 1414 1702 πέμψῃ
1448 1656 1658 1702 τισομένην.
1685 1678 1730 1685 —·

192 1699 236 1736 V.
263 1702 346 1735 228.
372 1703 559 1745 πλεῖστον,
586 1700 616 1736 Ο
643 1698 788 1737 πιστὸν.
816 1721 859 1726 -
887 1702 970 1747 βίον
995 1700 1061 1737 ΑΟ
1094 1702 1132 1736 et
1158 1701 1283 1747 vulgo,
1311 1702 1457 1738 Bekker
1481 1701 1574 1740 νόον
1600 1703 1730 1749 edidit,

191 1747 288 1783 nihil
326 1747 478 1783 omnino
517 1748 562 1784 de
588 1747 769 1784 librorum
802 1748 988 1794 scriptura
1020 1749 1193 1784 testatus.
1234 1770 1277 1774 -
1315 1750 1360 1785 V.
1392 1755 1472 1788 230.
1499 1754 1662 1797 γίνεται,
1696 1766 1729 1788 v.

191 1797 373 1841 γίγνεται.
401 1816 444 1821 -
473 1795 517 1832 V.
544 1799 624 1832 232.
652 1804 784 1843 πεμκψῃ
810 1796 860 1842 A,
895 1794 1039 1842 us'mpet
1065 1796 1190 1833 ceteri.
1219 1817 1263 1822 —
1289 1794 1440 1843 ἄλλοτε,
1468 1798 1497 1834 Ο
1524 1796 1654 1836 ἄλλοτε
1682 1798 1730 1837 τ’.

190 1862 237 1870 -
261 1842 306 1879 V.
326 1846 406 1879 235.
429 1839 545 1879 οὐδὲν
566 1842 768 1889 επιπρέπει
787 1838 878 1890 ’,ὗμιν
898 1843 1040 1890 scripsi,
1061 1841 1175 1880 οὐδὲν
1196 1843 1390 1890 επιτρέπει
1408 1843 1499 1892 ἡμῖν
1519 1849 1563 1891 A,
1585 1845 1675 1884 οὐδέ
1695 1861 1730 1883 τι

189 1889 328 1936 πρέπει
363 1887 454 1937 ὑμῖν
490 1891 539 1937 Ο,
575 1888 668 1928 οὐδέ
708 1905 744 1927 τι
784 1891 922 1938 πρέπει
955 1891 1047 1938 ἡμῖν
1080 1893 1133 1934 el,
1173 1888 1260 1927 οὐδ’
1297 1892 1351 1928 ἔτι
1389 1907 1430 1939 γε
1466 1894 1601 1939 πρέπει
1641 1892 1732 1942 ἡμῖν

191 1938 446 1985 bcdefghmnq
465 1940 504 1975 et
523 1951 593 1976 om.
614 1952 654 1985 γε
676 1952 705 1975 r.
741 1940 792 1976 Ut
815 1951 971 1976 numero
996 1951 1125 1975 versus
1145 1939 1393 1985 consulerent,
1416 1942 1576 1988 Sylburg
1601 1940 1732 1989 ἄμμιν,

190 1986 341 2022 Brunck
366 1983 458 2033 ἡμὶν
483 1988 644 2033 scripsit,
671 1987 818 2024 Bekker
844 1985 960 2023 οὐδὲν
988 1986 1189 2033 ἐπιπρέπει
1214 1981 1316 2034 ἧμιν,
1335 1989 1481 2026 Ahrens
1501 1995 1540 2026 et
1558 1990 1733 2037 Hartung

191 2030 310 2070 οὐδὲν
337 2032 392 2070 ἔτι
415 2033 554 2081 πρέπει
579 2029 680 2082 ἧμιν.
702 2056 747 2061 -
774 2034 1042 2084 σῳξομένοισιν
1069 2035 1212 2081 scripsi,
1238 2036 1311 2071 vid.
1339 2037 1385 2072 ad
1412 2050 1446 2073 v.
1463 2042 1519 2082 68,
1546 2040 1577 2074 Α
1605 2041 1731 2082 σωιζο-

192 2093 352 2128 μενοισι,
377 2083 398 2105 *
417 2083 724 2130 σωζομένοισι(ν).
747 2105 790 2110 -
813 2084 855 2119 V.
871 2088 941 2119 236
966 2095 1183 2130 germanam
1211 2083 1432 2129 scripturam
1453 2098 1548 2121 unus
1569 2088 1733 2122 servavit

190 2130 224 2165 A
249 2125 337 2165 ἀλλ’
365 2126 416 2171 ὥς
440 2128 566 2176 πάγχυ
592 2129 701 2167 πόλει
725 2128 852 2177 Κύρνε
879 2135 1116 2178 αλωσομενη,
1144 2131 1209 2166 sed
1239 2127 1372 2168 ἀλύειν
1403 2130 1513 2178 κύρν’
1542 2130 1591 2174 ὡς
1616 2130 1728 2170 πόλε’

191 2173 413 2223 ἁλωσομένη
439 2178 742 2225 Obdefhlmnpqr
775 2179 859 2225 (nisi
887 2180 987 2224 quod
1014 2191 1034 2215 e
1066 2176 1230 2223 ἀλύειν),
1262 2180 1422 2225 denique
1455 2192 1501 2216 ex
1532 2182 1732 2217 manifesta

189 2225 480 2272 interpolatione
501 2223 606 2262 λύειν
621 2223 670 2268 ὡς
683 2225 828 2268 πόλεως
842 2228 959 2272 τοίχοι
981 2223 1222 2272 ἁλωσομένης
1235 2238 1266 2271 c,
1282 2230 1320 2263 et
1334 2228 1398 2273 qui
1411 2225 1566 2269 πόλεοςτ
1586 2231 1677 2274 είχη,
1694 2242 1728 2276 g.

189 2271 340 2309 Brunck
366 2270 498 2309 ἀλύειν
524 2271 669 2316 πόλεως
702 2270 826 2319 ὥσπερ
853 2272 1094 2320 ἁλωσομένης
1120 2274 1278 2320 scripsit,
1313 2286 1382 2321 ego
1416 2276 1505 2311 olim
1531 2273 1647 2312 οὐδὲν
1675 2275 1730 2312 ἔτι

189 2319 327 2367 πρέπει
354 2348 362 2356 .
384 2349 392 2356 .
413 2349 421 2357 .
443 2317 559 2362 αύλός
585 2323 678 2367 (sive
704 2320 848 2368 αὐλεῖν)
873 2320 1000 2368 πάγχυ
1032 2321 1160 2366 πόλει,
1195 2319 1331 2366 Κύρν’,
1366 2320 1406 2358 ἐν
1432 2321 1665 2370 ἁλωσομένῃ,
1691 2326 1731 2360 et

189 2379 317 2415 praep.
354 2366 396 2406 ἐν
428 2369 640 2405 addendam
671 2370 862 2406 Hermann
893 2380 1040 2415 quoque
1073 2369 1235 2415 censuit,
1267 2370 1494 2407 Herwerden
1526 2369 1641 2407 οὐδὲν
1675 2370 1730 2407 ἔτι

189 2413 325 2462 πρέπει
346 2445 354 2453 .
375 2445 383 2452 .
405 2446 412 2453 .
433 2413 517 2453 ἀλλ’
540 2412 614 2454 ὅσα
635 2447 642 2454 .
665 2445 672 2452 .
694 2446 722 2463 .,
748 2418 970 2453 Heimsoeth
991 2414 1049 2453 ὅτ’
1072 2414 1156 2453 ἀνδ.
1179 2429 1228 2461 σ.,
1253 2414 1335 2453 ἀλλ’
1360 2414 1431 2454 ὅσα
1450 2415 1485 2454 τ’
1514 2417 1601 2465 α”γχι
1620 2418 1729 2455 πόλει

126 2479 130 2484 ·
191 2466 237 2500 Κ.
258 2460 331 2509 ἄλ,
351 2465 483 2508 Har-tel
503 2477 591 2502 vero
604 2462 724 2507 ἄλλως
742 2479 779 2502 π.
800 2480 837 2503 π.
855 2462 975 2510 Κύρν’
999 2462 1040 2500 ἐν
1055 2463 1287 2513 ἁλωσομὲνῃ,
1307 2466 1452 2502 Ahrens
1465 2466 1626 2502 coniecit
1645 2463 1727 2502 ἀλλ’

189 2508 324 2548 ἀλύειν
349 2510 459 2548 πόλει
485 2509 535 2554 ὡς
554 2511 679 2559 Κύρνε
706 2511 937 2560 ἄλωσομένῃ,
965 2513 1135 2558 Hartung
1160 2509 1241 2548 ἀλλ’
1268 2510 1378 2549 ἀλύει
1402 2511 1509 2554 πόλις
1534 2511 1582 2554 ὡς
1601 2512 1727 2559 πάγχυ

190 2556 425 2606 ἁλωσομένη,
442 2559 552 2606 Cyrni
566 2562 716 2597 nomine
731 2561 890 2605 abiecto,
910 2562 953 2595 ut
966 2559 1110 2596 Callino
1131 2561 1201 2596 hoc
1215 2560 1402 2597 distichon
1417 2561 1578 2597 tribuere
1593 2563 1725 2606 posset.

192 2627 239 2633 —-
258 2607 302 2644 V.
323 2611 391 2644 237
408 2619 484 2654 seq.
504 2607 611 2645 Hanc
625 2608 788 2655 elegiam
808 2608 1020 2654 Theognidi
1034 2608 1226 2644 abiudicat
1244 2607 1463 2653 Bernhardy
1482 2608 1575 2644 Hnst.
1598 2608 1726 2644 Graec.

191 2654 312 2691 Litt.l
334 2660 402 2692 112
422 2656 479 2694 ed.
503 2660 521 2691 1
544 2658 628 2702 (148
649 2657 706 2693 ed.
728 2660 764 2701 3)
785 2658 824 2692 et
842 2655 1011 2701 pluribus
1027 2666 1071 2691 ea
1096 2655 1142 2691 de
1163 2667 1201 2691 re
1221 2655 1406 2691 disserens
1428 2656 1507 2698 112,
1522 2660 1601 2691 461.
1634 2656 1726 2692 Her-

192 2713 307 2738 mann
333 2706 459 2739 autem
485 2703 525 2739 in
550 2705 675 2751 plures
699 2704 903 2750 particulas
929 2707 1120 2748 (237—46.
1148 2707 1323 2739 247-52.
1351 2706 1506 2748 253—4)
1532 2703 1726 2749 disposuit.

190 2749 367 2797 Hartuug
385 2750 639 2788 Hermannum
666 2752 845 2797 sequitur,
872 2753 910 2786 et
933 2752 1128 2796 praeterea
1146 2763 1179 2787 v.
1201 2755 1365 2786 237—46
1387 2750 1596 2796 Theognidi
1622 2751 1727 2786 abiu-

193 2797 309 2843 dicat,
334 2798 544 2835 rationibus
569 2811 676 2845 usus,
709 2811 801 2844 quas
826 2810 901 2834 non
931 2798 1114 2843 intelligo.
1166 2798 1252 2843 Mey
1283 2798 1495 2833 criticorum
1530 2797 1727 2834 calumniis

192 2845 326 2882 faciles
358 2847 542 2892 praebens
573 2859 682 2883 aures
714 2846 945 2893 poematium
977 2846 1073 2880 ruris
1103 2847 1142 2881 et
1172 2844 1418 2881 inficetiarum
1456 2845 1607 2890 plenum
1645 2856 1726 2881 esse

193 2895 331 2938 censet,
357 2906 402 2930 ac
426 2893 677 2931 Herwerdeno
704 2906 861 2940 quoque,
894 2892 1065 2938 quamvis
1098 2893 1164 2928 has
1197 2893 1473 2928 criminationes
1505 2893 1633 2939 procul
1659 2894 1725 2929 ha-

190 2940 290 3022 ἓοαὶ,
324 2941 512 2978 novicium
539 2943 698 2979 videtur.
750 2942 823 2977 Sed
856 2941 929 2976 vid.
956 2951 1051 2985 quae
1083 2940 1129 2976 de
1161 2941 1229 2976 has
1260 2940 1382 2987 elegia
1411 2941 1450 2976 in
1480 2941 1572 2977 Mus.
1605 2941 1723 2981 Rhen.

216 2987 390 3036 isputavi.
