1890 3216
203 203 288 245 126
734 202 926 239 POETAE
953 174 1192 241 mmmm.

269 309 382 355 ἀλλὰ
415 309 507 368 μετ’
545 312 714 355 ἐσθλον
747 297 830 356 ι’ὠν
861 311 1076 369 βουλεύεο
1108 311 1250 357 πολλὰ
1286 311 1484 369 μογήσας

328 383 402 427 καὶ
434 382 609 441 μακρὴν
640 387 824 440 ποσσίν,
857 382 1026 443 Κύρν’,
1060 382 1170 429 ὁδὸν
1203 385 1440 437 ἐκτελέσας.

268 492 445 548 Πρῆξιν
478 490 589 548 μηδὲ
621 494 822 548 φίλοισιν
855 489 968 544 ὅλως
1000 490 1237 537 ἄνακοίνεο
1270 494 1427 536 πᾶσιν·
1666 505 1735 537 489

328 564 498 620 παῦροί
525 579 594 606 τοι
626 564 806 607 πολλῶν
838 562 997 608 πιστὸν
1030 566 1181 621 ἔχουσι
1212 563 1336 610 νόον.

198 684 242 716 75
268 670 526 729 Παύροισιν
556 673 745 723 πίσυνος
777 668 936 727 μεγάλ’
973 669 1197 730 ἀνδράσιν
1230 670 1323 730 ἔργ’
1358 673 1580 731 ἐπιχείρει,

328 741 489 800 μήποτ’
526 741 810 799 ἀνήκεστον,
829 742 1004 801 Κύρνε,
1035 742 1175 802 λάβῃς
1206 741 1353 800 ἀνίην.

268 849 437 903 Πιστὸς
468 848 584 908 ἀνὴρ
617 853 788 908 χρυσοῦ
820 867 867 895 τε
897 850 971 894 καὶ
1003 849 1208 910 ἀργύρου
1239 849 1574 911 ἄντερύσασθαι

328 921 450 975 ἄξιος
481 923 529 966 ἐν
563 924 754 980 χαλεπῇ,
787 921 963 980 Κύρνε,
997 925 1268 982 διχοστασίῃ.

292 1066 335 1103 V.
354 1070 408 1102 71.
432 1063 582 1112 ἐσθλὸν,
603 1064 751 1103 ἐσθλῶν
767 1066 823 1102 Of.
839 1086 884 1091 —
906 1064 1098 1120 βουλεύεο,
1119 1064 1271 1121 βούλευ’.
1293 1066 1357 1102 καὶ
1377 1067 1420 1113 A,
1448 1064 1620 1115 βούλευε
1626 1066 1667 1105 Ο.
1691 1089 1734 1096 -

198 1127 365 1174 μογησας
384 1114 424 1150 et
443 1096 640 1156 ἐκτελέσας
659 1116 691 1150 Α
717 1126 803 1150 011111
824 1113 1042 1173 proletariis
1067 1114 1183 1159 libris,
1210 1114 1284 1150 nisi
1303 1114 1403 1160 quod
1421 1127 1444 1150 a
1462 1127 1735 1162 Ρ1.111.μογησα

196 1164 235 1198 et
254 1160 431 1198 ἐκτελέσαι
451 1163 627 1208 (μογῆσαι
647 1164 686 1198 et
705 1159 897 1198 ἐκτελέσαι
918 1173 945 1197 S.
968 1160 1099 1206 Jord.)‚
1125 1162 1155 1197 O
1182 1163 1344 1208 μογῆσαι
1359 1164 1397 1198 et
1411 1159 1615 1208 ἐκτελέσαι,
1635 1165 1735 1209 quod

196 1210 287 1246 olim
304 1209 440 1256 recepi,
455 1210 573 1246 ascita
585 1209 747 1246 lectione
768 1207 907 1255 βούλευ
925 1209 1282 1246 καὶ.Β101719.1;010111
1299 1210 1386 1266 post
1403 1222 1437 1246 v.
1461 1214 1504 1245 70
1526 1211 1735 1269 complures

195 1269 324 1294 versus
345 1256 642 1315 praetermisisse
656 1257 895 1293 manifestum
917 1259 986 1293 est.
1020 1257 1165 1293 Ahrens
1184 1254 1278 1293 ἀλλὰ
1301 1255 1370 1293 σὺν
1394 1254 1573 1293 ἐσθλοῦ
1556 1263 1628 1294 ιεῐν
1649 1257 1734 1307 βού-

195 1309 260 1341 λευ
283 1305 348 1341 καὶ
367 1303 485 1341 πολλὰ
506 1303 682 1351 μογήσας.
705 1326 748 1332 -
772 1305 814 1340 V.
837 1309 892 1340 72.
919 1306 1064 1351 ποσσίν,
1089 1305 1199 1340 ποσσὶ
1218 1305 1296 1350 AO,
1323 1307 1415 1341 ποσί
1428 1306 1452 1341 1.
1469 1326 1511 1331 —-
1528 1305 1734 1343 Cohaerere

197 1353 373 1389 videntur
397 1354 492 1388 haec
518 1353 691 1396 disticha,
718 1353 784 1389 sed
809 1353 864 1388 ita
888 1355 932 1388 ut
955 1355 1043 1398 post
1068 1365 1102 1389 v.
1124 1357 1168 1388 70
1194 1353 1303 1398 plura
1323 1353 1413 1388 olim
1431 1353 1572 1389 fuerint
1592 1354 1732 1390 addita.

201 1401 374 1437 Ceterum
412 1401 707 1436 obversabantur
740 1401 832 1436 haec
864 1401 1020 1436 Isocrati
1052 1400 1100 1435 ad
1131 1399 1523 1458 1)011101110.19;Μὴ
1556 1399 1735 1438 κατόκνει

196 1446 346 1508 μακρὰν
379 1446 471 1484 ὁδὸν
505 1445 741 1504 πορεύεσθαι
772 1445 866 1507 πρὸς
896 1446 984 1488 τοὺς
1014 1445 1210 1483 διδάσκειν
1242 1462 1278 1483 τι
1303 1446 1483 1505 χρήσιμον
1510 1445 1734 1495 ἐπαγγελλο-

195 1495 348 1543 μένους·
386 1494 540 1542 αἰσχρὸν
573 1494 644 1542 γὰρ
663 1493 766 1551 „roim
798 1493 868 1552 μὲν
886 1492 1089 1553 ἐμπόρους
1125 1496 1331 1553 τηλικαῦτα
1366 1493 1509 1556 πελάγη
1544 1498 1733 1556 διαπερᾶν

197 1544 312 1581 ενεκα
344 1544 411 1580 τοῦ
443 1545 557 1580 πλείω
586 1544 746 1600 ποιῆσαι
776 1540 845 1588 τὴν
878 1540 1126 1601 υποὲρχουσαν
1157 1540 1303 1589 οὐσίαν,
1338 1540 1426 1585 τοὺς
1457 1542 1500 1579 δε
1526 1544 1734 1590 νεωτέρους

195 1591 311 1650 μηδε
329 1589 397 1633 τὰς
428 1589 524 1628 κατὰ
556 1589 624 1637 τὴν
656 1592 728 1637 γῆν
760 1591 928 1648 πορείας
941 1589 1146 1637 ὑπομένειν
1174 1589 1237 1627 ἐπὶ
1268 1592 1318 1637 τῷ
1346 1592 1477 1650 βελτίω
1502 1593 1736 1649 καταστῆσαι

195 1638 285 1697 τὴν,
293 1636 439 1675 ἑαυτῶν
465 1637 652 1675 διάνοιαν.
682 1661 724 1666 --
753 1639 795 1674 V.
823 1643 878 1675 73.
905 1636 1122 1696 ἄνακοιᾝνεο
1155 1639 1190 1674 01
1216 1636 1432 1683 ἀνακοινέο,
1466 1651 1491 1685 g
1516 1636 1732 1685 ανακοίνεε,

195 1691 238 1733 qt
263 1684 457 1727 ανακίνεο.
502 1687 553 1723 At
577 1687 740 1723 insolens
765 1689 823 1723 est
847 1687 968 1723 forma
994 1667 1459 1731 ἄνακοίνεο,1113010111.1118
1480 1687 1606 1744 etiam,
1633 1669 1734 1733 quod

194 1735 419 1771 Doederlein
451 1735 612 1770 coniecit
643 1731 864 1778 ἄνακοίνοε,
904 1735 1032 1779 itaque
1064 1734 1212 1770 videtur
1243 1735 1478 1770 scribendum
1511 1731 1733 1793 ἄνακοινεῦ,

195 1783 509 1841 quemadmodum
547 1783 672 1818 media
706 1783 826 1818 forma
864 1783 977 1818 etiam
1008 1782 1219 1817 Herodotus
1250 1783 1370 1817 utitur
1403 1782 1467 1827 (IV
1494 1786 1539 1818 38
1573 1780 1729 1819 ἀνακοι-

195 1831 329 1867 νοῦται
354 1831 405 1890 τῷ
423 1827 550 1887 Ἴστρῳ
577 1828 617 1865 τὸ
622 1826 774 1887 υδωρ),
801 1830 896 1866 adde
922 1830 1029 1865 Isocr.
1058 1830 1106 1864 ad
1132 1830 1322 1865 Demonic.
1349 1833 1412 1865 25:
1445 1830 1542 1875 Περὶ
1567 1831 1641 1866 τῶν
1668 1845 1732 1877 ρη-

194 1880 267 1914 τῶν
289 1876 338 1919 ὡς
357 1867 582 1932 ἀπορρήτων
609 1874 829 1923 ἀνακοινοῦ,
850 1877 916 1913 ubi
934 1877 1064 1934 inepta
1084 1878 1170 1913 sunt
1189 1888 1284 1922 quae
1306 1878 1597 1923 subsequuntur·
1625 1879 1728 1915 locus

193 1926 486 1984 transpositione
523 1926 576 1961 sic
608 1925 866 1983 corrigendus:
899 1921 1007 1969 Μήτε
1042 1922 1135 1970 μετὰ
1169 1923 1310 1984 βλάβης
1340 1926 1456 1969 πειρῶ
1488 1925 1563 1961 τῶν
1595 1928 1727 1983 φίλων,

195 1971 287 2030 μήτε
314 1971 471 2019 ἄπειρος
497 1971 596 2008 εἶναι
621 1973 695 2008 τῶν
722 1969 886 2029 εταίρων
907 1972 1017 2009 θέλε·
1050 1974 1161 2008 τοῦτο
1188 1971 1230 2008 δὲ
1244 1970 1442 2029 ποιήσεις,
1469 1970 1539 2008 ἐὰν
1565 1987 1614 2019 μη
1642 1973 1729 2010 δεό-

195 2019 309 2078 μενός
332 2035 399 2058 του
426 2022 581 2056 δεῖσθαι
605 2021 808 2078 προσποιῇ·
836 2017 891 2077 μῂ
919 2017 1065 2077 τυχῶν
1090 2034 1171 2067 μεν
1202 2034 1288 2066 γαρ
1321 2016 1458 2056 ουδεν
1492 2019 1732 2082 βλαβησει,

194 2067 340 2115 τυχὼν
366 2068 414 2105 δε
450 2069 619 2114 μᾶλλον
651 2064 802 2104 αυτῶν
834 2066 911 2103 τὸν
942 2066 1114 2126 τρόπον
1147 2065 1394 2113 ἐπιστήσει.
1445 2068 1542 2114 Περὶ
1566 2070 1639 2104 τῶν
1666 2083 1731 2128 ρη-

194 2119 268 2153 τῶν
294 2120 369 2153 κτλ.
419 2117 527 2152 Adde
552 2116 642 2151 ibid.
669 2120 732 2152 34:
767 2116 853 2173 περὶ
879 2110 930 2151 ῶν
957 2112 1006 2152 ὂὶν
1038 2115 1197 2162 αἰσχύνῃ
1230 2113 1580 2174 παρρησιάσασθαι,
1613 2115 1730 2164 βουλη

195 2166 236 2201 δέ
264 2178 338 2200 τισι
362 2165 436 2200 τῶν
463 2166 584 2210 φίλων
610 2161 969 2208 ἄνακοινώσασθαι,
996 2164 1070 2209 χρῶ
1096 2168 1175 2204 τοῖς
1198 2161 1323 2207 λόγοις
1350 2161 1398 2204 ὡς
1423 2163 1510 2209 περὶ
1534 2161 1729 2221 ἀλλοτρίου

194 2214 260 2248 τοῦ
286 2211 514 2259 πράγματος.
555 2211 662 2255 Quod
682 2211 713 2247 si
738 2209 945 2247 ἄνακοινευ
966 2211 1193 2265 probaveris,
1214 2211 1329 2246 etiam
1350 2208 1632 2247 scribendum
1604 2225 1731 2247 απα-

195 2273 276 2296 σαν
302 2271 370 2306 pro
396 2261 532 2304 πᾶσιν,
556 2261 600 2295 ut
623 2260 833 2295 accuratius
865 2260 997 2305 πρῆξις
1031 2258 1281 2295 describatur:
1308 2260 1443 2302 ,monet
1475 2259 1574 2294 enim
1605 2263 1730 2306 poeta,

194 2321 240 2344 ne
267 2321 351 2344 cum
376 2308 506 2343 amicis
542 2307 695 2352 quidem
729 2319 877 2343 omnem
908 2318 987 2343 rem
1019 2318 1099 2342 esse
1132 2306 1491 2343 communicandam.
1541 2307 1593 2342 At
1623 2319 1730 2365 prae-

194 2357 300 2392 terea
324 2352 430 2399 ὅλως,
456 2356 555 2400 quod
581 2355 700 2408 vulgo
719 2355 876 2401 legitur,
892 2355 1096 2412 displicet3
1130 2366 1223 2409 011111.
1247 2353 1337 2389 011111
1369 2355 1511 2399 φίλοις,
1544 2348 1574 2389 ῶ
1606 2352 1730 2401 λῷστζ

195 2403 447 2446 coniecissem,
475 2405 560 2448 post
584 2401 703 2438 malui
729 2404 853 2448 φίλοις
879 2399 1023 2443 αδόλως
1049 2401 1135 2446 (nisi
1161 2401 1244 2447 quis
1270 2401 1447 2436 Brunckii
1474 2384 1730 2438 coniecturam

195 2448 296 2496 ὁμῶς
321 2451 519 2496 praeferat,
546 2450 676 2486 Iacobs
702 2446 832 2497 ομως);
860 2447 1006 2491 ἀδόλως
1030 2450 1088 2486 est
1110 2451 1258 2494 sincere,
1284 2452 1423 2494 aperte,
1452 2449 1614 2494 satisque
1641 2461 1728 2486 con—

194 2499 299 2534 venit
324 2498 428 2534 vafro
455 2498 681 2533 Graecorum
707 2498 858 2543 ingenio
885 2499 955 2533 hoc
975 2498 1228 2551 praeceptum.
1279 2497 1407 2542 Ipsum
1426 2499 1551 2532 autem
1572 2498 1727 2533 verbum

196 2547 243 2582 ab
270 2546 340 2581 hoc
365 2545 489 2602 poesis
515 2557 651 2591 genere
677 2557 751 2581 non
776 2546 965 2590 abhorret,
991 2546 1046 2581 ita
1072 2549 1130 2580 est
1153 2544 1190 2579 in
1219 2545 1340 2580 Scolio
1364 2548 1424 2580 13:
1455 2541 1507 2579 Τὸ
1534 2546 1657 2590 τρίτον
1683 2544 1726 2581 δὲ

194 2597 370 2629 πλουτεῖν
395 2590 553 2633 αδόλως.
592 2595 631 2628 et
656 2593 827 2629 similiter
849 2598 908 2628 12:
932 2574 1025 2628 Ε’ἶθ’
1054 2590 1161 2637 ἐξῆν,
1187 2589 1320 2631 ὁποῖός
1338 2605 1393 2632 τις
1413 2585 1478 2650 ἦν
1489 2590 1644 2634 ἕκαστος
1673 2591 1725 2628 Τὸ

195 2642 336 2687 στῆθος
349 2637 511 2676 διελόντ’
530 2639 661 2676 ἔπειτα
680 2637 746 2676 τὸν
767 2641 859 2676 νοῦν
877 2638 1085 2685 Ἐσιδόντα,
1104 2640 1303 2675 κλείσαντα
1323 2637 1449 2683 πάλιν,
1461 2636 1596 2684 ’Ἀνδρα
1616 2643 1727 2685 φίλον

194 2690 362 2735 νομίζειν
382 2684 508 2736 ἀδόλῳ
530 2689 653 2733 φρενί.
674 2709 717 2714 -
738 2687 782 2724 V.
805 2689 851 2723 74
876 2688 984 2724 affert
1003 2690 1060 2734 Ap
1061 2669 1132 2724 o’st.
1152 2687 1238 2722 XIII
1258 2690 1302 2722 86
1323 2698 1354 2722 0.
1377 2708 1419 2713 -
1440 2687 1586 2732 παῦροί
1600 2701 1669 2733 τοι,
1696 2687 1725 2723 O

195 2737 337 2781 παῦροι
350 2736 419 2772 τοὶ.
436 2756 476 2761 -
486 2724 650 2780 πολλῶν,
664 2734 800 2771 πολλόν
814 2736 1055 2781 bcdfmnpqrt
1067 2736 1160 2791 (am.
1169 2736 1251 2781 pr.‚)
1267 2735 1412 2770 Hecker
1426 2736 1518 2770 coni.
1533 2736 1680 2781 παῦροί
1689 2734 1724 2781 γ’

196 2782 238 2820 ἐκ
252 2785 407 2820 πολλῶν.
429 2804 475 2810 —
494 2783 537 2819 V.
554 2787 608 2819 75.
624 2781 799 2828 παύροισι
821 2783 861 2819 Ο.
884 2805 928 2810 -—
949 2784 993 2820 V.
1006 2788 1061 2820 76.
1081 2779 1219 2827 Κύρνε,
1238 2781 1345 2825 κέρνε
1361 2795 1396 2827 q
1415 2783 1480 2827 qui
1499 2782 1593 2818 alias
1611 2783 1727 2819 etiam

193 2834 309 2877 κίρνε
313 2853 356 2857 -
372 2830 499 2879 λάβῃς,
519 2831 614 2878 λαβῆ
618 2844 651 2871 ις
671 2842 745 2866 acc.
763 2842 811 2866 er
827 2833 870 2874 A,
885 2829 1056 2879 λάβοιςο.
1071 2829 1173 2866 —V.
1190 2835 1244 2866 77.
1262 2834 1316 2865 78.
1332 2830 1440 2865 Plato
1455 2829 1564 2865 affert
1577 2831 1623 2865 de
1636 2831 1726 2892 Leg.

195 2880 211 2914 Ι
233 2892 268 2926 p
285 2884 354 2915 630
373 2880 406 2914 Α
423 2879 520 2914 unde
539 2878 674 2914 Euseb.
689 2879 820 2935 Praep.
835 2879 901 2914 Ev.
917 2879 986 2914 XII
1006 2882 1074 2914 575
1095 2879 1133 2914 et
1147 2878 1367 2913 Theodoret.
1390 2878 1404 2911 I
1428 2881 1483 2920 13,
1497 2880 1542 2911 42
1562 2878 1642 2921 (ubi
1661 2881 1726 2913 καὶ

194 2939 262 2971 pro
281 2940 320 2962 τε
347 2926 413 2962 καὶ
437 2928 476 2962 et
500 2927 614 2972 vulgo
640 2923 955 2983 ἄνταρύσασθαι).
994 2927 1102 2971 Resp.
1122 2925 1298 2960 Philostr.
1319 2926 1384 2959 vit.
1405 2924 1527 2969 Apoll.
1549 2925 1657 2961 1146.

193 2974 237 3010 V.
265 2979 321 3011 77.
347 2971 650 3021 ἆντερύσασθαι,
675 2970 971 3020 ἀντερείσασθαι
1000 2974 1023 3009 i.
1059 2994 1102 2999 --
1134 2973 1178 3008 V.
1206 2977 1260 3009 79.
1288 2976 1344 3008 80.
1369 2971 1596 3008 Themistius
1621 2973 1724 3008 XXII

1816 75 1823 82 ¹
1828 37 1830 39 ,

1835 36 1853 57 .”<

1888 297 1890 302 .
1836 0 1890 285 mmmm-m
