1890 3216
666 189 1185 226 PSEUDOPHOCYLIDEA.
1611 190 1697 232 105

156 312 224 346 180
250 300 416 358 μητέρα
449 297 492 343 δ’
528 296 588 351 ὥς
619 301 723 356 τίμα
754 296 836 356 τὴν
869 298 1057 356 μητὲρος
1090 303 1210 356 ἴχνια
1241 301 1399 355 βᾶσαν.

251 370 356 430 μηδ’
392 373 724 424 ε’πιπαλλακίοις
753 369 920 429 πατρὸς
951 371 1147 428 λεχέεσσι
1180 374 1362 428 μιγείης.

250 443 363 502 μηδὲ
393 443 680 501 κασιγνήταις
711 445 753 496 ἐς
785 441 1045 501 ἀπότροπον
1079 443 1267 499 ἐλθέμεν
1301 441 1451 500 εὐνήν.
1632 456 1698 488 170

250 515 362 574 μηδὲ
393 515 676 573 κασιγνήτων
709 514 890 574 ἀλόχοις
923 514 993 559 ἐπὶ
1026 515 1186 572 δέμνια
1223 518 1410 571 βαίνειν.

250 587 362 646 μηδὲ
393 586 508 646 γυνὴ
541 591 722 646 φθείροι
749 588 926 646 ’βρέφος
957 589 1154 645 ἔμβρυον
1187 589 1346 631 ἔνδοθι
1379 586 1590 645 γαστρός,

158 652 224 706 185
250 660 362 719 μηδὲ
394 663 584 706 τεκοῦσα
616 660 749 705 κυσὶν
782 661 890 718 ῥίψῃ
922 659 997 704 καὶ
1029 659 1169 716 γυψὶν
1202 659 1358 716 ἕλωρα.
1562 661 1576 674 ’
1628 672 1697 703 472

250 731 354 791 μηδ’
392 733 460 778 ἐπὶ
494 735 549 791 σῇ
583 730 729 792 ἀλόχῳ
765 730 977 789 ἐγκύμονι
1009 740 1135 789 χεῖρα
1166 729 1343 788 βάληαι.

250 803 354 863 μηδ’
392 799 450 849 αὖ
481 802 760 861 παιδογόνον
791 803 967 860 τέμνειν
1000 801 1142 860 φύσιν
1175 800 1343 860 ἄρσενα
1374 801 1554 859 κούρου.

250 875 355 935 μηδ’
390 874 572 933 ἀλόγοις
606 874 755 929 ζώοισι
787 873 1005 933 βατήριον
1039 875 1083 926 ἐς
1114 874 1238 931 λε’χος
1271 874 1435 918 ἐλθεῖν.
1631 887 1697 919 175

251 946 355 1006 μηδ’
390 946 542 1005 ὕβριζε
573 954 765 1003 γυναῖκα
797 944 864 991 ἐπ’
901 948 1157 1003 αἰσχυντοϊς
1189 946 1424 1004 λεχέεσσιν,

155 1104 379 1149 inusitatus,
422 1103 467 1140 cf.
495 1102 604 1138 Plato
636 1101 794 1137 Phaedr.
821 1101 937 1137 275A
969 1101 1080 1137 τοῦτο
1112 1098 1184 1147 γὰρ
1216 1101 1292 1136 τῶν
1330 1099 1536 1148 μαθόντων
1574 1100 1698 1150 λήθην

154 1151 225 1200 μὲν
252 1149 294 1188 ἐν
319 1155 460 1197 ψυχαῖς
484 1148 642 1197 παρέξει
669 1176 676 1185 .
699 1179 705 1186 .
728 1177 736 1186 .
763 1145 828 1185 ἅτε
858 1178 865 1184 .
889 1178 896 1184 .
919 1178 926 1185 .
953 1146 1093 1190 αὐτοὺς
1118 1146 1189 1194 ὑφ’
1214 1146 1341 1185 αὑτῶν
1367 1147 1697 1197 ἀναμιμνησκομέ-

153 1212 261 1245 νους,
295 1199 526 1243 eandemque
557 1199 781 1234 structuram
812 1197 953 1243 passim
980 1194 1030 1238 ὡς
1056 1197 1219 1234 asciscit.
1270 1197 1373 1233 Libri
1404 1209 1533 1234 omnes
1559 1197 1698 1244 vitiati,

155 1245 300 1294 ψαύετε
328 1246 503 1292 MV1PH,
529 1244 631 1292 ’ψαύε
659 1244 698 1282 τὲ
725 1245 800 1291 Vs,
825 1242 993 1291 ψαύεται
1020 1246 1060 1288 Β,
1087 1246 1250 1290 ψεῦδετε
1276 1245 1352 1289 Va,
1377 1245 1483 1290 ψαῦέ
1509 1260 1550 1291 γε
1579 1246 1631 1281 Al
1661 1250 1699 1282 et

154 1297 280 1341 vulgo.
313 1317 350 1321 -
378 1294 526 1339 λέκτρα,
553 1294 646 1330 ΜΑ1
668 1292 793 1329 τέκνα.
818 1315 859 1319 -
888 1293 930 1329 V.
956 1298 1023 1329 180
1048 1293 1087 1328 in
1108 1293 1144 1328 M
1170 1293 1310 1339 legitur
1335 1292 1476 1339 μητέρα
1498 1299 1576 1330 σεῖο
1597 1296 1696 1340 τίμα,

153 1349 326 1390 κρεῖσσον
360 1341 431 1389 γὰρ
458 1339 521 1378 ἀν’
549 1339 663 1388 ἤχνια
697 1338 853 1388 βάσσαν.
886 1362 930 1366 --
972 1341 1013 1376 V.
1045 1344 1122 1376 181.
1152 1345 1218 1376 182
1250 1341 1322 1377 hoc
1355 1341 1483 1378 ordine
1509 1342 1567 1378 Va
1593 1344 1631 1378 et
1658 1343 1697 1386 P,

154 1392 269 1438 vulgo
294 1392 444 1428 inverso
470 1390 599 1426 ordine
620 1390 807 1436 leguntur.
829 1409 874 1414 —
902 1386 1186 1429 ἐπιπαλλακιόις
1211 1388 1359 1435 scripsi,
1385 1389 1501 1435 vulgo
1523 1386 1586 1426 ἐπὶ
1606 1393 1696 1425 παλ-

154 1441 326 1484 λακίοισι,
354 1440 395 1475 at
412 1450 532 1484 neque
552 1449 679 1484 praep.
702 1434 764 1472 ἐπὶ
783 1436 899 1481 locus,
926 1439 965 1472 et
988 1437 1307 1482 hypocoristieum
1333 1448 1468 1472 nomen
1488 1435 1698 1474 παλλάκιον

153 1487 215 1524 vel
239 1487 279 1523 in
304 1487 377 1523 hoc
402 1488 576 1532 poemate
609 1484 805 1526 offensioni
836 1486 903 1520 est.
956 1484 1059 1520 Libri
1092 1495 1221 1520 omnes
1254 1481 1333 1529 ἐπὶ,
1370 1485 1505 1520 deinde
1538 1485 1698 1528 variant,

153 1535 251 1572 PBH
270 1536 487 1578 παλλακίσι,
515 1535 568 1569 Al
589 1534 825 1576 παλλακίσσι,
851 1532 967 1568 V1Va
987 1533 1208 1579 παλλακῇσι,
1235 1531 1290 1567 Vs
1311 1535 1544 1568 παλλακοῖσι.
1591 1533 1698 1576 Quod

154 1583 302 1619 restitui
339 1580 623 1622 ἐπιπαλλακίοις
662 1580 720 1616 est
754 1591 842 1616 sane
878 1577 1115 1627 ἀμάρτυρον,
1153 1581 1217 1615 sed
1255 1579 1501 1616 similitudine
1539 1581 1698 1616 aliorum

155 1629 445 1674 adiectivorum,
475 1628 580 1666 velut
612 1626 894 1674 ἐπινυμφίὸιος,
929 1626 1153 1674 ἑπιμοίριος,
1186 1627 1233 1663 al.
1267 1627 1417 1663 tuearis.
1461 1649 1503 1653 —
1543 1628 1586 1663 V.
1618 1631 1694 1666 182.

154 1676 400 1724 κασιγνήταις
419 1677 561 1724 scripsi,
586 1677 784 1723 legebatur
803 1674 1041 1722 κασιγνήτης,
1069 1675 1126 1712 Va
1144 1676 1371 1721 κασιγνῆτις.
1396 1697 1439 1702 -
1466 1673 1698 1722 ἀπότροπον,

154 1727 250 1773 Mpr.
276 1723 455 1771 ἀπότρον.
485 1746 525 1751 -
565 1724 607 1761 V.
637 1727 703 1760 183
729 1724 895 1767 Bernays
921 1724 960 1759 in
986 1736 1092 1759 suum
1118 1724 1243 1759 locum
1267 1723 1453 1768 restituit,
1479 1736 1593 1769 quarn
1618 1735 1697 1760 cor·

79 1819 82 1822 Δ
154 1774 360 1811 rectionem
379 1774 455 1809 iam
475 1773 556 1809 cod.
570 1773 629 1808 Va
648 1773 769 1808 denuo
795 1772 953 1807 collatus
980 1771 1230 1817 confirmavit,
1258 1783 1342 1806 nam
1370 1771 1410 1806 in
1429 1772 1562 1808 ceteris
1590 1772 1696 1812 libris

155 1821 295 1869 legitur
314 1822 402 1857 loco
428 1832 578 1867 prorsus
599 1819 723 1856 alieno
743 1823 830 1855 ante
858 1832 889 1854 v.
913 1823 993 1865 195,
1020 1831 1092 1855 om.
1113 1818 1180 1854 V2.
1211 1840 1255 1845 —-
1282 1816 1516 1865 κασιγνήτων
1543 1816 1695 1865 ἀλόχοις

156 1870 305 1916 scripsi,
337 1869 534 1915 legebatur
558 1866 794 1913 κασιγνήτων
820 1863 985 1911 ἀλόχων,
1021 1867 1086 1902 sed
1112 1866 1141 1902 P
1167 1863 1404 1913 κασιγνήτων
1429 1863 1640 1913 ἀλόχοισιν,
1669 1869 1696 1903 Β

155 1914 398 1964 κασίγνήταις
431 1913 564 1962 λόχων.
604 1936 649 1942 -
689 1917 853 1964 βαίνειν,
892 1915 922 1950 Β
956 1915 1128 1960 φαίνειν,
1167 1915 1232 1950 sed
1267 1925 1380 1960 supra.
1417 1916 1584 1961 βαίνειν,
1624 1916 1696 1951 duo

156 1965 334 2003 Brunckii
358 1964 446 2000 libri
473 1965 628 2013 βαίνοις.
664 1985 705 1989 ——
739 1963 783 2000 V.
814 1966 892 1999 184.
924 1964 1082 2008 φθείροι
1107 1962 1248 2005 V2PH‚
1277 1963 1456 2008 φθείρειν
1482 1963 1556 2008 Va,
1584 1964 1696 2009 vulgo

157 2014 301 2060 φθείρῃ
326 2015 370 2048 ut
394 2012 443 2049 M.
478 2033 521 2038 ·——
556 2015 635 2048 185.
663 2008 774 2058 ῥ’ίψῃ,
806 2010 837 2045 Β
863 2009 986 2058 ῥίψῃς.
1020 2032 1061 2037 ——
1097 2011 1138 2047 V.
1170 2014 1237 2047 186
1268 2009 1442 2046 subiunxi
1466 2010 1588 2046 versui
1617 2015 1696 2056 185,

154 2061 270 2107 vulgo
295 2061 450 2107 legitur:
477 2056 585 2106 Μηδ’
614 2053 663 2095 αὖ
689 2056 922 2104 παιδογόνον
943 2087 952 2096 .
974 2087 982 2095 .
1004 2088 1011 2095 .
1033 2057 1128 2104 μηδὲ
1155 2058 1221 2106 τεῇ
1245 2054 1368 2107 ἀλόχῳ
1391 2087 1398 2094 .
1421 2086 1428 2093 .
1450 2087 1457 2094 .
1486 2058 1591 2094 libris
1617 2059 1695 2094 fere

157 2108 328 2146 omnibus
354 2107 655 2152 adversantibus,
688 2106 752 2152 qui
778 2118 821 2143 eo
848 2106 994 2151 ordine,
1027 2118 1139 2151 quem
1169 2105 1336 2150 restitui,
1368 2119 1403 2142 v.
1433 2110 1511 2142 186.
1542 2109 1607 2141 187
1635 2118 1694 2141 ex-

157 2156 289 2192 hibent
307 2156 412 2192 velut
431 2155 477 2201 H,
502 2155 672 2202 plerique
691 2154 915 2199 interposito
934 2167 968 2190 v.
992 2158 1055 2190 191
1080 2156 1175 2200 (186.
1199 2157 1278 2189 191.
1299 2155 1392 2199 187),
1419 2165 1510 2199 quos
1534 2153 1698 2189 indicavi

157 2205 204 2240 ad
231 2217 265 2240 v.
294 2207 372 2240 191.
402 2222 445 2229 —
474 2200 565 2249 μηδ’
595 2200 656 2239 ἐπὶ
683 2203 727 2250 σῇ
755 2202 860 2245 VlP,
887 2201 984 2248 μηδέ
1009 2216 1044 2237 τι
1070 2202 1114 2249 σῇ
1142 2201 1286 2246 BMV2,
1313 2200 1410 2247 μηδέ
1435 2215 1489 2242 τις
1514 2196 1536 2246 ἢ
1564 2201 1696 2246 Va(H),

157 2250 347 2336 132ῗῖαέἑὶ
359 2245 1188 2346 ᾗτεῇὲῖθῗιιᾛὲἔὲῗτιῗῶῑΡΒᾜὲἷξῖἒῗοὲὶ
1206 2245 1575 2345 Ἳωρζεἱῑωβάληαῦ
1596 2249 1696 2332 (Ῑῖἕῗ

907 2326 916 2342 ,
1201 2326 1208 2341 ,
1262 2326 1269 2333 .
1432 2326 1438 2333 .
1580 2324 1587 2331 .
1688 2324 1694 2332 .

157 2344 249 2394 μηδ’
285 2341 336 2383 αὖ
369 2358 443 2382 non
476 2346 666 2391 convenit,
703 2357 825 2391 neque
857 2357 944 2381 vcro
972 2345 1261 2381 existimandum
1293 2344 1408 2380 alium
1442 2356 1588 2380 versum
1621 2345 1696 2379 iam

157 2395 406 2441 interceptum
428 2394 686 2441 praecessisse,
713 2406 785 2439 quo
804 2393 988 2429 referatur
1008 2394 1077 2429 hoc
1098 2392 1303 2435 exordium,
1331 2392 1396 2428 sed
1417 2392 1583 2438 corrigas
1603 2388 1694 2446 μηᾷ’

105 2475 108 2480 .
159 2441 207 2480 ἐκ
226 2440 460 2488 παιδογόνον
480 2440 630 2500 τέμνειν
656 2442 758 2487 quod
783 2442 937 2478 verbum
964 2441 1168 2486 proprium,
1196 2440 1241 2475 cf.
1264 2439 1478 2494 Sophoclis-
1488 2452 1631 2475 versum
1650 2452 1695 2495 ἱιι]

158 2490 285 2527 Troilo
312 2487 456 2547 σκάλμη
487 2503 560 2535 γαρ
593 2486 718 2536 ὄρχεις
744 2488 886 2547 βασιλὶς
913 2485 1135 2534 ἐκτέμνουσ’
1165 2487 1264 2545 (fort.
1286 2484 1542 2543 ἐκτεμουσῖ)
1570 2484 1694 2533 ἐμους.

158 2559 203 2565 -
229 2539 480 2584 παιδογονον,
512 2537 571 2574 Va
596 2539 848 2583 παιδογονων.
889 2557 931 2562 -
970 2535 1121 2582 τέμνειν
1147 2548 1264 2580 φυσιν
1291 2531 1434 2581 ἄρσενα
1459 2547 1600 2579 κουρου
1628 2535 1695 2577 Vl,

159 2586 224 2622 sed
244 2586 337 2622 VaH
356 2586 399 2621 ut
418 2585 531 2632 vulgo
558 2583 648 2621 ποτὲ
675 2585 826 2631 τέμνειν
853 2580 995 2629 ἄρσενα
1021 2584 1178 2628 κοῦρον,
1205 2583 1242 2617 Μ
1262 2580 1411 2628 τέμνειν
1436 2579 1579 2626 ἄρσενα
1605 2582 1694 2617 κοῦ-

158 2647 236 2678 ρον.
270 2654 314 2660 -
354 2633 396 2669 V.
426 2636 504 2670 188.
545 2629 687 2678 ζώοισι,
719 2633 774 2667 Al
810 2628 933 2675 ζώοις,
966 2631 1066 2666 idem
1099 2631 1162 2671 εἰς.
1203 2651 1246 2656 -—
1286 2628 1415 2665 ἐλθεῖν
1442 2629 1629 2665 PVIMVa
1655 2630 1697 2664 ut

158 2681 283 2727 vulgo,
308 2680 458 2717 Brunck
480 2679 608 2722 ἔλθοις
628 2691 673 2716 ex
691 2691 765 2716 uno
785 2680 876 2722 cod„
903 2679 1000 2714 unde
1020 2679 1209 2714 Hermann
1230 2675 1345 2724 ἔλθῃς
1364 2676 1522 2722 scripsit.
1561 2675 1695 2711 Varias

160 2728 341 2765 lectiones
367 2739 459 2774 quas
484 2729 518 2764 H
544 2729 580 2765 h.
600 2740 634 2764 v.
663 2726 882 2774 suppeditat
906 2737 1049 2770 nequeo
1076 2725 1256 2769 indicare,
1284 2724 1480 2765 schedula,
1506 2735 1618 2768 quam
1645 2724 1693 2759 ab

110 2816 115 2820 ἧ
160 2777 324 2813 Holdero
350 2776 495 2822 accepi,
522 2776 583 2812 hic
603 2775 752 2812 detrita.
775 2795 814 2801 -
847 2775 890 2808 V.
914 2777 981 2808 189
1009 2773 1065 2808 Va
1091 2772 1252 2808 collocat
1288 2773 1363 2806 Jost
1382 2783 1415 2807 v.
1440 2775 1518 2815 192,
1544 2773 1693 2806 rectene

159 2835 207 2860 an
233 2835 338 2860 secus
363 2823 546 2869 ambigas.
596 2823 786 2859 Revocavi
813 2822 1006 2867 vulgatam
1032 2820 1234 2855 lectionem
1265 2784 1326 2855 ἐπ’
1355 2817 1568 2863 αἰσχυντοῖς
1593 2817 1694 2864 λεχέ-

159 2883 279 2916 εσσιν,
305 2883 418 2917 quam
444 2872 572 2907 tuetur
591 2872 644 2906 Al
667 2882 711 2906 ac
732 2870 894 2914 Bcrnays
915 2868 1096 2910 servavit,
1123 2866 1194 2902 nisi
1214 2866 1314 2910 quod
1335 2870 1517 2910 γυναῖκας
1535 2864 1694 2911 scripsit,

159 2919 225 2955 sed
261 2919 412 2965 gravius
443 2919 619 2955 mendum
655 2918 741 2954 libri
772 2916 953 2963 produnt,
992 2914 1046 2950 Vl
1081 2918 1244 2960 γυναῖκα
1278 2910 1339 2949 ἐπ’
1374 2910 1604 2959 αἰσχυντῆρ’,
1638 2913 1694 2948 V2

160 2971 323 3012 γυναῖκα
360 2965 628 3012 αἰσχυντικοῖς,
667 2965 696 3000 Ρ
727 2968 911 3011 γυναῖκας
944 2959 1009 3000 ἐπ’
1043 2961 1311 3008 αἰσχυντικοῖς,
1350 2960 1386 2995 Μ
1425 2965 1589 3006 γυναῖκα
1628 2957 1692 2997 ἐπ’
