1890 3216
839 198 1039 237 CRITIAS.
1622 199 1710 242 283

869 322 900 355 E
915 321 1008 356 ΠΗ.

865 405 902 448 7.
935 406 1014 460 [7.]

246 497 338 544 Τὸν
370 497 420 543 δὲ
450 502 719 556 γυναικείων
751 500 921 556 μελέων
952 500 1170 554 πλέξαντά
1202 500 1304 546 ποτ’
1340 500 1460 563 ςόδάς

242 567 359 629 ἡδὺν
388 569 700 629 Ἀνακρείοντα
738 571 855 624 Τέως
887 574 950 624 εἰς
975 569 1154 617 Ἑλλάδ’
1189 571 1381 631 άνῆγεν,

241 646 504 701 συμποσίων
536 643 772 702 ἐρέθισμα,
804 646 1033 701 γυναικῶν
1066 642 1373 703 ἠπερόπευμα,

241 712 394 760 αὐλῶν
425 713 693 772 ἀντίπαλον,
726 715 1073 773 φιλοβάρβιτον,
1106 713 1245 774 ἡδύν,
1278 715 1469 762 ἄλυπον·

241 820 1326 832 ιιιιιιιιιιιιιιιι

194 869 215 902 5
242 855 300 903 οὔ
329 858 439 903 ποτέ
467 870 552 902 σου
583 856 771 915 φιλότης
800 857 1042 916 γηράσεται
1075 856 1182 903 οὐδὲ
1213 865 1441 918 θανεῖται,

241 928 329 974 ἔστ’
364 927 422 974 ἂν
454 927 579 988 ὕδωρ
612 934 722 991 οἴνῳ
755 929 1124 988 συμμιγνύμενον
1154 935 1411 976 κυλίκεσσιν

239 1010 344 1054 παῖς
375 1000 678 1060 διαπομπεύῃ,
709 1000 951 1059 προπόσεις
982 1002 1176 1055 ἐπιδέξια
1207 1005 1393 1060 νωμῶν,

239 1075 518 1131 παννυχίδας
547 1071 597 1118 θ’
634 1071 758 1131 ίεράς
786 1072 944 1131 θήλεις
975 1073 1102 1132 χοροὶ
1134 1073 1439 1132 ἀμφιέπωσιν,
1641 1088 1710 1120 606

239 1143 453 1202 πλάστιγξ
484 1143 534 1190 θ’
570 1142 597 1203 ἠ
629 1148 799 1203 χαλκοῦ
830 1145 1038 1204 θυγάτηρ
1072 1144 1141 1191 ἐπ’
1177 1145 1357 1205 ἄκραισι
1388 1151 1548 1206 καθίζῃ

171 1229 215 1262 10
241 1216 462 1275 κοττάβου
492 1215 686 1275 ὑψηλαῖς
717 1227 939 1277 κορυφαῖς
971 1221 1173 1277 Βρομίου
1204 1218 1496 1273 ψακάδεσσιν.

266 1377 297 1409 7.
348 1373 483 1410 Athen.
511 1374 599 1410 XIII
625 1378 694 1410 600
720 1374 766 1409 E:
801 1369 820 1409 ὃ
848 1371 1026 1421 (Ἔρωτα)
1053 1371 1073 1410 ὁ
1100 1371 1220 1420 σοφὸς
1244 1372 1372 1421 ὑμνῶν
1400 1372 1467 1411 οἱεί
1487 1387 1578 1411 ποτε
1609 1372 1710 1411 Ἀνα-

144 1420 291 1467 ,κρέων
316 1422 430 1458 πᾶσίν
458 1419 535 1458 ἔστι
561 1420 626 1457 διὰ
660 1419 859 1468 στόματος·
891 1421 993 1468 λέγει
1025 1416 1094 1459 οὖν
1126 1422 1212 1468 περὶ
1238 1419 1358 1459 αὐτοῦ
1384 1423 1449 1458 καὶ
1470 1420 1489 1459 ὁ
1517 1420 1712 1469 κράτιστος

169 1470 359 1516 Κριτίας
396 1468 505 1506 τάδε·
549 1467 638 1505 Τὸν
676 1473 750 1506 κτλ.
786 1491 828 1495 -
867 1469 908 1505 V.
944 1474 974 1505 1.
1007 1467 1285 1517 ἠπερόπευμα,
1311 1471 1340 1506 Ρ
1372 1468 1632 1517 ὑπερόπευμα.
1665 1492 1713 1497 -

170 1517 212 1553 V.
239 1521 272 1553 4.
311 1516 599 1564 φιλοβάρβιτον,
637 1517 667 1552 Ρ
694 1516 992 1601 φιλοβάρβυτον,
1030 1517 1066 1563 ΒΙ
1093 1516 1355 1566 φιλοβάρετον.
1388 1541 1435 1545 —
1468 1516 1584 1564 ἡδύν,
1622 1519 1710 1555 fort.

168 1561 252 1611 ἠΰν.
280 1586 323 1592 -
350 1565 494 1601 Deinde
515 1565 760 1602 interstitium
795 1566 868 1611 eci,
889 1566 1204 1612 quemadmodum
1226 1566 1339 1603 etiam
1362 1567 1532 1603 Meineke
1560 1568 1598 1602 et
1615 1566 1710 1602 Har-

168 1615 279 1660 tung:
312 1625 400 1649 nam
431 1612 513 1659 ipse
543 1612 760 1650 Athenaeus
791 1613 938 1660 aliquot
969 1625 1096 1651 versus
1127 1614 1424 1660 praetermisisse
1452 1614 1616 1659 videtur,
1642 1615 1712 1651 ita-

169 1672 240 1707 que
266 1672 341 1697 non
367 1672 461 1707 opus
487 1663 543 1698 est
566 1662 771 1698 Hermanni
797 1661 1027 1698 correctione
1054 1675 1087 1698 v.
1115 1666 1154 1708 5,
1180 1663 1244 1708 qui
1280 1663 1359 1699 τοῦ
1391 1661 1513 1699 voluit
1538 1663 1710 1707 scribere,

168 1708 234 1744 ubi
259 1708 347 1744 libri
372 1719 500 1745 omnes
526 1721 593 1746 σου
620 1709 812 1753 exhibent,
845 1710 905 1746 vel
937 1710 1036 1755 quod
1068 1711 1199 1756 postea
1231 1710 1403 1746 Meineke
1430 1710 1710 1746 commendavit

168 1769 202 1793 v.
231 1761 249 1792 1
276 1753 355 1792 τὸν
382 1754 428 1793 σὲ
454 1768 521 1803 pro
546 1754 613 1794 τὸν
640 1756 694 1794 δὲ.
717 1778 759 1784 --
782 1758 825 1794 V.
849 1762 880 1794 7.
901 1755 1144 1805 διαπομπεύῃ
1171 1757 1277 1802 ABG,
1305 1756 1571 1805 διαπομπεύσῃ
1600 1758 1710 1803 PVL,

169 1803 295 1841 Osann
326 1801 579 1852 διαποιπνύῃ,
611 1806 784 1851 Hartung
822 1803 1125 1852 διαπορθμεύσῃ.
1160 1827 1204 1832 -—-
1236 1804 1442 1851 προπόσεις
1475 1806 1587 1851 PVL,
1620 1820 1708 1851 προ-

167 1849 278 1894 πόσις
301 1852 346 1896 Α,
371 1850 555 1899 πρόποσις
581 1854 622 1899 Β,
647 1853 835 1898 προπόσιν
861 1854 898 1890 C.
923 1875 964 1881 —-
982 1852 1158 1897 ἐπιδέξια
1184 1854 1320 1900 νωμῶν
1339 1853 1402 1890 AC
1423 1855 1511 1914 epit.
1533 1854 1707 1898 Hoesch„

169 1897 232 1937 ἐπὶ
266 1897 401 1944 δεξιὰν
435 1894 539 1947 ὦμον
573 1901 620 1946 Β,
660 1898 723 1938 ἐπὶ
756 1899 884 1945 δεξιὸν
917 1896 1020 1948 ὦμον
1053 1901 1160 1938 PVL,
1194 1922 1241 1928 —-
1273 1902 1317 1938 V.
1344 1906 1377 1938 8.
1409 1905 1440 1938 θ
1493 1913 1565 1939 om.
1591 1902 1631 1938 P.
1666 1923 1710 1929 —

169 1949 212 1984 V.
239 1952 272 1984 9.
299 1945 478 1995 πλάστιγξ
505 1948 577 1993 CL,
603 1947 756 1994 πλάστιξ
785 1949 892 1986 APV.
923 1971 964 1976 —
991 1946 1036 1986 θ’
1066 1949 1179 1993 PVL,
1205 1962 1243 1985 τε
1272 1950 1316 1994 A,
1345 1946 1382 1985 δ’
1412 1950 1450 1987 C.
1481 1972 1521 1976 —
1552 1947 1707 1996 ἄκραισι

167 1995 277 2040 ABG,
309 1993 460 2040 ἄκροισι
490 1996 598 2036 PVL,
626 2018 670 2023 —
697 1999 838 2044 καθίζῃ
865 1997 913 2043 Β,
946 1999 1098 2042 καθίζει
1124 1997 1202 2041 ΑΟ,
1235 1998 1390 2041 καθίξει
1425 1997 1513 2034 libri
1539 1997 1712 2043 Casaub.,

168 2045 322 2086 καθίζοι
359 2043 465 2080 PVL,
500 2065 544 2070 ——
577 2045 621 2080 V.
657 2049 712 2081 10.
749 2043 990 2090 ψακάδεσσιν
1021 2045 1101 2090 AC,
1139 2043 1354 2090 ’ψακάδεσιν
1386 2046 1435 2090 Β,
1474 2043 1710 2091 ψεκάδεσσιν

168 2091 275 2127 PVL.
302 2111 347 2117 --
367 2091 509 2127 Iniuria
527 2092 736 2140 Hertzberg
755 2093 826 2130 hoc
845 2093 889 2128 fr.
910 2093 949 2129 in
969 2093 1220 2140 suspicionem
1247 2093 1407 2139 vocavit,
1434 2093 1480 2129 cf.
1507 2104 1603 2139 quae
1630 2094 1708 2129 dixi

169 2138 376 2175 Comment.
405 2138 494 2175 Crit.
521 2140 573 2175 III
597 2152 633 2186 p.
662 2145 703 2184 7,
735 2140 802 2177 ubi
836 2141 980 2177 conieci
1015 2141 1242 2187 particulam
1277 2141 1375 2177 hanc
1410 2141 1526 2177 fuisse
1562 2141 1712 2177 maioris

169 2186 328 2222 alicuius
354 2186 548 2233 carminis,
574 2187 613 2223 in
638 2200 712 2233 quo
739 2189 837 2225 vitas
862 2189 1059 2234 poetarum
1086 2188 1345 2234 descripserit,
1378 2190 1420 2224 ut
1451 2189 1524 2224 huc
1550 2189 1710 2225 referen-

168 2234 259 2270 dum
290 2233 340 2270 sit
372 2235 430 2279 (fr.
464 2235 524 2280 33)
557 2235 660 2272 Man.
693 2237 880 2273 Theodor.
921 2249 955 2282 p.
983 2241 1070 2273 537:
1109 2237 1301 2281 „Meto-um
1339 2238 1561 2283 dactylicum
1600 2237 1710 2272 hexa-

167 2285 320 2318 metrum
345 2283 533 2318 inventum
560 2284 738 2328 primitus
768 2285 814 2319 ab
852 2284 993 2330 Orpheo
1026 2283 1166 2320 Critias
1198 2285 1366 2320 asserit.“
1415 2285 1530 2320 Porro
1564 2284 1621 2343 <fn
1649 2287 1709 2329 34)

167 2329 345 2366 Philostr.
373 2329 439 2366 vit.
468 2330 582 2388 Soph.
609 2331 730 2367 Praef.
758 2329 858 2368 Οἶδα
884 2329 956 2377 γὰρ
983 2329 1029 2377 δὴ
1056 2331 1122 2367 καὶ
1146 2333 1305 2376 Κριτίαν
1334 2329 1398 2368 τὸν
1425 2344 1609 2378 σοφιστην
1638 2329 1709 2368 οὐκ

168 2374 211 2414 ἐκ
236 2376 422 2423 πατέρων,
449 2374 543 2414 ἄλλα
559 2375 723 2424 Ὁμήρου
749 2376 796 2438 &j
818 2376 938 2425 μόνον
959 2377 1030 2415 σὺν
1050 2379 1100 2428 τῷ
1119 2379 1233 2425 πατρὶ
1255 2377 1550 2426 ἐπιμνησθέντα,
1574 2377 1707 2426 ἐπειδὴ

166 2426 303 2472 θαῦμα
328 2423 512 2472 δηλώσειν
540 2424 667 2472 ἔμελλε
694 2439 841 2472 πατερα
861 2424 1009 2475 Ὁμήρῳ
1035 2424 1207 2473 ποταμὸν
1235 2425 1345 2463 εἶναι.
1369 2428 1430 2471 (cf.
1452 2428 1574 2463 Tzetz.
1595 2427 1710 2470 Exeg.

117 2515 121 2520 .
167 2473 210 2510 Il.
236 2485 272 2519 p.
299 2477 320 2510 8
347 2475 386 2510 et
413 2475 496 2519 131)
523 2475 562 2510 et
587 2474 671 2510 fort.
700 2474 814 2510 etiam
847 2475 905 2518 (fr.
933 2477 994 2521 36)
1028 2474 1152 2511 Schol.
1179 2475 1305 2520 Eurip.
1334 2475 1447 2521 Hipp.
1474 2479 1561 2511 263:
1597 2472 1638 2510 τὸ
1667 2474 1709 2511 δὲ

168 2520 289 2567 μηδὲν
314 2518 415 2567 α”γαν
441 2519 480 2557 οἱ
502 2520 572 2568 μὲν
599 2523 739 2557 Χίλωνι
763 2522 814 2571 τῷ
840 2523 1131 2570 Λακεδαιμονίῳ
1163 2519 1433 2566 ἀνατιθέασιν,
1467 2520 1520 2563 ὡς
1545 2524 1710 2569 Κριτίας.

169 2589 214 2595 -—
240 2569 295 2604 Ex
320 2568 547 2605 carminibus
578 2570 661 2624 fqm
695 2570 816 2615 petita
851 2572 956 2615 sunt,
992 2581 1088 2616 quae
1120 2569 1274 2605 exhibet
1304 2570 1400 2606 Poll.
1426 2571 1462 2605 II
1490 2575 1574 2606 122:
1606 2568 1709 2615 παρὰ

169 2614 211 2652 δὲ
238 2617 374 2667 Κριτίᾳ
400 2617 465 2652 καὶ
490 2614 624 2663 λογεὺς
649 2614 668 2653 ὃ
691 2615 832 2663 ῥήτωρ,
858 2620 897 2654 et
921 2618 955 2653 II
982 2622 1067 2655 148:
1095 2615 1236 2663 εὔχειρ,
1269 2616 1506 2663 ταχύχειρ,
1540 2615 1589 2659 ὡς
1621 2621 1710 2663 Κρι-

168 2665 260 2705 τίας.
288 2685 331 2691 -
361 2664 500 2701 Critiae
531 2665 720 2701 vindicare
754 2665 875 2701 voluit
906 2665 1227 2702 Schleiermacher
1258 2676 1424 2709 versum,
1456 2677 1568 2711 quem
1602 2665 1712 2702 Plato

169 2712 215 2747 de
241 2712 332 2758 Rep.
360 2713 392 2748 lI
419 2717 487 2749 367
514 2713 543 2748 Ε
571 2713 762 2748 adhibuit:
795 2713 871 2749 Καὶ
886 2708 976 2759 Χέγώ
1009 2709 1178 2753 ἀκούσας
1213 2708 1274 2748 ἀεὶ
1312 2711 1382 2758 μὲν
1418 2710 1465 2759 δὴ
1499 2710 1568 2758 τὴν
1594 2712 1710 2759 φύσιν

168 2760 235 2795 τοῦ
262 2773 300 2796 τε
331 2758 559 2801 Γλαύκωνος
583 2760 649 2796 καὶ
674 2762 741 2796 τοῦ
765 2758 1003 2807 Ἀδειμάντου
1023 2757 1185 2818 ἠγάμην,
1212 2756 1284 2795 cito}
1329 2754 1399 2795 οὖν
1420 2760 1484 2796 καὶ
1503 2758 1586 2796 τότε
1607 2758 1710 2797 πάνυ

168 2820 210 2853 γε
237 2803 363 2854 ἥσθην
389 2807 455 2844 καὶ
481 2806 607 2844 εἶπον·
635 2805 680 2844 οὐ
706 2808 834 2849 κακῶς
859 2807 913 2850 εἰς
938 2805 1046 2854 ὑμᾶς,
1074 2822 1101 2844 ω
1129 2809 1265 2848 παῖδες
1307 2809 1436 2844 κείνου
1463 2809 1530 2844 τοῦ
1554 2804 1706 2855 ἀνδρός,

168 2851 250 2900 τὴν
275 2852 422 2902 ἀρχὴν
447 2857 534 2891 τῶν
561 2853 777 2902 ἐλεγείων
811 2853 1029 2914 ἐποίησεν
1061 2852 1081 2892 ὁ
1112 2852 1385 2897 Γλαύκωνος
1411 2853 1622 2903 ἐραστής,
1648 2854 1710 2893 εὖ·

170 2901 453 2949 δοκιμήσαντας
477 2903 566 2949 περὶ
591 2902 660 2949 τὴν
686 2907 868 2949 Msyapoc
887 2917 1011 2950 μαχην
1038 2900 1172 2940 εἰπών·

431 2976 578 3017 Παῖδες
600 2972 824 3021 Ἀρίστωνος,
850 2975 1004 3012 κλεινοῦ
1028 2977 1141 3012 θεῖον
1167 2973 1278 3022 γένος
1301 2971 1453 3023 ἀνδρός.
