1890 3216
803 177 1063 215 THEOGNIS.
1630 176 1714 220 197

238 286 394 333 ’Ἐστιν
425 285 449 332 ὁ
483 286 565 349 μὲν
597 290 779 346 χείρων,
813 284 838 332 ὁ
871 284 913 333 δ’
949 284 1147 344 ἀμείνων
1180 289 1314 345 ἔργον
1345 285 1554 332 ἕκαστον·

328 357 477 412 οὐδεὶς
509 357 551 404 δ’
587 358 850 418 ἀνθρώπων
882 356 1018 411 αὐτὸς
1049 356 1224 403 ἅπαντα
1256 356 1410 415 σοφός.

269 471 403 520 Οστις
433 464 663 512 ἀνάλωσιν
694 476 822 526 τηρεῖ
850 465 960 511 κατὰ
993 465 1196 525 χρήματα
1228 468 1410 525 θηρῶν,

326 541 542 596 κυδίστην
574 536 739 597 ἀρετὴν
770 547 865 591 τοῖς
897 547 1117 587 συνιεῖσιν
1150 541 1248 596 ἔχει.
1647 550 1715 583 542

171 622 240 656 905
267 613 309 656 εἰ
337 610 420 668 μὲν
451 610 538 669 γὰρ
570 614 768 656 κατιδεῖν
800 609 957 667 βιότου
987 610 1111 663 τέλος
1142 603 1221 668 ἦν,
1254 607 1427 654 ὁπόσον
1459 626 1524 663 τις

324 680 478 740 ἤμελλ’
514 683 741 735 ἐκτελέσας
773 684 835 735 εἰς
864 680 1014 726 Ἀΐδαο
1048 683 1211 739 περᾶν,

172 807 250 845 τοῖς
281 805 445 850 (οοιιιρη)
482 823 523 829 -
559 799 672 849 ἐπῆν,
711 799 783 847 ἐπῆ
815 800 1020 838 bcdfhlmn.
1072 802 1212 838 Locum
1250 801 1472 858 corruptum
1507 801 1572 837 alii
1604 802 1715 838 aliter

172 851 424 895 conformant,
450 850 606 887 Vinetus
639 847 783 895 Κύρνε,
809 847 882 907 μὴ
893 845 1056 907 ἀνδράσι
1082 847 1224 893 πάντα,
1252 848 1401 884 Brunck
1427 846 1477 907 μὴ
1503 846 1618 885 πάντ’
1646 846 1712 885 ἆν-

171 896 294 945 δράσι,
319 879 457 944 Κύρνε,
474 898 515 934 Ο.
532 898 735 934 Schneider
760 877 882 954 Κύρν’
911 896 949 933 εἰ
971 909 1007 933 π.
1031 894 1067 932 ἅ.
1090 911 1123 934 κ.
1151 895 1396 955 χαλέπαινες,
1417 895 1467 942 μὴ
1494 894 1712 954 γιγνώσκων

169 947 264 984 νοῦν
290 975 298 983 .
321 975 327 982 .
350 976 358 984 .
385 947 452 983 τοῦ
480 958 518 982 τε
546 947 699 982 δικαίου
725 945 792 981 τοῦ
818 941 853 980 τ’
880 942 1030 1002 ἀδίκου,
1058 945 1249 981 Hermann
1276 941 1396 990 Κύρν’
1424 944 1462 980 εἰ
1484 958 1522 980 π.
1550 942 1587 981 ἄ.
1614 944 1709 986 θεὸς

169 998 327 1052 θνητοις
358 993 605 1040 χαλέπαινεν,
636 990 856 1039 γιγνώσκων
887 986 931 1029 εὖ
964 992 1058 1028 νοῦν
1095 1020 1102 1027 .
1132 1019 1139 1028 .
1168 1021 1175 1028 .
1202 992 1275 1027 τῶν
1307 1005 1345 1027 τε
1379 994 1538 1028 δικαίων
1570 993 1644 1029 τῶν
1676 990 1711 1028 τ’

170 1039 332 1086 αδίκων,
365 1042 593 1088 Bamberger
618 1054 651 1078 v.
679 1045 748 1078 897
781 1041 942 1087 probata
973 1040 1151 1077 Brunckii
1184 1040 1415 1083 coniectura,
1449 1040 1514 1076 καὶ
1536 1039 1711 1100 ἔργματα

171 1091 208 1135 (i.
235 1102 264 1127 e.
293 1090 451 1126 τοιαῦτα
477 1089 542 1125 καὶ
568 1088 748 1136 ἔργματα)
774 1089 825 1125 τῶ
850 1101 890 1125 τε
918 1089 1053 1137 δικαίῳ
1079 1089 1130 1136 τῷ
1155 1084 1191 1123 τ’
1219 1085 1352 1135 ἀδίκῳ,
1378 1086 1475 1134 μέγα
1501 1084 1586 1134 κῆν
1612 1102 1649 1123 π.
1678 1091 1710 1135 β,

171 1137 188 1176 5
198 1153 266 1187 πῃ
294 1159 337 1164 -
366 1137 409 1175 V.
436 1141 503 1174 901
532 1137 770 1174 emendatam
796 1126 998 1173 lectionem
1025 1125 1178 1173 exhi‘bet
1201 1136 1252 1181 A,
1277 1136 1351 1171 nisi
1376 1136 1477 1182 quod
1509 1136 1539 1172 is
1566 1148 1713 1195 qnoque

171 1198 352 1231 εκαστου,
391 1185 552 1222 correxit
588 1185 736 1221 Bekker
768 1184 974 1221 ἕκαστον.
1025 1184 1171 1220 Vitiose
1205 1183 1234 1219 Ο
1274 1186 1312 1220 et
1340 1183 1508 1229 plerique
1549 1183 1648 1220 ἔστιν
1688 1182 1707 1220 ὁ

169 1233 239 1282 μὲν
274 1238 400 1288 χεῖρον
439 1230 458 1269 ὁ
498 1230 536 1269 δ’
576 1230 735 1279 ἄμεινόν
767 1229 804 1279 γ’
840 1231 950 1278 ἔργον
984 1228 1162 1277 ἑκάστου,
1200 1232 1297 1267 hanc
1335 1231 1535 1286 paradosin
1574 1233 1712 1289 Byzan-

167 1283 269 1319 tinus
308 1281 446 1328 aliquis
484 1281 666 1327 magister
703 1280 854 1316 refinxit
893 1279 971 1317 ἔστι
1013 1278 1055 1316 τὸ
1100 1279 1170 1336 μὲν
1211 1285 1337 1326 χεῖρον
1382 1278 1452 1326 (ita
1489 1280 1624 1326 bedeg)
1668 1278 1710 1316 τὸ

171 1327 208 1367 δ’
257 1330 325 1387 (ita
368 1329 469 1366 haud
513 1328 626 1365 dubie
668 1328 783 1365 iidem
827 1328 932 1373 libri,
971 1327 1141 1374 quamvis
1184 1328 1280 1363 nihil
1323 1327 1512 1364 notaverit
1550 1329 1709 1373 Bekker)

168 1375 327 1425 ἄμεινόν
358 1374 396 1424 γ’
435 1376 462 1413 5'.
497 1373 550 1413 ἐκ.
583 1377 899 1423 quemadmodum
931 1377 1045 1423 vulgo
1082 1375 1292 1422 legebatur.
1348 1376 1548 1412 Praeterea
1585 1376 1603 1411 f
1624 1378 1710 1432 χει-

169 1440 262 1472 ρων,
303 1438 328 1472 g
366 1430 518 1472 χεῖρων,
558 1435 654 1470 quae
691 1424 930 1460 librariorum
963 1426 1049 1460 sunt
1085 1424 1262 1470 pericula
1299 1445 1342 1450 -
1381 1423 1424 1459 V.
1465 1427 1545 1460 902.
1584 1420 1711 1470 αὐτὸς,

169 1471 297 1515 αἰστὸς
315 1475 360 1518 A,
378 1473 466 1509 hinc
490 1472 665 1509 Meineke
692 1469 790 1508 ,ξ”σθ
820 1468 862 1514 ὃς
888 1471 1123 1518 (Heimsoeth
1149 1469 1249 1508 ἐστιν
1291 1471 1461 1508 coniecit.
1491 1493 1533 1497 —-
1543 1469 1605 1508 V.
1627 1475 1707 1507 903.

169 1526 287 1559 --930
326 1521 474 1557 Bekker
507 1521 546 1556 in
585 1521 677 1557 duas
713 1520 865 1566 eclogas
897 1519 1095 1564 disiunxit,
1133 1532 1167 1556 v.
1200 1523 1256 1555 90:
1279 1523 1401 1555 —922
1435 1521 1473 1555 et
1507 1523 1622 1556 923—
1629 1523 1709 1564 930,

168 1582 279 1617 quem
304 1572 417 1605 antea
443 1569 593 1604 secutus
619 1581 719 1613 sum,
753 1571 856 1605 ratus
882 1567 1049 1604 eiusdem
1080 1569 1220 1622 poetae
1247 1567 1397 1614 eclogas
1429 1567 1614 1612 diversas,
1646 1569 1710 1604 sed

169 1618 338 1654 eiusdem
364 1617 595 1663 argumenti,
628 1618 671 1653 ut
696 1616 793 1653 solet
819 1616 995 1652 continuo
1022 1627 1061 1652 se
1092 1615 1293 1662 excepisse.
1347 1615 1500 1652 Veteres
1532 1616 1615 1653 edd.
1643 1616 1711 1651 has

169 1666 374 1720 particulas
401 1665 644 1711 coniungunt,
670 1664 774 1701 haud
798 1663 910 1699 dubie
937 1663 1119 1700 librorum
1148 1664 1213 1709 qui
1239 1662 1391 1709 quidem
1411 1663 1616 1700 sententias
1637 1663 1709 1700 sin-

168 1714 275 1761 gulas
302 1713 483 1749 dirimunt
509 1712 751 1757 auctoritate,
782 1712 823 1747 id
858 1712 959 1757 quod
990 1712 1036 1747 de
1061 1724 1087 1747 ιι
1111 1712 1275 1747 testatur
1309 1711 1472 1757 Ziegler;
1504 1711 1576 1748 hoc
1608 1711 1710 1757 quod

169 1762 282 1798 etiam
308 1762 505 1806 Hartungo
531 1759 677 1806 placuit
700 1771 799 1796 ιιιιιιο
832 1760 981 1795 secutus
1013 1771 1103 1796 sum.
1137 1759 1235 1795 Nam
1261 1771 1295 1796 v.
1323 1763 1445 1796 923-
1455 1763 1477 1795 4
1510 1759 1708 1796 manifesto

166 1809 382 1894 ζὲἒῖἓὲῖἲέ,
407 1809 669 1910 ῗὲξὲέῖἓῗὲῗω
677 1807 791 1902 (13ἑί
792 1807 930 1893 ἷῗῗθθῖὅ
934 1811 1029 1892 3ἓὲ
1058 1807 1329 1892 ffisssszzffffi.
1353 1807 1720 1898 ffssfflralffssffi‘}

167 1906 363 1960 appareat,
388 1905 482 1941 haec
508 1903 635 1941 omnia
659 1915 735 1940 non
760 1905 881 1940 solnm
907 1915 951 1940 ex
977 1903 1109 1940 eodem
1133 1906 1258 1950 poeta,
1279 1903 1344 1940 sed
1364 1902 1480 1940 etiam
1507 1915 1552 1939 ex
1577 1903 1707 1939 eodem

168 1952 334 1991 carmine
367 1953 594 2006 deprompta
625 1963 725 1997 esse,
756 1954 956 1998 potestque
989 1952 1110 1987 altera
1140 1963 1227 1998 pars
1261 1964 1294 1987 v.
1324 1955 1392 1988 923
1419 1962 1494 1997 seq.
1522 1951 1623 1987 haud
1654 1951 1708 1987 in-

167 2002 363 2038 commode
389 1999 508 2048 priori
532 1999 710 2037 continuo
737 2000 924 2046 subiungi,
951 1999 1123 2045 quamvis
1143 1998 1336 2036 breviator
1355 1999 1513 2035 fortasse
1535 2000 1606 2035 hoc
1625 1999 1707 2046 ipso

167 2050 252 2087 loco
278 2049 427 2085 dicendi
451 2049 679 2092 ubertatem,
712 2060 787 2094 qua
812 2048 873 2084 hic
907 2050 1020 2094 poeta
1050 2047 1188 2093 utitur,
1221 2047 1458 2093 aliquantum
1491 2047 1707 2084 coeicuerit.

168 2098 299 2144 Neque
326 2095 556 2143 Theognidis
582 2098 639 2132 est
664 2096 757 2132 haec
784 2096 925 2141 elegia,
952 2096 1018 2131 sed
1043 2095 1139 2132 alius
1163 2098 1316 2142 poetae,
1343 2095 1409 2141 qui
1434 2095 1586 2141 quidem
1611 2095 1706 2130 anti-

169 2145 252 2192 quis
278 2144 354 2181 illis
381 2145 421 2180 et
449 2144 680 2191 principibus
714 2143 904 2191 elegiacae
935 2144 1059 2190 poesis
1090 2155 1166 2180 non
1199 2145 1256 2180 est
1287 2123 1603 2197 aequiperandus,
1635 2142 1707 2179 for-

166 2195 266 2230 tasse
304 2204 379 2229 non
413 2193 468 2228 ita
501 2203 638 2239 magno
674 2192 855 2238 temporis
888 2190 1090 2228 intervallo
1125 2191 1307 2228 diremtus
1333 2203 1356 2227 a
1380 2190 1539 2227 noviciis
1573 2191 1707 2236 poetis,

168 2253 327 2288 quorum
364 2241 543 2286 poemata
576 2242 708 2276 auctor
738 2240 849 2275 huius
883 2240 1052 2285 syllogae
1084 2239 1308 2285 segregavit.
1358 2239 1493 2283 Elegia
1524 2238 1707 2293 inscripta

167 2293 224 2326 est
251 2288 411 2325 Demodi
435 2300 469 2325 v.
497 2291 579 2334 923,
604 2288 734 2345 itaque
759 2287 836 2323 iam
861 2289 1037 2332 1·‚etracto
1064 2287 1164 2332 quod
1191 2286 1281 2323 olim
1307 2285 1517 2332 suspicatus
1551 2298 1634 2322 sum
1666 2286 1706 2322 in

168 2336 323 2374 exordio
348 2349 383 2373 v.
411 2340 479 2372 903
506 2346 641 2371 nomen
675 2332 809 2381 Θήρων
842 2346 922 2371 esse
954 2315 1246 2380 restituendum,
1278 2337 1320 2370 ut
1351 2336 1464 2380 poeta
1496 2335 1707 2370 Theronem

168 2385 331 2422 amicum
369 2384 601 2429 alloquatur
636 2385 750 2429 atque
787 2383 843 2419 ita
877 2382 992 2419 etiam
1021 2381 1156 2427 Orelli,
1194 2383 1259 2419 sed
1290 2382 1391 2428 quod
1434 2383 1481 2418 ad
1527 2381 1707 2436 Agrigen-

166 2433 288 2470 tinum
325 2432 440 2468 refert
477 2432 704 2475 Theronem,
750 2431 899 2467 omnino
936 2411 1239 2476 improbandum3
1282 2429 1378 2466 nihil
1421 2430 1520 2466 enim
1563 2431 1603 2466 in
1647 2429 1706 2466 his

121 2490 125 2495 ⁴
169 2481 339 2518 versibus
358 2480 469 2523 inest,
482 2479 582 2525 quod
604 2479 799 2516 clarissimi
818 2478 998 2525 principis
1017 2489 1200 2523 personae
1220 2478 1434 2515 conveniat:
1454 2478 1558 2513 nullo
1579 2478 1705 2513 autem

168 2532 280 2575 pacto
307 2527 531 2574 Theognidi,
556 2527 621 2572 qui
647 2528 771 2563 aetate
797 2525 990 2562 Phalaridi
1017 2537 1156 2572 suppar
1179 2526 1262 2570 fuit,
1289 2538 1372 2561 cum
1392 2525 1430 2561 in
1452 2525 1581 2561 Sicilia
1606 2537 1704 2561 com-

167 2579 391 2617 moraretur,
418 2575 526 2611 licuit
544 2575 727 2611 Theronis
753 2573 1013 2610 familiaritate
1032 2578 1106 2618 utu
1126 2574 1172 2609 de
1192 2573 1422 2619 Theognidis
1442 2574 1566 2608 aetate
1585 2572 1706 2608 multo

169 2624 306 2661 rectius
331 2604 500 2659 indicant
524 2625 670 2659 veteres
695 2621 943 2676 grammatici,
970 2632 1081 2667 quam
1106 2622 1226 2657 nostri
1250 2621 1438 2657 homines·
1465 2631 1559 2666 quae
1580 2633 1613 2657 v.
1635 2624 1704 2656 ’766

168 2672 207 2708 et
233 2676 301 2708 775
328 2671 522 2715 leguntur,
548 2671 596 2706 ad
622 2669 793 2717 Harpagi
818 2669 1096 2715 expeditionem
1120 2669 1315 2705 referenda
1339 2671 1441 2711 sunt,
1468 2668 1531 2703 sed
1560 2668 1706 2704 dicetur

168 2720 262 2756 alias
281 2719 328 2755 de
346 2719 418 2755 hac
437 2729 488 2763 re,
502 2730 615 2764 quam
634 2729 703 2754 nec
723 2718 970 2759 Schoemann
990 2717 1055 2762 qui
1075 2716 1205 2762 attigit
1224 2718 1323 2752 hunc
1343 2716 1478 2759 ὶοοιιιιι,
1504 2715 1705 2762 expedivit.

168 2788 213 2794 —
232 2767 277 2803 V.
303 2770 383 2803 903.
408 2766 541 2811 θηρῶν
565 2766 668 2802 haud
693 2765 805 2801 dubie
831 2767 1058 2810 corruptum,
1079 2764 1313 2800 Camerarius
1331 2765 1466 2809 τηρῶν,
1487 2763 1706 2799 Heimsoeth

167 2812 527 2916 Qffffsfficssff
539 2810 725 2897 Ἇθέἒιῗζῑ
732 2793 1156 2904 ΐοηῧθεὲοέῗθῖἒῗέἐὲ
1171 2809 1703 2918 ἔιέθῗέξῖζέξῖἒῗὲ“ἒὲῗῗοξ

168 2911 214 2955 σ).
240 2909 380 2946 Notavi
394 2909 517 2945 nescio
531 2909 635 2945 cuius
649 2908 902 2944 coniecturam
922 2921 938 2944 ε
976 2921 1011 2954 μ.
1032 2921 1065 2952 γ.
1087 2908 1257 2943 κατιδεῖν
1277 2905 1382 2948 τέλος
1402 2900 1459 2951 ἦν,
1482 2904 1608 2955 βιότου
1628 2907 1704 2948 (vel

170 2958 310 3007 βιοτῆς)
336 2953 478 2993 ὁπόσου
498 2970 562 2998 τις.
585 2978 627 2983 -
648 2970 714 3000 τις,
740 2956 774 2990 Α
792 2969 837 2992 τι.
866 2976 906 2982 -
928 2956 972 2992 V.
993 2958 1074 2991 906
1099 2952 1247 3001 Ἀΐδαοι,
1273 2956 1306 2990 A
1331 2956 1467 2991 αϊδαω.
1495 2975 1539 2981 -
1564 2954 1700 3002 περᾶν,
