1890 3216
867 170 1132 207 HIPPONAX.
1685 171 1769 214 471

925 280 982 324 22
1012 279 1065 324 Α.
1338 286 1345 291 ’
1704 294 1773 326 759

323 359 562 419 Μακάριος
593 359 716 415 ὅστις
746 361 946 421 θηρεύει.
1237 382 1241 386 ’

929 496 988 540 22
1020 496 1069 541 Β.

319 579 482 622 Καίτοι
544 575 554 592 ’
620 576 643 591 ''
846 577 855 593 ’
894 577 904 592 ¹
997 581 1015 623 ἰ
1095 579 1105 595 ’
1280 578 1291 592 ’

512 595 540 635 γ
591 595 768 623 ευωνον
801 595 942 624 αυτον
974 596 994 624 ε
1044 583 1194 633 θελεις
1226 582 1368 625 δωσω.

892 713 960 757 23.
996 713 1102 767 [63.]

317 795 551 839 Μαδῶντα
583 793 639 852 δὴ
672 794 746 839 καὶ
779 794 967 854 σαπρόν.

878 928 948 971 24.
983 893 1119 981 [10⁰2]

309 1007 316 1014 ’
345 1014 491 1054 Pollux
509 1014 569 1054 IV
591 1017 693 1055 169:
725 1010 895 1067 Κύπρον
927 1011 970 1054 δὲ
1000 1010 1043 1054 τὸ
1075 1010 1176 1054 οὕτω
1202 1011 1448 1068 καλούμενον
1475 1014 1614 1069 μέτρον
1639 1014 1770 1071 ε’ὕροις

226 1075 278 1120 ἂν
315 1075 423 1132 παρὰ
455 1074 623 1135 Ἀλκαίῳ
664 1112 672 1122 .
704 1112 713 1120 .
748 1112 756 1120 .
795 1079 861 1121 καὶ
897 1075 1171 1133 ν’μίκυπρον
1207 1076 1307 1132 παρ’
1348 1076 1587 1123 Ἱππώνακτι
1625 1082 1668 1124 ἐν
1707 1086 1769 1141 τῷ

223 1142 388 1202 πρώτῳ
419 1148 499 1186 τῶν
525 1142 739 1200 Ἰάμβων.
789 1147 942 1187 Eadem
972 1146 1122 1197 repetit
1154 1146 1189 1185 X
1225 1148 1320 1186 113.

875 1274 945 1318 25.
979 1275 1115 1328 [103]

342 1364 488 1403 Pollux
520 1364 555 1402 X
583 1365 657 1404 99:
693 1358 774 1403 Τὸν
806 1359 849 1402 δὲ
880 1357 1126 1414 καλούμενον
1157 1358 1383 1414 χυτρόποδα
1409 1362 1487 1404 ἔστι
1512 1361 1584 1416 μὲν
1608 1362 1671 1404 καὶ
1699 1358 1766 1404 λα’-

225 1441 328 1469 σανα
357 1427 598 1481 κεκλημένον
628 1424 757 1480 εὑρεῖν
778 1460 787 1469 .
807 1459 815 1467 .
837 1459 847 1468 .
879 1426 923 1467 ἕν
948 1424 992 1467 δὲ
1016 1429 1068 1483 τῷ
1088 1423 1252 1484 πρώτῳ
1277 1430 1356 1469 τῶν
1374 1425 1642 1479 Ἱππώνακτος
1662 1426 1767 1483 Ἰάμ-

223 1495 310 1547 βων
341 1494 489 1548 εἴρηται
520 1490 860 1548 χυτροπόδων.
893 1489 1072 1548 (Renner
1103 1491 1410 1548 κυθροπόδιον.)

770 1746 807 1791 Β
825 1746 846 1791 Ι
865 1746 902 1791 Β
924 1749 958 1791 Δ
980 1747 1000 1792 I
1020 1747 1115 1792 ΟΝ
1166 1747 1216 1791 Β.

885 1848 956 1891 26.
991 1848 1096 1901 [54.]

308 1928 552 1988 Ἀκήρατον
585 1929 635 1974 δὲ
665 1928 750 1988 τὴν
782 1927 1004 1987 ἀπαρτίην
1036 1932 1137 1988 ἔχει.

316 2085 375 2121 Fr.
402 2089 447 2121 22
474 2085 506 2120 Α
532 2085 573 2120 Β.
625 2084 746 2121 Schol.
778 2084 900 2131 Heph.
933 2097 968 2130 p.
999 2087 1065 2120 156
1099 2084 1155 2120 ed.
1188 2088 1209 2120 2
1243 2082 1379 2121 Gaisf.:
1410 2081 1566 2130 Ὁμοίως
1598 2084 1664 2120 καὶ
1693 2082 1761 2131 τὴν
1790 2119 1798 2127 ,

219 2138 266 2170 ἷῦ
293 2129 517 2180 εὑρίσκομεν
542 2132 730 2169 ποιοῦσαν
756 2129 906 2178 κοινήν·
933 2131 1015 2168 οἷον
1042 2128 1082 2167 ἐν
1108 2132 1159 2180 τῷ
1185 2129 1341 2180 πρώτῳ
1369 2128 1516 2180 ἰάμβῳ
1537 2129 1761 2169 Ἱππώνα-

221 2195 325 2227 utos,
358 2179 458 2217 ἔνθα
494 2181 604 2226 φησί·
640 2177 884 2226 Μακάριος
921 2177 1045 2220 ὅστις
1074 2177 1291 2227 θηρεύει,
1322 2178 1390 2225 τὴν
1422 2184 1491 2226 (oe—v
1523 2177 1564 2216 ἐν
1596 2179 1760 2230 τετάρτῳ

219 2230 311 2266 ποδὶ
335 2226 554 2266 συνέστειλε.
584 2227 650 2264 καὶ
674 2226 788 2264 πάλιν
815 2225 835 2264 ὁ
862 2224 978 2269 αὐτὸς
1013 2225 1055 2264 ἐν
1087 2227 1253 2276 δευτέρῳ
1286 2227 1377 2263 ποδὶ
1407 2225 1478 2274 τὴν
1509 2231 1570 2264 ε-υ·
1608 2230 1762 2265 καίτοι

220 2274 257 2324 γ’
297 2273 353 2313 εὔ.
385 2278 462 2312 κτλ.
512 2275 670 2312 Videtur
702 2276 766 2312 hic
801 2287 949 2322 quoque
983 2287 1112 2312 versus
1150 2286 1196 2311 ex
1233 2275 1366 2312 eodem
1405 2275 1570 2312 carmine¹
1606 2276 1759 2323 petitus.

220 2325 497 2371 Hipponactem
523 2323 638 2360 etiam
658 2323 754 2360 alias
774 2323 1028 2370 diphthongos
1047 2323 1231 2369 corripere
1253 2323 1406 2360 solitum
1425 2335 1504 2360 esse
1523 2324 1625 2361 idem
1644 2325 1759 2361 schol.

219 2373 398 2410 testatur:
424 2369 527 2417 παρὰ
555 2368 592 2406 δ’
614 2368 842 2407 Ἱππώνακτι
868 2368 931 2407 ἐπὶ
955 2371 1021 2417 τῆς
1047 2374 1088 2407 &a
1113 2371 1178 2407 καὶ
1203 2374 1240 2407 ἃ
1265 2368 1483 2418 διφθόγγου
1510 2370 1626 2418 πολλή
1653 2369 1754 2408 ἐστιν

219 2419 242 2468 ἡ
269 2421 408 2468 χρῆσις.
440 2419 559 2459 >Male
584 2418 701 2454 Brink
725 2417 842 2466 θηρέ
850 2431 892 2456 ει
916 2419 1120 2455 substituit.

314 2493 374 2528 Fr.
408 2496 465 2528 23.
520 2489 687 2528 Erotian.
723 2495 790 2527 119
829 2490 906 2526 KL:
948 2488 1104 2536 Σαπρά·
1143 2487 1348 2537 σεσηπότα,
1388 2487 1438 2532 ὡς
1473 2490 1539 2526 καὶ
1571 2487 1759 2536 Ἱππῶναξ

223 2538 272 2578 ἐν
297 2537 334 2576 α’
357 2537 546 2586 Ἰαμβων
579 2539 642 2584 (Bz
668 2536 805 2587 ἰάμβῳ)
833 2539 941 2584 φησί·
975 2539 1207 2574 Μαδῶντα
1242 2536 1295 2584 δὴ
1329 2538 1405 2574 καὶ
1440 2535 1625 2584 σαπρόν.
1677 2539 1758 2576 Ste-

219 2590 366 2636 phanus
406 2588 446 2624 et
478 2586 785 2623 Hemsterhusius
821 2586 999 2632 μυδῶντα
1034 2586 1289 2632 coniecerunt,
1328 2597 1403 2631 qua
1439 2585 1648 2622 mutatione
1684 2599 1759 2623 non

221 2648 328 2684 opus,
353 2646 581 2682 quamquam
606 2633 678 2670 Dio
699 2634 783 2671 Chr.
803 2635 837 2670 V
858 2638 921 2670 27:
948 2630 1014 2669 τὸν
1041 2632 1083 2670 δὲ
1109 2630 1248 2679 νεκρὸν
1274 2630 1486 2680 εὑρεθῆναι
1511 2631 1657 2680 σαπρὸν
1682 2631 1758 2680 ἤδη

219 2684 286 2721 καὶ
309 2684 498 2731 μυδῶντα.

315 2756 374 2792 Fr.
401 2760 458 2792 26.
508 2755 642 2791 Pollux
668 2753 702 2788 X
729 2758 790 2791 18:
827 2750 1007 2799 Τοῦνομα
1039 2751 1081 2790 δὲ
1114 2750 1138 2799 ἡ
1171 2748 1339 2798 ἀπαρτία
1371 2749 1449 2788 ἐστὶ
1480 2752 1550 2799 μὲν
1578 2750 1757 2800 Ἰωνικόν,

220 2801 491 2851 ὠνομασμένον
518 2798 615 2838 οὕτω
641 2798 733 2848 παρ’
763 2799 893 2843 αὐτοῖς
922 2802 997 2837 τῶν
1023 2797 1179 2847 κούφων
1212 2801 1376 2845 σκευῶν,
1409 2797 1434 2836 ἅ
1461 2797 1539 2837 ἐστι
1564 2800 1756 2860 παραρτή-

219 2855 380 2889 σασθαι·
408 2848 581 2898 εὑρήσεις
606 2848 646 2886 δὲ
683 2847 724 2887 ἐν
757 2851 807 2898 τῷ
841 2847 1040 2898 δευτέρῳ
1071 2850 1145 2885 τῶν
1175 2845 1428 2890 Ἱππώνακτος
1453 2844 1631 2897 ’[άμβων·
1662 2862 1756 2895 aun-

220 2913 336 2945 ρατον
362 2901 436 2935 κτλ.
465 2920 507 2926 —-
534 2896 723 2944 ἄπαρτίην
749 2898 896 2944 scripsi,
929 2897 1043 2946 vulgo
1073 2894 1274 2943 ἆπαρτίαν.
1303 2916 1346 2923 -
1383 2894 1479 2944 ἔχει,
1511 2899 1554 2933 ut
1585 2894 1661 2945 εἶχε
1694 2897 1756 2935 vel

220 2948 316 2994 ἴσχει
341 2947 525 2984 scribatur
549 2958 624 2983 non
649 2947 707 2983 est
733 2957 835 2993 opus.
