<?xml version="1.0" encoding="UTF-8"?>
<!DOCTYPE html PUBLIC "-//W3C//DTD XHTML 1.0 Transitional//EN"
    "http://www.w3.org/TR/xhtml1/DTD/xhtml1-transitional.dtd">
<html xmlns="http://www.w3.org/1999/xhtml" xml:lang="en" lang="en">
 <head>
  <title>
</title>
<meta http-equiv="Content-Type" content="text/html;charset=utf-8" />
  <meta name='ocr-system' content='tesseract 3.04.00' />
  <meta name='ocr-capabilities' content='ocr_page ocr_carea ocr_par ocr_line ocrx_word'/>
</head>
<body>
  <div class='ocr_page' id='page_1' title='image "./poetaelyricigrae02berguoft_0272.png"; bbox 0 0 1890 3216; ppageno 0'>
   <div class='ocr_carea' id='block_1_1' title="bbox 513 673 1726 833">
    <p class='ocr_par' dir='ltr' id='par_1_1' title="bbox 513 673 1726 833">
     <span class='ocr_line' id='line_1_1' title="bbox 878 673 1726 721; baseline 0.006 -5"><span class='ocrx_word' id='word_1_1' title='bbox 878 673 1035 717; x_wconf 89' lang='lat' dir='ltr'>XXIV.</span> <span class='ocrx_word' id='word_1_2' title='bbox 1657 688 1726 721; x_wconf 76' lang='lat'><em>587</em></span> 
     </span>
     <span class='ocr_line' id='line_1_2' title="bbox 513 780 1411 833; baseline 0.006 -5"><span class='ocrx_word' id='word_1_3' title='bbox 513 780 964 831; x_wconf 78' lang='lat' dir='ltr'>DIONYSIUS</span> <span class='ocrx_word' id='word_1_4' title='bbox 1013 781 1411 833; x_wconf 76' lang='lat' dir='ltr'><strong>GHALOUS.</strong></span> 
     </span>
    </p>
   </div>
   <div class='ocr_carea' id='block_1_2' title="bbox 221 911 1466 1336">
    <p class='ocr_par' dir='ltr' id='par_1_2' title="bbox 221 911 1466 1336">
     <span class='ocr_line' id='line_1_3' title="bbox 943 911 978 952; baseline 0 0"><span class='ocrx_word' id='word_1_5' title='bbox 943 911 978 952; x_wconf 91' lang='lat'><em>1.</em></span> 
     </span>
     <span class='ocr_line' id='line_1_4' title="bbox 322 984 1311 1050; baseline 0.003 -17"><span class='ocrx_word' id='word_1_6' title='bbox 322 984 376 1033; x_wconf 65' lang='grc' dir='ltr'><em>Ὦ,</em></span> <span class='ocrx_word' id='word_1_7' title='bbox 407 990 613 1048; x_wconf 77' lang='grc' dir='ltr'><em>Θεόδωρε</em></span> <span class='ocrx_word' id='word_1_8' title='bbox 646 992 779 1048; x_wconf 85' lang='grc' dir='ltr'><em>δέχου</em></span> <span class='ocrx_word' id='word_1_9' title='bbox 810 991 944 1049; x_wconf 84' lang='grc' dir='ltr'><em>τήνδε</em></span> <span class='ocrx_word' id='word_1_10' title='bbox 975 993 1311 1050; x_wconf 75' lang='grc' dir='ltr'><em>προπινομένην</em></span> 
     </span>
     <span class='ocr_line' id='line_1_5' title="bbox 266 1059 1441 1146; baseline 0.003 -42"><span class='ocrx_word' id='word_1_11' title='bbox 266 1059 349 1117; x_wconf 84' lang='grc' dir='ltr'><em>τὴν</em></span> <span class='ocrx_word' id='word_1_12' title='bbox 381 1059 459 1105; x_wconf 75' lang='grc' dir='ltr'><em>ἀπ’</em></span> <span class='ocrx_word' id='word_1_13' title='bbox 496 1063 605 1146; x_wconf 81' lang='grc' dir='ltr'><em>ἐμοῦ</em></span> <span class='ocrx_word' id='word_1_14' title='bbox 636 1066 835 1119; x_wconf 80' lang='grc' dir='ltr'><em>ποίησιν·</em></span> <span class='ocrx_word' id='word_1_15' title='bbox 868 1062 953 1120; x_wconf 76' lang='grc' dir='ltr'><em>ἐγώ</em></span> <span class='ocrx_word' id='word_1_16' title='bbox 987 1062 1028 1107; x_wconf 83' lang='grc' dir='ltr'><em>δ’</em></span> <span class='ocrx_word' id='word_1_17' title='bbox 1065 1064 1259 1117; x_wconf 79' lang='grc' dir='ltr'><em>ἐπιδέξια</em></span> <span class='ocrx_word' id='word_1_18' title='bbox 1289 1062 1441 1121; x_wconf 84' lang='grc' dir='ltr'><em>πέμπω</em></span> 
     </span>
     <span class='ocr_line' id='line_1_6' title="bbox 328 1132 1311 1193; baseline 0.003 -17"><span class='ocrx_word' id='word_1_19' title='bbox 328 1133 399 1176; x_wconf 86' lang='grc' dir='ltr'><em>σοὶ</em></span> <span class='ocrx_word' id='word_1_20' title='bbox 431 1132 590 1193; x_wconf 76' lang='grc' dir='ltr'><em>πρώτῳ</em></span> <span class='ocrx_word' id='word_1_21' title='bbox 623 1138 817 1191; x_wconf 86' lang='grc' dir='ltr'><em>χαρίτων</em></span> <span class='ocrx_word' id='word_1_22' title='bbox 850 1134 1088 1192; x_wconf 77' lang='grc' dir='ltr'><em>ἐγκεράσας</em></span> <span class='ocrx_word' id='word_1_23' title='bbox 1119 1134 1311 1193; x_wconf 77' lang='grc' dir='ltr'><em>χάριτας.</em></span> 
     </span>
     <span class='ocr_line' id='line_1_7' title="bbox 268 1191 1466 1265; baseline 0.004 -18"><span class='ocrx_word' id='word_1_24' title='bbox 268 1204 342 1247; x_wconf 86' lang='grc' dir='ltr'><em>καὶ</em></span> <span class='ocrx_word' id='word_1_25' title='bbox 374 1203 429 1248; x_wconf 90' lang='grc' dir='ltr'><em>σὺ</em></span> <span class='ocrx_word' id='word_1_26' title='bbox 462 1203 614 1261; x_wconf 78' lang='grc' dir='ltr'><em>λαβὼν</em></span> <span class='ocrx_word' id='word_1_27' title='bbox 646 1203 749 1249; x_wconf 87' lang='grc' dir='ltr'><em>τόδε</em></span> <span class='ocrx_word' id='word_1_28' title='bbox 781 1208 931 1264; x_wconf 77' lang='grc' dir='ltr'><em>δῶρον</em></span> <span class='ocrx_word' id='word_1_29' title='bbox 963 1204 1120 1258; x_wconf 74' lang='grc' dir='ltr'><em>ἀοιδὰς</em></span> <span class='ocrx_word' id='word_1_30' title='bbox 1152 1191 1466 1265; x_wconf 77' lang='grc' dir='ltr'><em>ἀντιπρόπιθι,</em></span> 
     </span>
     <span class='ocr_line' id='line_1_8' title="bbox 221 1276 1407 1336; baseline 0.003 -17"><span class='ocrx_word' id='word_1_31' title='bbox 221 1289 241 1319; x_wconf 85' lang='grc'>5</span> <span class='ocrx_word' id='word_1_32' title='bbox 328 1276 578 1333; x_wconf 88' lang='grc' dir='ltr'><em>συμπόσιον</em></span> <span class='ocrx_word' id='word_1_33' title='bbox 609 1279 789 1333; x_wconf 80' lang='grc' dir='ltr'><em>κοσμῶν</em></span> <span class='ocrx_word' id='word_1_34' title='bbox 820 1277 894 1321; x_wconf 85' lang='grc' dir='ltr'><em>καὶ</em></span> <span class='ocrx_word' id='word_1_35' title='bbox 925 1276 974 1321; x_wconf 88' lang='grc' dir='ltr'><em>τὸ</em></span> <span class='ocrx_word' id='word_1_36' title='bbox 1009 1277 1093 1322; x_wconf 89' lang='grc' dir='ltr'><em>σὸν</em></span> <span class='ocrx_word' id='word_1_37' title='bbox 1123 1280 1173 1322; x_wconf 88' lang='grc' dir='ltr'><em>εὐ</em></span> <span class='ocrx_word' id='word_1_38' title='bbox 1205 1279 1407 1336; x_wconf 79' lang='grc' dir='ltr'><em>θέμενος.</em></span> 
     </span>
    </p>
   </div>
   <div class='ocr_carea' id='block_1_3' title="bbox 267 1477 1454 1681">
    <p class='ocr_par' dir='ltr' id='par_1_3' title="bbox 267 1477 1444 1681">
     <span class='ocr_line' id='line_1_9' title="bbox 325 1477 1330 1538; baseline 0.003 -16"><span class='ocrx_word' id='word_1_39' title='bbox 325 1477 548 1535; x_wconf 78' lang='grc' dir='ltr'><em>Ἀγγελίας</em></span> <span class='ocrx_word' id='word_1_40' title='bbox 579 1478 755 1537; x_wconf 73' lang='grc' dir='ltr'><em>ἀγαθῆς</em></span> <span class='ocrx_word' id='word_1_41' title='bbox 788 1478 911 1537; x_wconf 80' lang='grc' dir='ltr'><em>δεῦρ’</em></span> <span class='ocrx_word' id='word_1_42' title='bbox 949 1485 1010 1524; x_wconf 82' lang='grc' dir='ltr'><em>ἴτε</em></span> <span class='ocrx_word' id='word_1_43' title='bbox 1043 1480 1330 1538; x_wconf 72' lang='grc' dir='ltr'><em>πευσόμενοι,</em></span> 
     </span>
     <span class='ocr_line' id='line_1_10' title="bbox 267 1544 1409 1607; baseline 0.003 -13"><span class='ocrx_word' id='word_1_44' title='bbox 267 1544 353 1594; x_wconf 36' lang='grc' dir='ltr'><em>καὶ-</em></span> <span class='ocrx_word' id='word_1_45' title='bbox 372 1554 566 1595; x_wconf 80' lang='grc' dir='ltr'><em>κυλίκων</em></span> <span class='ocrx_word' id='word_1_46' title='bbox 599 1554 748 1607; x_wconf 81' lang='grc' dir='ltr'><em>ἔριδας</em></span> <span class='ocrx_word' id='word_1_47' title='bbox 781 1550 1018 1596; x_wconf 83' lang='grc' dir='ltr'><em>διαλύσατε</em></span> <span class='ocrx_word' id='word_1_48' title='bbox 1049 1544 1123 1596; x_wconf 85' lang='grc' dir='ltr'><em>καὶ</em></span> <span class='ocrx_word' id='word_1_49' title='bbox 1154 1552 1409 1598; x_wconf 78' lang='grc' dir='ltr'><em>κατάθεσθε</em></span> 
     </span>
     <span class='ocr_line' id='line_1_11' title="bbox 327 1621 1454 1681; baseline 0.003 -15"><span class='ocrx_word' id='word_1_50' title='bbox 327 1621 410 1679; x_wconf 82' lang='grc' dir='ltr'><em>τὴν</em></span> <span class='ocrx_word' id='word_1_51' title='bbox 443 1622 621 1676; x_wconf 82' lang='grc' dir='ltr'><em>ξύνεσιν</em></span> <span class='ocrx_word' id='word_1_52' title='bbox 654 1621 756 1680; x_wconf 85' lang='grc' dir='ltr'><em>παρ’</em></span> <span class='ocrx_word' id='word_1_53' title='bbox 794 1624 913 1680; x_wconf 77' lang='grc' dir='ltr'><em>ἐμοί,</em></span> <span class='ocrx_word' id='word_1_54' title='bbox 946 1623 1020 1667; x_wconf 87' lang='grc' dir='ltr'><em>καὶ</em></span> <span class='ocrx_word' id='word_1_55' title='bbox 1050 1622 1157 1668; x_wconf 75' lang='grc' dir='ltr'><em>τάδε</em></span> <span class='ocrx_word' id='word_1_56' title='bbox 1188 1624 1454 1681; x_wconf 80' lang='grc' dir='ltr'><em>μανθάνετε.</em></span> 
     </span>
    </p>
   </div>
   <div class='ocr_carea' id='block_1_4' title="bbox 197 1753 1731 2940">
    <p class='ocr_par' dir='ltr' id='par_1_4' title="bbox 197 1753 1731 2647">
     <span class='ocr_line' id='line_1_12' title="bbox 293 1753 1728 1814; baseline 0.003 -26"><span class='ocrx_word' id='word_1_57' title='bbox 293 1753 556 1798; x_wconf 78' lang='lat' dir='ltr'><strong>Dionysius.</strong></span> <span class='ocrx_word' id='word_1_58' title='bbox 607 1753 662 1790; x_wconf 88' lang='lat' dir='ltr'>De</span> <span class='ocrx_word' id='word_1_59' title='bbox 688 1754 746 1789; x_wconf 76' lang='lat' dir='ltr'><em>his</em></span> <span class='ocrx_word' id='word_1_60' title='bbox 766 1754 971 1800; x_wconf 73' lang='lat' dir='ltr'>elegiaxum</span> <span class='ocrx_word' id='word_1_61' title='bbox 990 1754 1160 1800; x_wconf 83' lang='lat' dir='ltr'>reliquiis</span> <span class='ocrx_word' id='word_1_62' title='bbox 1179 1755 1386 1801; x_wconf 68' lang='lat' dir='ltr'>disputavit</span> <span class='ocrx_word' id='word_1_63' title='bbox 1407 1755 1533 1792; x_wconf 84' lang='lat' dir='ltr'><strong>Osann</strong></span> <span class='ocrx_word' id='word_1_64' title='bbox 1554 1757 1728 1814; x_wconf 71' lang='lat' dir='ltr'>Beitr‘age</span> 
     </span>
     <span class='ocr_line' id='line_1_13' title="bbox 197 1800 1728 1858; baseline 0.002 -21"><span class='ocrx_word' id='word_1_65' title='bbox 197 1813 260 1837; x_wconf 88' lang='lat' dir='ltr'><em>zur</em></span> <span class='ocrx_word' id='word_1_66' title='bbox 291 1800 496 1836; x_wconf 71' lang='lat' dir='ltr'>Litteratur</span> <span class='ocrx_word' id='word_1_67' title='bbox 527 1802 542 1836; x_wconf 97' lang='lat' dir='ltr'>I</span> <span class='ocrx_word' id='word_1_68' title='bbox 570 1806 613 1837; x_wconf 82' lang='lat'>76</span> <span class='ocrx_word' id='word_1_69' title='bbox 646 1813 746 1858; x_wconf 82' lang='lat' dir='ltr'><strong>seqq.</strong></span> <span class='ocrx_word' id='word_1_70' title='bbox 776 1822 818 1827; x_wconf 84' lang='lat'><em>——</em></span> <span class='ocrx_word' id='word_1_71' title='bbox 851 1801 909 1836; x_wconf 84' lang='lat' dir='ltr'><strong>F.1·</strong></span> <span class='ocrx_word' id='word_1_72' title='bbox 939 1806 969 1837; x_wconf 90' lang='lat'><em>1.</em></span> <span class='ocrx_word' id='word_1_73' title='bbox 996 1801 1130 1838; x_wconf 75' lang='lat' dir='ltr'>Athen</span> <span class='ocrx_word' id='word_1_74' title='bbox 1157 1802 1225 1838; x_wconf 89' lang='lat' dir='ltr'><em>XV</em></span> <span class='ocrx_word' id='word_1_75' title='bbox 1259 1807 1326 1839; x_wconf 85' lang='lat'><em>669</em></span> <span class='ocrx_word' id='word_1_76' title='bbox 1358 1804 1408 1838; x_wconf 91' lang='lat' dir='ltr'><em>D.</em></span> <span class='ocrx_word' id='word_1_77' title='bbox 1442 1804 1518 1839; x_wconf 83' lang='grc' dir='ltr'><em>Καὶ</em></span> <span class='ocrx_word' id='word_1_78' title='bbox 1548 1801 1568 1839; x_wconf 85' lang='grc' dir='ltr'><strong>ὁ</strong></span> <span class='ocrx_word' id='word_1_79' title='bbox 1602 1802 1728 1851; x_wconf 87' lang='grc' dir='ltr'><em>Δημό-</em></span> 
     </span>
     <span class='ocr_line' id='line_1_14' title="bbox 198 1844 1728 1931; baseline 0.003 -47"><span class='ocrx_word' id='word_1_80' title='bbox 198 1862 334 1908; x_wconf 83' lang='grc' dir='ltr'><em>κριτος,</em></span> <span class='ocrx_word' id='word_1_81' title='bbox 350 1844 440 1884; x_wconf 71' lang='grc' dir='ltr'><em>Ἀλλ’</em></span> <span class='ocrx_word' id='word_1_82' title='bbox 468 1850 531 1884; x_wconf 80' lang='grc' dir='ltr'><em>ἵνα</em></span> <span class='ocrx_word' id='word_1_83' title='bbox 556 1845 673 1894; x_wconf 76' lang='grc' dir='ltr'><em>καγώ,</em></span> <span class='ocrx_word' id='word_1_84' title='bbox 700 1850 804 1894; x_wconf 85' lang='grc' dir='ltr'><em>φησί,</em></span> <span class='ocrx_word' id='word_1_85' title='bbox 831 1846 1076 1931; x_wconf 80' lang='grc' dir='ltr'><em>μνημονεύσω</em></span> <span class='ocrx_word' id='word_1_86' title='bbox 1103 1849 1189 1885; x_wconf 81' lang='grc' dir='ltr'><em>τῶν</em></span> <span class='ocrx_word' id='word_1_87' title='bbox 1214 1851 1292 1886; x_wconf 85' lang='grc' dir='ltr'><em>τοῦ</em></span> <span class='ocrx_word' id='word_1_88' title='bbox 1320 1851 1502 1887; x_wconf 79' lang='grc' dir='ltr'><em>Χαλκοῦ</em></span> <span class='ocrx_word' id='word_1_89' title='bbox 1534 1853 1728 1898; x_wconf 84' lang='grc' dir='ltr'><em>ποιητοῦ</em></span> 
     </span>
     <span class='ocr_line' id='line_1_15' title="bbox 197 1893 1726 1957; baseline 0.003 -25"><span class='ocrx_word' id='word_1_90' title='bbox 197 1896 274 1932; x_wconf 82' lang='grc' dir='ltr'><em>καὶ</em></span> <span class='ocrx_word' id='word_1_91' title='bbox 301 1893 492 1954; x_wconf 73' lang='grc' dir='ltr'><em>ὁήτρρος</em></span> <span class='ocrx_word' id='word_1_92' title='bbox 518 1898 786 1942; x_wconf 81' lang='grc' dir='ltr'><em>Διονυσιου,</em></span> <span class='ocrx_word' id='word_1_93' title='bbox 809 1926 815 1933; x_wconf 95' lang='grc'><em>.</em></span> <span class='ocrx_word' id='word_1_94' title='bbox 868 1894 992 1940; x_wconf 83' lang='grc' dir='ltr'><em>,λέξω</em></span> <span class='ocrx_word' id='word_1_95' title='bbox 1019 1910 1054 1932; x_wconf 89' lang='grc' dir='ltr'><em>τι</em></span> <span class='ocrx_word' id='word_1_96' title='bbox 1079 1898 1143 1933; x_wconf 84' lang='grc' dir='ltr'><em>καὶ</em></span> <span class='ocrx_word' id='word_1_97' title='bbox 1169 1894 1284 1939; x_wconf 80' lang='grc' dir='ltr'><em>αὐτὸς</em></span> <span class='ocrx_word' id='word_1_98' title='bbox 1310 1895 1360 1934; x_wconf 80' lang='grc' dir='ltr'><em>ἐκ</em></span> <span class='ocrx_word' id='word_1_99' title='bbox 1386 1899 1471 1934; x_wconf 81' lang='grc' dir='ltr'><em>τῶν</em></span> <span class='ocrx_word' id='word_1_100' title='bbox 1498 1896 1726 1957; x_wconf 79' lang='grc' dir='ltr'><em>ἐλεγείων.</em></span> 
     </span>
     <span class='ocr_line' id='line_1_16' title="bbox 199 1941 1728 2002; baseline 0.003 -23"><span class='ocrx_word' id='word_1_101' title='bbox 199 1942 243 1979; x_wconf 82' lang='grc' dir='ltr'><em>σὺ</em></span> <span class='ocrx_word' id='word_1_102' title='bbox 278 1942 337 1989; x_wconf 82' lang='grc' dir='ltr'><em>δέ,</em></span> <span class='ocrx_word' id='word_1_103' title='bbox 373 1943 400 1978; x_wconf 84' lang='grc' dir='ltr'><em>ὠ</em></span> <span class='ocrx_word' id='word_1_104' title='bbox 435 1941 665 1990; x_wconf 87' lang='grc' dir='ltr'><em>Θεόδωρε,</em></span> <span class='ocrx_word' id='word_1_105' title='bbox 703 1945 813 1980; x_wconf 90' lang='grc' dir='ltr'><em>τοῦτο</em></span> <span class='ocrx_word' id='word_1_106' title='bbox 852 1941 923 1990; x_wconf 77' lang='grc' dir='ltr'><em>γάρ</em></span> <span class='ocrx_word' id='word_1_107' title='bbox 955 1956 1022 1980; x_wconf 90' lang='grc' dir='ltr'><em>σου</em></span> <span class='ocrx_word' id='word_1_108' title='bbox 1057 1942 1099 1980; x_wconf 85' lang='grc' dir='ltr'><em>τὸ</em></span> <span class='ocrx_word' id='word_1_109' title='bbox 1135 1942 1266 2002; x_wconf 81' lang='grc' dir='ltr'><em>κύριον</em></span> <span class='ocrx_word' id='word_1_110' title='bbox 1301 1942 1441 1991; x_wconf 76' lang='grc' dir='ltr'><em>ὄνομα,</em></span> <span class='ocrx_word' id='word_1_111' title='bbox 1480 1945 1614 1992; x_wconf 84' lang='grc' dir='ltr'><em>δέχου</em></span> <span class='ocrx_word' id='word_1_112' title='bbox 1652 1951 1728 1984; x_wconf 85' lang='grc' dir='ltr'><em>κτλ.</em></span> 
     </span>
     <span class='ocr_line' id='line_1_17' title="bbox 198 1959 1731 2039; baseline 0.002 -11"><span class='ocrx_word' id='word_1_113' title='bbox 198 1992 304 2030; x_wconf 74' lang='lat' dir='ltr'><em>Vidit</em></span> <span class='ocrx_word' id='word_1_114' title='bbox 329 1959 673 2037; x_wconf 80' lang='lat' dir='ltr'>Schweighaeuser</span> <span class='ocrx_word' id='word_1_115' title='bbox 710 1992 825 2028; x_wconf 72' lang='lat' dir='ltr'>etiam</span> <span class='ocrx_word' id='word_1_116' title='bbox 863 1993 979 2027; x_wconf 83' lang='lat' dir='ltr'>verba</span> <span class='ocrx_word' id='word_1_117' title='bbox 1017 2005 1044 2027; x_wconf 89' lang='grc' dir='ltr'><em>ω</em></span> <span class='ocrx_word' id='word_1_118' title='bbox 1086 1990 1261 2038; x_wconf 82' lang='grc' dir='ltr'><em>Θεόδωρε</em></span> <span class='ocrx_word' id='word_1_119' title='bbox 1301 1993 1472 2039; x_wconf 78' lang='lat' dir='ltr'>Dionysii</span> <span class='ocrx_word' id='word_1_120' title='bbox 1510 2005 1601 2031; x_wconf 81' lang='lat' dir='ltr'>esse.</span> <span class='ocrx_word' id='word_1_121' title='bbox 1661 1995 1731 2031; x_wconf 73' lang='lat' dir='ltr'><em>Est</em></span> 
     </span>
     <span class='ocr_line' id='line_1_18' title="bbox 198 2039 1730 2085; baseline 0.003 -11"><span class='ocrx_word' id='word_1_122' title='bbox 198 2041 323 2075; x_wconf 72' lang='lat' dir='ltr'>autem</span> <span class='ocrx_word' id='word_1_123' title='bbox 347 2039 418 2075; x_wconf 88' lang='lat' dir='ltr'><em>hoc</em></span> <span class='ocrx_word' id='word_1_124' title='bbox 445 2051 519 2075; x_wconf 91' lang='lat' dir='ltr'><em>non</em></span> <span class='ocrx_word' id='word_1_125' title='bbox 544 2040 664 2075; x_wconf 81' lang='lat' dir='ltr'>solum</span> <span class='ocrx_word' id='word_1_126' title='bbox 691 2039 882 2075; x_wconf 81' lang='lat' dir='ltr'>exordium</span> <span class='ocrx_word' id='word_1_127' title='bbox 908 2039 1051 2085; x_wconf 83' lang='lat' dir='ltr'>elegiae</span> <span class='ocrx_word' id='word_1_128' title='bbox 1077 2042 1327 2085; x_wconf 69' lang='lat' dir='ltr'>(pentametro</span> <span class='ocrx_word' id='word_1_129' title='bbox 1359 2042 1458 2077; x_wconf 89' lang='lat' dir='ltr'>enim</span> <span class='ocrx_word' id='word_1_130' title='bbox 1491 2052 1639 2078; x_wconf 80' lang='lat' dir='ltr'>exorsus</span> <span class='ocrx_word' id='word_1_131' title='bbox 1672 2044 1730 2079; x_wconf 76' lang='lat' dir='ltr'>est</span> 
     </span>
     <span class='ocr_line' id='line_1_19' title="bbox 197 2087 1731 2145; baseline 0.003 -23"><span class='ocrx_word' id='word_1_132' title='bbox 197 2087 397 2131; x_wconf 82' lang='lat' dir='ltr'>Dionysius</span> <span class='ocrx_word' id='word_1_133' title='bbox 424 2087 577 2145; x_wconf 79' lang='lat' dir='ltr'><em>elegias,</em></span> <span class='ocrx_word' id='word_1_134' title='bbox 604 2088 667 2145; x_wconf 90' lang='lat' dir='ltr'><em>qui</em></span> <span class='ocrx_word' id='word_1_135' title='bbox 693 2088 813 2123; x_wconf 77' lang='lat' dir='ltr'><strong>multa</strong></span> <span class='ocrx_word' id='word_1_136' title='bbox 837 2087 1002 2143; x_wconf 70' lang='lat' dir='ltr'>novavit,</span> <span class='ocrx_word' id='word_1_137' title='bbox 1022 2087 1094 2123; x_wconf 86' lang='lat' dir='ltr'><strong>vid.</strong></span> <span class='ocrx_word' id='word_1_138' title='bbox 1115 2088 1249 2124; x_wconf 74' lang='lat' dir='ltr'>Athen</span> <span class='ocrx_word' id='word_1_139' title='bbox 1269 2088 1356 2124; x_wconf 90' lang='lat' dir='ltr'>XIII</span> <span class='ocrx_word' id='word_1_140' title='bbox 1382 2093 1450 2124; x_wconf 89' lang='grc'>602</span> <span class='ocrx_word' id='word_1_141' title='bbox 1473 2088 1514 2125; x_wconf 88' lang='lat' dir='ltr'><em>C:</em></span> <span class='ocrx_word' id='word_1_142' title='bbox 1542 2087 1731 2134; x_wconf 77' lang='grc' dir='ltr'><em>προτάξας</em></span> 
     </span>
     <span class='ocr_line' id='line_1_20' title="bbox 198 2132 1728 2196; baseline 0.002 -26"><span class='ocrx_word' id='word_1_143' title='bbox 198 2132 415 2191; x_wconf 83' lang='grc' dir='ltr'><em>(Ἀπόλλων)</em></span> <span class='ocrx_word' id='word_1_144' title='bbox 431 2135 497 2170; x_wconf 88' lang='grc' dir='ltr'><em>τοῦ</em></span> <span class='ocrx_word' id='word_1_145' title='bbox 525 2132 728 2181; x_wconf 73' lang='grc' dir='ltr'><em>ἑξαμέτρου</em></span> <span class='ocrx_word' id='word_1_146' title='bbox 764 2133 805 2170; x_wconf 88' lang='grc' dir='ltr'><em>τὸ</em></span> <span class='ocrx_word' id='word_1_147' title='bbox 831 2132 1114 2194; x_wconf 82' lang='grc' dir='ltr'><em>πεντάμετρον,</em></span> <span class='ocrx_word' id='word_1_148' title='bbox 1144 2132 1323 2180; x_wconf 84' lang='grc' dir='ltr'><em>καθαπερ</em></span> <span class='ocrx_word' id='word_1_149' title='bbox 1349 2132 1513 2196; x_wconf 70' lang='grc' dir='ltr'><em>ὕστερον</em></span> <span class='ocrx_word' id='word_1_150' title='bbox 1545 2137 1610 2173; x_wconf 84' lang='grc' dir='ltr'><em>καὶ</em></span> <span class='ocrx_word' id='word_1_151' title='bbox 1639 2142 1728 2173; x_wconf 88' lang='grc' dir='ltr'><em>Λιο-</em></span> 
     </span>
     <span class='ocr_line' id='line_1_21' title="bbox 198 2179 1729 2237; baseline 0.002 -19"><span class='ocrx_word' id='word_1_152' title='bbox 198 2181 326 2223; x_wconf 87' lang='grc' dir='ltr'><em>νύσιος</em></span> <span class='ocrx_word' id='word_1_153' title='bbox 361 2179 380 2217; x_wconf 86' lang='grc' dir='ltr'>ὁ</span> <span class='ocrx_word' id='word_1_154' title='bbox 405 2179 600 2235; x_wconf 77' lang='grc' dir='ltr'><em>Ἀθηναῖος</em></span> <span class='ocrx_word' id='word_1_155' title='bbox 636 2180 786 2228; x_wconf 77' lang='grc' dir='ltr'><em>ἐποίησε</em></span> <span class='ocrx_word' id='word_1_156' title='bbox 824 2179 866 2221; x_wconf 86' lang='grc' dir='ltr'><em>ὃ.</em></span> <span class='ocrx_word' id='word_1_157' title='bbox 883 2179 1101 2228; x_wconf 76' lang='grc' dir='ltr'><em>ἐπικληθεὶς</em></span> <span class='ocrx_word' id='word_1_158' title='bbox 1135 2184 1308 2224; x_wconf 78' lang='grc' dir='ltr'><em>Χαλκοῦς</em></span> <span class='ocrx_word' id='word_1_159' title='bbox 1342 2181 1383 2219; x_wconf 82' lang='grc' dir='ltr'><em>ἐν</em></span> <span class='ocrx_word' id='word_1_160' title='bbox 1415 2189 1492 2225; x_wconf 83' lang='grc' dir='ltr'><em>τοῖς</em></span> <span class='ocrx_word' id='word_1_161' title='bbox 1525 2181 1729 2237; x_wconf 77' lang='grc' dir='ltr'><em>ἐλεγείοις),</em></span> 
     </span>
     <span class='ocr_line' id='line_1_22' title="bbox 199 2229 1727 2280; baseline 0.001 -14"><span class='ocrx_word' id='word_1_162' title='bbox 199 2231 263 2266; x_wconf 80' lang='lat' dir='ltr'>sed</span> <span class='ocrx_word' id='word_1_163' title='bbox 291 2230 406 2266; x_wconf 77' lang='lat' dir='ltr'>etiam</span> <span class='ocrx_word' id='word_1_164' title='bbox 431 2229 553 2275; x_wconf 86' lang='lat' dir='ltr'>prima</span> <span class='ocrx_word' id='word_1_165' title='bbox 578 2231 672 2266; x_wconf 80' lang='lat' dir='ltr'>haec</span> <span class='ocrx_word' id='word_1_166' title='bbox 696 2230 809 2266; x_wconf 78' lang='lat' dir='ltr'>fuisse</span> <span class='ocrx_word' id='word_1_167' title='bbox 841 2230 987 2266; x_wconf 60' lang='lat' dir='ltr'>videssur</span> <span class='ocrx_word' id='word_1_168' title='bbox 1012 2230 1151 2276; x_wconf 82' lang='lat' dir='ltr'>elegia,</span> <span class='ocrx_word' id='word_1_169' title='bbox 1183 2231 1282 2275; x_wconf 89' lang='lat' dir='ltr'><strong>quod</strong></span> <span class='ocrx_word' id='word_1_170' title='bbox 1307 2242 1341 2267; x_wconf 84' lang='lat' dir='ltr'><em>v.</em></span> <span class='ocrx_word' id='word_1_171' title='bbox 1368 2236 1388 2267; x_wconf 90' lang='lat'><strong>3</strong></span> <span class='ocrx_word' id='word_1_172' title='bbox 1415 2230 1547 2280; x_wconf 81' lang='grc' dir='ltr'><em>πρώτῳ</em></span> <span class='ocrx_word' id='word_1_173' title='bbox 1573 2231 1727 2269; x_wconf 77' lang='lat' dir='ltr'><strong>indicat.</strong></span> 
     </span>
     <span class='ocr_line' id='line_1_23' title="bbox 201 2269 1727 2336; baseline 0.001 -23"><span class='ocrx_word' id='word_1_174' title='bbox 201 2299 243 2303; x_wconf 81' lang='lat'>—</span> <span class='ocrx_word' id='word_1_175' title='bbox 271 2278 313 2313; x_wconf 91' lang='lat' dir='ltr'><em>V.</em></span> <span class='ocrx_word' id='word_1_176' title='bbox 341 2282 373 2312; x_wconf 88' lang='lat'><em>3.</em></span> <span class='ocrx_word' id='word_1_177' title='bbox 401 2276 552 2313; x_wconf 84' lang='lat' dir='ltr'>Conieci</span> <span class='ocrx_word' id='word_1_178' title='bbox 578 2278 635 2313; x_wconf 91' lang='grc' dir='ltr'><em>σοὶ</em></span> <span class='ocrx_word' id='word_1_179' title='bbox 660 2290 805 2335; x_wconf 82' lang='grc' dir='ltr'><em>πρῳτῳ,</em></span> <span class='ocrx_word' id='word_1_180' title='bbox 831 2279 1042 2324; x_wconf 80' lang='grc' dir='ltr'><em>Χαρίτων</em></span> <span class='ocrx_word' id='word_1_181' title='bbox 1076 2276 1282 2336; x_wconf 80' lang='grc' dir='ltr'><em>ἐγκεράσας</em></span> <span class='ocrx_word' id='word_1_182' title='bbox 1307 2278 1522 2334; x_wconf 81' lang='grc' dir='ltr'><em>κέραμον</em></span> <span class='ocrx_word' id='word_1_183' title='bbox 1525 2269 1594 2316; x_wconf 83' lang='lat' dir='ltr'>vel</span> <span class='ocrx_word' id='word_1_184' title='bbox 1620 2277 1727 2325; x_wconf 80' lang='grc' dir='ltr'><em>φιά-</em></span> 
     </span>
     <span class='ocr_line' id='line_1_24' title="bbox 198 2323 1730 2384; baseline 0.001 -23"><span class='ocrx_word' id='word_1_185' title='bbox 198 2330 297 2384; x_wconf 90' lang='grc' dir='ltr'><em>λην,</em></span> <span class='ocrx_word' id='word_1_186' title='bbox 324 2324 414 2360; x_wconf 89' lang='lat' dir='ltr'>olim</span> <span class='ocrx_word' id='word_1_187' title='bbox 441 2325 652 2360; x_wconf 74' lang='lat' dir='ltr'>existimavi</span> <span class='ocrx_word' id='word_1_188' title='bbox 678 2323 831 2371; x_wconf 82' lang='grc' dir='ltr'><em>χάριτας</em></span> <span class='ocrx_word' id='word_1_189' title='bbox 856 2326 1017 2371; x_wconf 83' lang='grc' dir='ltr'><em>χαρίτων</em></span> <span class='ocrx_word' id='word_1_190' title='bbox 1042 2327 1085 2361; x_wconf 74' lang='lat' dir='ltr'><em>ub</em></span> <span class='ocrx_word' id='word_1_191' title='bbox 1108 2339 1154 2361; x_wconf 88' lang='grc' dir='ltr'><em>τα</em></span> <span class='ocrx_word' id='word_1_192' title='bbox 1186 2324 1283 2361; x_wconf 78' lang='grc' dir='ltr'><em>καλὰ</em></span> <span class='ocrx_word' id='word_1_193' title='bbox 1316 2327 1390 2362; x_wconf 83' lang='grc' dir='ltr'><em>τῶν</em></span> <span class='ocrx_word' id='word_1_194' title='bbox 1421 2327 1564 2372; x_wconf 85' lang='grc' dir='ltr'><em>καλων,</em></span> <span class='ocrx_word' id='word_1_195' title='bbox 1597 2325 1730 2373; x_wconf 83' lang='grc' dir='ltr'><em>εχθροὶ</em></span> 
     </span>
     <span class='ocr_line' id='line_1_25' title="bbox 200 2370 1728 2432; baseline 0.002 -24"><span class='ocrx_word' id='word_1_196' title='bbox 200 2370 348 2419; x_wconf 81' lang='grc' dir='ltr'><em>ἐχθρῶν</em></span> <span class='ocrx_word' id='word_1_197' title='bbox 374 2372 526 2417; x_wconf 72' lang='lat' dir='ltr'>dictum,</span> <span class='ocrx_word' id='word_1_198' title='bbox 548 2372 807 2409; x_wconf 86' lang='lat' dir='ltr'>Schneidewin</span> <span class='ocrx_word' id='word_1_199' title='bbox 825 2374 998 2418; x_wconf 85' lang='grc' dir='ltr'><em>Χαρίτων</em></span> <span class='ocrx_word' id='word_1_200' title='bbox 1018 2373 1064 2408; x_wconf 82' lang='lat' dir='ltr'><strong>de.</strong></span> <span class='ocrx_word' id='word_1_201' title='bbox 1084 2374 1222 2410; x_wconf 77' lang='lat' dir='ltr'>Gratiis</span> <span class='ocrx_word' id='word_1_202' title='bbox 1241 2374 1397 2420; x_wconf 73' lang='lat' dir='ltr'>accepit,</span> <span class='ocrx_word' id='word_1_203' title='bbox 1419 2374 1542 2410; x_wconf 81' lang='lat' dir='ltr'>Osann</span> <span class='ocrx_word' id='word_1_204' title='bbox 1560 2374 1728 2432; x_wconf 83' lang='grc' dir='ltr'><em>προτέρῳ</em></span> 
     </span>
     <span class='ocr_line' id='line_1_26' title="bbox 198 2417 1730 2480; baseline 0.001 -24"><span class='ocrx_word' id='word_1_205' title='bbox 198 2421 385 2478; x_wconf 86' lang='grc' dir='ltr'><em>Χαρίτων,</em></span> <span class='ocrx_word' id='word_1_206' title='bbox 411 2420 585 2467; x_wconf 70' lang='lat' dir='ltr'><strong>Hartung</strong></span> <span class='ocrx_word' id='word_1_207' title='bbox 608 2417 784 2478; x_wconf 77' lang='grc' dir='ltr'><em>προπύλῳ</em></span> <span class='ocrx_word' id='word_1_208' title='bbox 806 2422 979 2465; x_wconf 87' lang='grc' dir='ltr'><em>Χαρίτων</em></span> <span class='ocrx_word' id='word_1_209' title='bbox 1005 2421 1174 2478; x_wconf 78' lang='lat' dir='ltr'>coniecit,</span> <span class='ocrx_word' id='word_1_210' title='bbox 1199 2422 1315 2457; x_wconf 77' lang='lat' dir='ltr'>Lehrs</span> <span class='ocrx_word' id='word_1_211' title='bbox 1334 2423 1495 2479; x_wconf 84' lang='grc' dir='ltr'><em>χαρίτων</em></span> <span class='ocrx_word' id='word_1_212' title='bbox 1523 2419 1730 2480; x_wconf 74' lang='grc' dir='ltr'><em>ἔγκερασας</em></span> 
     </span>
     <span class='ocr_line' id='line_1_27' title="bbox 199 2457 1728 2525; baseline 0.001 -21"><span class='ocrx_word' id='word_1_213' title='bbox 199 2465 367 2508; x_wconf 81' lang='grc' dir='ltr'><em>κύλικας.</em></span> <span class='ocrx_word' id='word_1_214' title='bbox 395 2488 438 2493; x_wconf 88' lang='lat'><em>—-</em></span> <span class='ocrx_word' id='word_1_215' title='bbox 466 2467 509 2503; x_wconf 89' lang='lat' dir='ltr'><em>V.</em></span> <span class='ocrx_word' id='word_1_216' title='bbox 536 2472 568 2503; x_wconf 89' lang='lat'><em>4.</em></span> <span class='ocrx_word' id='word_1_217' title='bbox 596 2465 682 2503; x_wconf 83' lang='grc' dir='ltr'><em>τόδε</em></span> <span class='ocrx_word' id='word_1_218' title='bbox 717 2457 937 2525; x_wconf 78' lang='lat' dir='ltr'>Spanheim‚</span> <span class='ocrx_word' id='word_1_219' title='bbox 968 2480 1003 2504; x_wconf 85' lang='lat' dir='ltr'><em>v.</em></span> <span class='ocrx_word' id='word_1_220' title='bbox 1029 2466 1124 2504; x_wconf 85' lang='grc' dir='ltr'><em>τότε.</em></span> <span class='ocrx_word' id='word_1_221' title='bbox 1152 2490 1194 2494; x_wconf 91' lang='grc'><em>--</em></span> <span class='ocrx_word' id='word_1_222' title='bbox 1222 2469 1362 2514; x_wconf 78' lang='grc' dir='ltr'><em>δῶρον,</em></span> <span class='ocrx_word' id='word_1_223' title='bbox 1388 2469 1417 2504; x_wconf 93' lang='grc' dir='ltr'>Β</span> <span class='ocrx_word' id='word_1_224' title='bbox 1444 2467 1596 2515; x_wconf 54' lang='grc' dir='ltr'><em>δώροσῖ</em></span> <span class='ocrx_word' id='word_1_225' title='bbox 1629 2471 1728 2506; x_wconf 84' lang='lat' dir='ltr'>Wel-</span> 
     </span>
     <span class='ocr_line' id='line_1_28' title="bbox 199 2512 1730 2576; baseline 0.001 -24"><span class='ocrx_word' id='word_1_226' title='bbox 199 2517 288 2552; x_wconf 80' lang='lat' dir='ltr'>oker</span> <span class='ocrx_word' id='word_1_227' title='bbox 323 2514 352 2550; x_wconf 96' lang='grc' dir='ltr'>Ο</span> <span class='ocrx_word' id='word_1_228' title='bbox 356 2526 456 2561; x_wconf 81' lang='lat' dir='ltr'><strong>p.uso</strong></span> <span class='ocrx_word' id='word_1_229' title='bbox 489 2515 524 2550; x_wconf 94' lang='lat' dir='ltr'><em>II</em></span> <span class='ocrx_word' id='word_1_230' title='bbox 555 2519 623 2551; x_wconf 92' lang='grc'><em>222</em></span> <span class='ocrx_word' id='word_1_231' title='bbox 657 2516 779 2561; x_wconf 80' lang='grc' dir='ltr'><em>δῶρον</em></span> <span class='ocrx_word' id='word_1_232' title='bbox 810 2512 975 2576; x_wconf 76' lang='grc' dir='ltr'><em>ἀοιὸᾆς</em></span> <span class='ocrx_word' id='word_1_233' title='bbox 1007 2516 1242 2552; x_wconf 82' lang='lat' dir='ltr'>scribendum</span> <span class='ocrx_word' id='word_1_234' title='bbox 1277 2518 1413 2552; x_wconf 78' lang='lat' dir='ltr'>censet</span> <span class='ocrx_word' id='word_1_235' title='bbox 1440 2537 1484 2543; x_wconf 90' lang='lat'>—</span> <span class='ocrx_word' id='word_1_236' title='bbox 1511 2517 1555 2553; x_wconf 91' lang='lat' dir='ltr'><em>V.</em></span> <span class='ocrx_word' id='word_1_237' title='bbox 1582 2521 1614 2554; x_wconf 89' lang='lat'>5</span> <span class='ocrx_word' id='word_1_238' title='bbox 1642 2529 1730 2564; x_wconf 88' lang='grc' dir='ltr'><em>συμ-</em></span> 
     </span>
     <span class='ocr_line' id='line_1_29' title="bbox 199 2561 1728 2610; baseline 0.001 -11"><span class='ocrx_word' id='word_1_239' title='bbox 199 2562 332 2599; x_wconf 87' lang='grc' dir='ltr'><em>πόσιον</em></span> <span class='ocrx_word' id='word_1_240' title='bbox 352 2563 512 2608; x_wconf 82' lang='grc' dir='ltr'><em>κοσμῶν,</em></span> <span class='ocrx_word' id='word_1_241' title='bbox 532 2563 648 2599; x_wconf 86' lang='lat' dir='ltr'>Lehrs</span> <span class='ocrx_word' id='word_1_242' title='bbox 668 2564 876 2609; x_wconf 86' lang='grc' dir='ltr'><em>συμποσίου</em></span> <span class='ocrx_word' id='word_1_243' title='bbox 896 2561 1049 2610; x_wconf 84' lang='grc' dir='ltr'><em>κόσμον,</em></span> <span class='ocrx_word' id='word_1_244' title='bbox 1068 2576 1181 2609; x_wconf 82' lang='lat' dir='ltr'><strong>quam</strong></span> <span class='ocrx_word' id='word_1_245' title='bbox 1195 2564 1459 2600; x_wconf 73' lang='lat' dir='ltr'>oon-ecfionem</span> <span class='ocrx_word' id='word_1_246' title='bbox 1479 2565 1728 2602; x_wconf 80' lang='lat' dir='ltr'>necessariam</span> 
     </span>
     <span class='ocr_line' id='line_1_30' title="bbox 199 2610 736 2654; baseline 0 -8"><span class='ocrx_word' id='word_1_247' title='bbox 199 2610 304 2654; x_wconf 70' lang='lat' dir='ltr'>dicit,</span> <span class='ocrx_word' id='word_1_248' title='bbox 328 2610 422 2646; x_wconf 89' lang='lat' dir='ltr'><em>mihi</em></span> <span class='ocrx_word' id='word_1_249' title='bbox 447 2622 552 2646; x_wconf 78' lang='lat' dir='ltr'>secus</span> <span class='ocrx_word' id='word_1_250' title='bbox 577 2610 736 2647; x_wconf 72' lang='lat' dir='ltr'><strong>videtur.</strong></span> 
     </span>
    </p>

    <p class='ocr_par' dir='ltr' id='par_1_5' title="bbox 200 2639 1729 2940">
     <span class='ocr_line' id='line_1_31' title="bbox 295 2639 1729 2718; baseline 0.001 -25"><span class='ocrx_word' id='word_1_251' title='bbox 295 2639 354 2695; x_wconf 89' lang='lat' dir='ltr'><em>Fr.</em></span> <span class='ocrx_word' id='word_1_252' title='bbox 375 2662 407 2693; x_wconf 91' lang='grc'>2.</span> <span class='ocrx_word' id='word_1_253' title='bbox 457 2658 593 2693; x_wconf 72' lang='lat' dir='ltr'>Athen.</span> <span class='ocrx_word' id='word_1_254' title='bbox 613 2658 681 2693; x_wconf 91' lang='lat' dir='ltr'><em>XV</em></span> <span class='ocrx_word' id='word_1_255' title='bbox 701 2662 769 2694; x_wconf 87' lang='lat'><em>669</em></span> <span class='ocrx_word' id='word_1_256' title='bbox 790 2659 837 2694; x_wconf 89' lang='grc' dir='ltr'><em>Β·</em></span> <span class='ocrx_word' id='word_1_257' title='bbox 864 2658 938 2693; x_wconf 82' lang='grc' dir='ltr'><em>Καὶ</em></span> <span class='ocrx_word' id='word_1_258' title='bbox 965 2655 1078 2699; x_wconf 79' lang='grc' dir='ltr'><em>αὐτὸς</em></span> <span class='ocrx_word' id='word_1_259' title='bbox 1103 2656 1140 2694; x_wconf 82' lang='grc' dir='ltr'><em>δ’</em></span> <span class='ocrx_word' id='word_1_260' title='bbox 1170 2656 1211 2695; x_wconf 75' lang='grc' dir='ltr'><em>ἐκ</em></span> <span class='ocrx_word' id='word_1_261' title='bbox 1237 2655 1378 2694; x_wconf 80' lang='grc' dir='ltr'><em>τούτων</em></span> <span class='ocrx_word' id='word_1_262' title='bbox 1403 2659 1478 2694; x_wconf 80' lang='grc' dir='ltr'><em>τῶν</em></span> <span class='ocrx_word' id='word_1_263' title='bbox 1504 2656 1606 2695; x_wconf 73' lang='grc' dir='ltr'><em>ἐπῶν</em></span> <span class='ocrx_word' id='word_1_264' title='bbox 1625 2661 1729 2718; x_wconf 90' lang='grc' dir='ltr'><em>(Διο-</em></span> 
     </span>
     <span class='ocr_line' id='line_1_32' title="bbox 200 2703 1728 2766; baseline 0.001 -25"><span class='ocrx_word' id='word_1_265' title='bbox 200 2707 345 2763; x_wconf 83' lang='grc' dir='ltr'><em>νυσίου)</em></span> <span class='ocrx_word' id='word_1_266' title='bbox 371 2704 607 2766; x_wconf 81' lang='grc' dir='ltr'><em>μεμνημένος</em></span> <span class='ocrx_word' id='word_1_267' title='bbox 631 2706 743 2741; x_wconf 78' lang='grc' dir='ltr'><em>τινῶν</em></span> <span class='ocrx_word' id='word_1_268' title='bbox 779 2703 885 2751; x_wconf 78' lang='grc' dir='ltr'><em>ἐρῶ,</em></span> <span class='ocrx_word' id='word_1_269' title='bbox 900 2707 964 2742; x_wconf 77' lang='grc' dir='ltr'><em>ἵνα</em></span> <span class='ocrx_word' id='word_1_270' title='bbox 990 2704 1050 2766; x_wconf 87' lang='grc' dir='ltr'><em>μὴ</em></span> <span class='ocrx_word' id='word_1_271' title='bbox 1066 2703 1086 2741; x_wconf 84' lang='grc' dir='ltr'>ὁ</span> <span class='ocrx_word' id='word_1_272' title='bbox 1114 2703 1329 2747; x_wconf 75' lang='grc' dir='ltr'><em>Οὐλπιανὸς</em></span> <span class='ocrx_word' id='word_1_273' title='bbox 1354 2704 1586 2764; x_wconf 84' lang='grc' dir='ltr'><em>βρενθύηται</em></span> <span class='ocrx_word' id='word_1_274' title='bbox 1611 2720 1660 2748; x_wconf 80' lang='grc' dir='ltr'><em>ως</em></span> <span class='ocrx_word' id='word_1_275' title='bbox 1686 2705 1728 2743; x_wconf 79' lang='grc' dir='ltr'><em>ἐκ</em></span> 
     </span>
     <span class='ocr_line' id='line_1_33' title="bbox 200 2750 1728 2810; baseline 0.001 -21"><span class='ocrx_word' id='word_1_276' title='bbox 200 2755 275 2789; x_wconf 85' lang='grc' dir='ltr'><em>τῶν</em></span> <span class='ocrx_word' id='word_1_277' title='bbox 302 2750 506 2790; x_wconf 86' lang='grc' dir='ltr'><em>αποθέτων</em></span> <span class='ocrx_word' id='word_1_278' title='bbox 531 2758 608 2794; x_wconf 79' lang='grc' dir='ltr'><em>τοῖς</em></span> <span class='ocrx_word' id='word_1_279' title='bbox 634 2750 851 2810; x_wconf 81' lang='grc' dir='ltr'><em>Ομηρίδαις</em></span> <span class='ocrx_word' id='word_1_280' title='bbox 882 2751 996 2800; x_wconf 84' lang='grc' dir='ltr'><em>μόνος</em></span> <span class='ocrx_word' id='word_1_281' title='bbox 1026 2752 1249 2795; x_wconf 87' lang='grc' dir='ltr'><em>ανασπασας</em></span> <span class='ocrx_word' id='word_1_282' title='bbox 1281 2767 1328 2789; x_wconf 90' lang='grc' dir='ltr'><em>τα</em></span> <span class='ocrx_word' id='word_1_283' title='bbox 1363 2753 1476 2790; x_wconf 79' lang='grc' dir='ltr'><em>κοττά</em></span> <span class='ocrx_word' id='word_1_284' title='bbox 1504 2768 1563 2800; x_wconf 87' lang='grc' dir='ltr'><em>ια,</em></span> <span class='ocrx_word' id='word_1_285' title='bbox 1593 2767 1728 2800; x_wconf 75' lang='grc' dir='ltr'><em>αγγε-</em></span> 
     </span>
     <span class='ocr_line' id='line_1_34' title="bbox 200 2798 1726 2860; baseline 0.001 -24"><span class='ocrx_word' id='word_1_286' title='bbox 200 2803 302 2842; x_wconf 86' lang='grc' dir='ltr'><em>λίας</em></span> <span class='ocrx_word' id='word_1_287' title='bbox 327 2804 400 2836; x_wconf 85' lang='grc' dir='ltr'><em>κτλ.</em></span> <span class='ocrx_word' id='word_1_288' title='bbox 429 2822 474 2827; x_wconf 92' lang='grc'><em>--</em></span> <span class='ocrx_word' id='word_1_289' title='bbox 499 2801 543 2836; x_wconf 92' lang='lat' dir='ltr'><em>V.</em></span> <span class='ocrx_word' id='word_1_290' title='bbox 574 2806 605 2836; x_wconf 91' lang='lat'><em>1.</em></span> <span class='ocrx_word' id='word_1_291' title='bbox 631 2798 860 2847; x_wconf 77' lang='grc' dir='ltr'><em>πευσόμενοι</em></span> <span class='ocrx_word' id='word_1_292' title='bbox 892 2801 948 2837; x_wconf 83' lang='lat' dir='ltr'><strong>ed.</strong></span> <span class='ocrx_word' id='word_1_293' title='bbox 975 2801 1059 2838; x_wconf 82' lang='lat' dir='ltr'><strong>Bas.</strong></span> <span class='ocrx_word' id='word_1_294' title='bbox 1086 2802 1126 2838; x_wconf 92' lang='lat' dir='ltr'><strong>L.</strong></span> <span class='ocrx_word' id='word_1_295' title='bbox 1137 2798 1396 2860; x_wconf 87' lang='grc' dir='ltr'><em>,πεσσόμενοι</em></span> <span class='ocrx_word' id='word_1_296' title='bbox 1420 2801 1482 2836; x_wconf 89' lang='grc' dir='ltr'><em>ΒΡ</em></span> <span class='ocrx_word' id='word_1_297' title='bbox 1554 2823 1597 2828; x_wconf 90' lang='grc'><strong>-</strong></span> <span class='ocrx_word' id='word_1_298' title='bbox 1623 2801 1668 2838; x_wconf 94' lang='lat' dir='ltr'><em>V.</em></span> <span class='ocrx_word' id='word_1_299' title='bbox 1694 2806 1726 2838; x_wconf 88' lang='grc'>2.</span> 
     </span>
     <span class='ocr_line' id='line_1_35' title="bbox 201 2831 1729 2897; baseline 0.001 -13"><span class='ocrx_word' id='word_1_300' title='bbox 201 2847 415 2893; x_wconf 82' lang='grc' dir='ltr'><em>διαλύσατε,</em></span> <span class='ocrx_word' id='word_1_301' title='bbox 443 2849 471 2884; x_wconf 94' lang='grc' dir='ltr'>Ρ</span> <span class='ocrx_word' id='word_1_302' title='bbox 497 2846 682 2886; x_wconf 82' lang='grc' dir='ltr'><em>ὃιαλυετε.</em></span> <span class='ocrx_word' id='word_1_303' title='bbox 709 2870 752 2874; x_wconf 93' lang='grc'><strong>-</strong></span> <span class='ocrx_word' id='word_1_304' title='bbox 779 2846 1015 2894; x_wconf 84' lang='grc' dir='ltr'><em>κατάθεσθε,</em></span> <span class='ocrx_word' id='word_1_305' title='bbox 1040 2849 1069 2884; x_wconf 93' lang='grc' dir='ltr'>Β</span> <span class='ocrx_word' id='word_1_306' title='bbox 1096 2831 1349 2885; x_wconf 83' lang='grc' dir='ltr'><em>καταθέσθαι.</em></span> <span class='ocrx_word' id='word_1_307' title='bbox 1375 2871 1419 2876; x_wconf 87' lang='grc'><em>--</em></span> <span class='ocrx_word' id='word_1_308' title='bbox 1440 2850 1484 2886; x_wconf 90' lang='lat' dir='ltr'><em>V.</em></span> <span class='ocrx_word' id='word_1_309' title='bbox 1504 2854 1537 2885; x_wconf 88' lang='lat'><strong>3.</strong></span> <span class='ocrx_word' id='word_1_310' title='bbox 1559 2850 1729 2897; x_wconf 70' lang='lat' dir='ltr'>Hartung</span> 
     </span>
     <span class='ocr_line' id='line_1_36' title="bbox 202 2878 675 2940; baseline 0 -8"><span class='ocrx_word' id='word_1_311' title='bbox 202 2896 266 2932; x_wconf 80' lang='grc' dir='ltr'><em>καὶ</em></span> <span class='ocrx_word' id='word_1_312' title='bbox 292 2878 441 2940; x_wconf 78' lang='grc' dir='ltr'><em>ξύνεσιν</em></span> <span class='ocrx_word' id='word_1_313' title='bbox 466 2896 551 2932; x_wconf 70' lang='lat' dir='ltr'><strong>fort.</strong></span> <span class='ocrx_word' id='word_1_314' title='bbox 579 2907 675 2934; x_wconf 81' lang='lat' dir='ltr'><strong>casu.</strong></span> 
     </span>
    </p>
   </div>
  </div>
 </body>
</html>
