1890 3216
205 183 292 227 282
739 185 931 222 ΡΟΕΤΑΕ
957 185 1195 231 ELEGIACI.

762 330 846 363 ΕΙΣ
871 329 1183 365 ΑΛΚΙΒῙΑΔΗΝ.

898 427 936 469 3.
970 427 1044 480 [3.]

274 517 363 560 Καὶ
396 520 483 561 νῦν
516 521 732 562 Κλεινίου
763 517 866 563 υιὸν
894 517 1137 576 Ἀθηναῖον
1170 519 1441 577 στεφανώσω

329 587 612 645 Ἀλκιβιάδην
645 589 815 633 νέοισιν
847 587 1051 647 ὑμνήσας
1081 589 1279 648 τρόποις·

274 657 326 703 οὐ
358 658 443 716 γάρ
475 674 568 711 πως
598 661 656 716 ἠν
687 659 871 718 τοῦνομ’
908 661 1174 720 ἐφαρμόζειν
1207 663 1399 721 ἐλεγείῳ·

331 732 418 774 νῦν
450 728 491 775 δ’
529 731 577 775 ἐν
610 734 795 793 ἰαμβείῳ
828 735 1018 777 κείσεται
1050 750 1132 777 ουκ
1164 731 1371 791 ἀμέτρως.

891 867 932 908 4.
967 866 1041 920 [3]

272 961 315 1001 Γ
310 975 436 1015 νωμη
470 957 511 1002 δ’
547 957 576 1015 ἥ
609 972 656 1003 σε
688 957 919 1044 κατήγαγ’,
953 958 1038 1017 ε’γώ
1071 958 1237 1016 ταύτην
1271 961 1318 1004 ἐν
1351 958 1516 1004 ἅπασιν

328 1028 454 1075 εἷπον
485 1031 559 1074 καὶ
584 1031 766 1118 eypoiwocg·
797 1032 991 1090 τούργον
1024 1034 1190 1089 ἔδρασα
1221 1031 1341 1076 τόδε·
1664 1044 1733 1077 605

269 1101 462 1159 σφραγὶς
495 1101 535 1146 δ’
572 1100 786 1161 ἡμετέρης
816 1102 1020 1159 γλώσσης
1052 1103 1122 1147 ε’πι
1154 1105 1350 1148 τοῖσδεσι
1381 1112 1531 1148 κεῖται.

889 1284 927 1327 5.
961 1285 1038 1339 [4.]

269 1377 481 1420 Πλοῦτον
512 1375 594 1433 μὲν
628 1379 903 1434 Σκοπαδῶν,
936 1375 1341 1435 μεγαλοφροσύνην
1374 1377 1422 1421 δὲ
1454 1380 1684 1435 Κίμωνος,

325 1450 451 1499 νίκας
483 1445 524 1492 δ’
557 1446 784 1505 Ἀρκεσίλα
816 1450 896 1493 τοῦ
930 1451 1306 1505 Λακεδαιμονίου.

886 1582 925 1626 6.
959 1581 1033 1635 [5.]

325 1673 396 1718 Ἐκ
428 1674 610 1731 μελέτης
640 1677 819 1727 πλείους
849 1671 876 1731 ἢ
910 1673 1087 1731 φύσεως
1119 1673 1298 1732 ἀγαθοί.

290 1858 321 1888 3.
360 1852 565 1912 Hephaesb.
585 1865 619 1898 p.
642 1857 703 1888 22:
725 1864 848 1909 ωσπερ
870 1853 1058 1897 Κριτίας
1085 1850 1131 1889 ἐν
1157 1853 1205 1900 τῇ
1234 1852 1299 1893 εἰς
1321 1850 1607 1911 Ἀλκιβιάδην
1629 1851 1722 1890 ε’λε

196 1902 304 1950 γεία
332 1897 400 1936 οὐκ
428 1898 521 1957 ᾠετο
548 1897 727 1945 ἐγχωρεῖν
753 1897 793 1936 τὸ
822 1901 908 1945 (om.
936 1900 982 1945 A)
1007 1900 1074 1935 τοῦ
1096 1896 1329 1961 Ἀλκιβιάδου
1362 1898 1501 1946 ὄνομα·
1534 1900 1626 1946 φησὶ
1656 1900 1729 1947 γὰρ

195 1946 236 1985 ἐν
263 1945 390 1995 ἐκείνῃ
417 1944 537 1988 ου’τως
571 1947 678 1992 (haec
710 1948 784 1983 tria
814 1947 998 1983 vocabula
1030 1958 1100 1984 om.
1128 1949 1192 1990 A)·
1227 1948 1315 1984 Καὶ
1346 1949 1429 1984 νῦν
1462 1952 1538 1984 κτλ.
1588 1949 1729 1985 Eadem

195 1996 433 2032 excusatione
477 1995 597 2031 utiizur
641 1996 773 2030 auctor
817 1994 932 2052 epigr.
978 1995 1204 2031 Bulleiztino
1228 1996 1262 2032 d.
1308 1996 1429 2032 Ιηε15115.
1480 1995 1590 2033 Arch.
1637 2000 1724 2032 1831

194 2056 228 2102 p.
252 2047 314 2079 74.
345 2043 421 2079 Καὶ
453 2041 500 2087 δὴ
518 2039 726 2102 καλεύμην
756 2040 970 2102 Ταξιαρχης
997 2039 1037 2078 ἐν
1063 2044 1220 2089 βροτοῖς.
1261 2040 1318 2079 Οὔ
1344 2041 1415 2089 γὰρ
1444 2040 1485 2079 ἐν
1513 2040 1730 2090 ἑξαμέτροις

193 2089 333 2137 ἥρμοσε
370 2087 527 2137 τοῦνομ’
569 2087 671 2136 ε’μόν.
711 2111 756 2116 -
794 2090 838 2125 V.
874 2094 904 2126 1.
940 2088 1139 2136 Ἀθηναῖον
1171 2090 1247 2137 ΒΡ,
1282 2087 1482 2137 Ἀθηναίου
1516 2092 1628 2127 Turn.
1659 2091 1728 2138 Es,

176 2140 323 2174 'utrum
351 2150 398 2175 ue
430 2140 473 2175 A.

290 2151 350 2222 4.(ἓι
373 2186 473 2224 Plut.
493 2185 614 2222 Aloib.
635 2196 664 2221 ο.
686 2189 749 2221 33:
779 2183 831 2221 Τὸ
860 2183 928 2231 μὲν
956 2179 1023 2221 οὖν
1050 2182 1229 2243 ψήφισμα
1254 2187 1337 2244 τῆς
1344 2184 1518 2222 καθόδου
1544 2184 1728 2246 πρότερον

196 2232 427 2294 ἐκεκύρωτο,
459 2235 613 2279 Κριτίου
645 2233 712 2268 τοῦ
748 2234 1007 2290 Καλλαίσχρου
1043 2232 1279 2293 γράψαντος,
1314 2231 1363 2274 ὡς
1396 2230 1512 2275 αυτὸς
1546 2231 1594 2270 ἐν
1629 2239 1727 2275 ταῖς

196 2279 428 2338 ἐλεγείαις
467 2282 675 2326 πεποίηκεν
707 2278 1001 2326 ὑπομιμνήσκων
1033 2278 1098 2316 τὸν
1127 2278 1358 2330 Ἀλκιβιάδην
1396 2281 1461 2338 τῆς
1497 2279 1646 2327 χάριτος
1687 2278 1728 2317 ἐν

194 2327 354 2370 τούτοις·
392 2327 552 2375 Γνώμη
585 2331 660 2364 κτλ.
694 2349 737 2354 ——-
770 2328 816 2365 V.
845 2332 876 2363 1.
901 2327 1048 2374 γνώμη,
1081 2329 1315 2365 Valckenaer
1348 2342 1511 2374 γνωμην.
1546 2350 1590 2355 —-
1623 2329 1666 2366 V.
1693 2333 1728 2365 2.

195 2375 336 2422 ἔδρασα
368 2377 492 2420 codd„
526 2374 749 2421 v.5.'79a1poc.
784 2397 827 2402 -
860 2376 903 2411 V.
931 2381 962 2412 3.
999 2374 1163 2421 γλώσσης
1195 2375 1388 2421 Schaefer,
1424 2388 1457 2411 v.
1484 2373 1655 2422 γλώττης.
1685 2398 1726 2403 -

193 2426 374 2467 τοῖσδεσι,
406 2424 475 2459 Fia.
499 2428 577 2464 τοῖς
602 2423 644 2459 δέ
672 2435 748 2469 σοι,
780 2424 809 2459 Ε
836 2428 913 2464 τοϊς
939 2422 981 2459 δέ
1014 2435 1072 2460 σοι
1105 2424 1168 2460 sed
1203 2435 1293 2460 corr.
1320 2436 1366 2459 σι.
1395 2445 1438 2450 -
1471 2428 1611 2469 κεῖται,
1642 2424 1726 2461 fort.

196 2473 383 2508 κείσθω.

287 2524 319 2556 5.
370 2519 469 2554 Plut.
497 2518 640 2555 Cimon.
668 2530 697 2554 c.
727 2523 786 2555 10:
816 2516 899 2554 ’Έτι
924 2520 1052 2555 τοίνυν
1071 2520 1240 2576 Γοργίας
1265 2532 1335 2565 μεν
1361 2515 1380 2554 ὃ
1407 2516 1608 2560 Λεοντῖνός
1634 2531 1728 2565 φησι

191 2565 257 2603 τὸν
284 2569 440 2613 Κίμωνα
466 2564 511 2602 τὰ
538 2564 708 2612 χρήματα
734 2567 899 2602 κτᾶσθαι
937 2565 1024 2613 μέν,
1057 2563 1106 2607 ὡς
1137 2567 1271 2615 χρῷτο,
1303 2567 1468 2612 χρῆσθαι
1499 2564 1563 2611 δέ,
1597 2580 1646 2607 ως
1676 2580 1727 2602 τι-

194 2616 304 2662 μῷτο.
367 2615 556 2658 Κριτίας
597 2613 638 2649 δὲ
678 2614 751 2649 τῶν
788 2611 991 2659 τριάκοντα
1029 2612 1234 2660 γενόμενος
1273 2611 1320 2649 ἐν
1358 2618 1457 2654 ταῖς
1497 2595 1726 2659 ἐλεγείαις

196 2664 362 2720 εὔχεται·
397 2663 604 2697 Πλοῦτον
638 2665 712 2697 κτλ.
741 2683 784 2687 —-
811 2662 854 2697 V
884 2666 914 2698 1.
941 2661 1155 2697 Σκοπαδῶν
1181 2661 1333 2706 Coraes,
1366 2674 1399 2698 v.
1425 2658 1652 2697 Σκοπαδων.
1679 2682 1725 2688 -

195 2712 237 2745 V.
267 2715 298 2745 2.
323 2707 509 2767 Ἀρκεσίλα
535 2709 678 2755 scripsi,
700 2709 744 2745 cf.
766 2710 871 2744 Paus.
893 2709 996 2754 V12‚
1019 2713 1051 2754 1,
1076 2709 1250 2754 idemque
1271 2709 1533 2745 Wesizermann
1553 2708 1723 2753 coniecit,

194 2758 306 2803 vulgo
328 2754 550 2802 Ἀγεσιλάου,
576 2757 663 2792 AFa
685 2753 868 2802 Ἁγησίλα,
894 2757 1068 2803 Hartung
1093 2758 1201 2797 νίκας
1229 2755 1440 2803 Τισαμενου
1467 2758 1724 2802 (Τισαμενοῦ),

195 2806 297 2850 quod
323 2817 406 2841 oum
433 2804 632 2850 displiceat
656 2804 742 2839 aliis
767 2786 999 2849 nominibus,
1030 2806 1110 2841 tum
1136 2805 1290 2851 propter
1314 2804 1523 2850 asyndeton
1548 2804 1609 2840 hic
1633 2804 1723 2840 ferri

194 2852 335 2897 nequit.

291 2905 322 2936 6.
343 2899 476 2982 (181301).
495 2899 622 2936 Floril.
643 2899 764 2936 XXIX
786 2903 846 2936 10:
873 2901 1039 2946 Κριτίου.
1067 2920 1110 2926 -
1131 2894 1154 2945 ἢ
1176 2897 1340 2945 φύσεως,
1367 2899 1450 2935 fort.
1471 2895 1494 2945 ἢ
1517 2895 1553 2935 ’κ
1575 2896 1724 2945 φύσεως

196 2947 341 2984 scriben
370 2960 442 2982 um.
