1890 3216
839 190 1009 229 PLATO.
1613 189 1701 233 303

898 303 963 345 ll.

165 413 167 415 ,
230 374 450 432 Ναυηγοῦ
481 371 623 430 τάφος
654 368 762 429 εἴμ’·
796 368 819 415 ὁ
856 368 898 415 δ’
934 371 1143 416 ἐναντίον
1176 369 1267 415 ἐστὶ
1298 371 1520 429 γεωργοῦ·
1632 382 1701 414 622

289 443 350 499 ὡς
381 442 454 490 ἁλὶ
487 445 560 490 καὶ
592 447 695 503 γαίῃ
731 441 862 497 ξυνὸς
892 439 1045 488 ὕπεστ’
1078 440 1236 500 Ἀΐδης.

898 541 962 584 12.

229 623 450 682 Ναυηγόν
482 641 534 682 με
568 624 800 682 δέδορκας·
833 621 888 668 ὃν
920 620 948 680 ἡ
980 627 1189 668 κτείνασα
1221 620 1430 667 θάλασσα

286 698 521 755 γυμνῶσαι
554 694 760 753 πυμάτου
791 694 959 752 φάρεος
990 693 1204 754 ᾐδέσατο,

228 767 472 826 ἅνθρωπος
503 766 760 827 παλάμῃσιν
792 764 1060 824 ἀταρβήτοις
1091 763 1136 824 μ’
1173 763 1418 821 ἀπέδυσεν,

286 840 453 886 τόσσον
484 838 593 898 ἄγος
624 839 792 884 τόσσου
823 839 1004 896 κε’ρδεος
1035 836 1276 897 ἀράμενος·

180 926 200 957 5
227 922 348 959 κεῖνο
381 912 454 957 καὶ
487 910 725 957 ἐνδύσαιτο
757 909 832 954 καὶ
865 912 928 962 εἰς
957 907 1108 955 Ἀΐδαο
1141 910 1346 968 φέροιτο,

286 988 364 1030 καί
392 1002 470 1042 μιν
503 986 594 1028 ἴδοι
627 986 788 1035 Μίνως
818 978 988 1039 τούμὸν
1021 984 1180 1039 ἔχοντα
1213 981 1360 1039 ῥάκος.

894 1079 959 1122 13.

226 1167 468 1222 Πλωτῆρες
499 1162 720 1217 σώζοισθε
751 1162 826 1206 καὶ
860 1163 927 1206 εἰν
959 1159 1033 1206 ἁλὶ
1065 1161 1139 1206 καὶ
1171 1160 1280 1207 κατὰ
1315 1170 1468 1219 γαῖαν·

286 1242 378 1282 ἴστε
411 1235 461 1281 δὲ
492 1237 695 1292 ναυηγοῦ
727 1236 848 1292 σῆμα
878 1233 1217 1292 παρερχόμενοι.

894 1333 958 1375 14.

223 1416 427 1475 Ἀστέρας
457 1418 686 1473 εἰσαθρεῖς
717 1412 857 1472 ἀστήρ
891 1412 1011 1471 ἐμός·
1045 1418 1142 1458 εἴθε
1173 1417 1390 1471 γενοίμην

286 1487 503 1548 οὐρανός,
540 1485 599 1540 ὡς
630 1491 812 1538 πολλοῖς
845 1484 1041 1543 ὄμμασιν
1074 1488 1137 1539 εἰς
1169 1485 1218 1531 σὲ
1250 1487 1412 1543 βλέπω.

230 293 249 304 x

156 1594 347 1654 Εὐβοέων.
383 1617 422 1622 -
459 1588 930 1652 ἕσμὲν,1)ἰοὲ.ἧμεν.-
964 1594 1007 1630 V.
1036 1597 1068 1629 2.
1095 1594 1222 1640 γαίης,
1250 1592 1370 1629 Clam.
1397 1590 1485 1640 αϊης
1511 1595 1569 1630 vel
1597 1600 1698 1630 αϊον.

156 1667 198 1671 -·-
226 1642 359 1688 ὅσσον,
385 1642 492 1689 Diog.
519 1640 666 1687 τόσσον,
693 1641 815 1678 Cram.
840 1638 963 1678 τόσον.

253 1697 306 1728 11.
350 1672 410 1750 ;.Π)
436 1690 616 1727 V11265:
651 1701 744 1726 corr.
771 1687 992 1731 Πλατωνος·
1021 1688 1047 1725 C
1075 1688 1129 1730 εἰς
1155 1687 1284 1747 ἕτερον
1311 1687 1493 1736 ναυηγόν.
1522 1711 1564 1716 -
1594 1689 1636 1727 V.
1668 1695 1698 1726 1.

154 1737 231 1788 εἰμ’
244 1753 251 1760 ·
280 1737 300 1776 ὃ
322 1735 361 1775 δ’
384 1736 557 1776 ἐναντίον
577 1737 726 1782 Iacobs,
752 1738 950 1784 legebatur
970 1736 1062 1784 εἰμί·
1091 1735 1111 1773 ὁ
1133 1734 1170 1772 δ’
1193 1734 1335 1774 ἀντίον.
1358 1758 1401 1763 -
1425 1738 1467 1773 V.
1490 1742 1522 1774 2.
1549 1734 1696 1783 {in-soff,

153 1789 233 1825 Pal.
262 1799 354 1824 corr.
382 1784 452 1823 ὑπ’
481 1783 573 1822 ἐστ’.

253 1835 401 1872 1211).
429 1834 496 1870 VII
523 1837 610 1870 268:
639 1833 665 1869 O
693 1832 760 1874 Εἰς
784 1830 973 1890 ναυηγόν,
999 1827 1046 1869 ὃν
1073 1829 1197 1878 εὑρών
1223 1847 1278 1874 τις
1306 1830 1485 1877 ἒξέδυσεν
1510 1834 1585 1869 τῶν
1612 1832 1697 1881 ἵμα-

154 1885 254 1922 τίων.
292 1894 384 1920 eorr.
412 1879 626 1923 Πλάτωνος.
665 1882 745 1918 cod
771 1881 855 1918 Par.
882 1878 1097 1922 Πλάτωνος.
1126 1902 1170 1907 -—
1203 1881 1248 1916 V.
1278 1886 1307 1916 1.
1334 1879 1357 1926 ἡ
1385 1883 1565 1918 κτείνασα
1591 1882 1697 1918 Plan.

155 1933 250 1977 Par„
275 1930 491 1988 οἰκτείρασα
517 1930 595 1966 Pal.
623 1950 666 1956 —
692 1926 885 1987 θάλασσα,
913 1926 1089 1965 θαλαττα
1115 1929 1220 1965 Plan.
1248 1951 1292 1955 -
1328 1929 1371 1964 V.
1399 1934 1432 1966 3.
1460 1927 1698 1986 ἄταρβήτοις,

154 1981 233 2017 cod.
260 1980 342 2016 Par.
370 1974 611 2034 ἀταρβήταις.
651 1977 794 2014 Deinde
820 1973 861 2024 μ’
889 1977 974 2013 fort.
1002 1977 1214 2013 delendum
1245 1999 1286 2003 —
1315 1977 1358 2014 V.
1379 1982 1412 2013 4.
1439 1975 1588 2023 τόσσον,
1616 1979 1696 2015 cod.

153 2028 236 2064 Par.
261 2025 414 2072 τόσσον,
442 2026 611 2072 Scaliger
636 2026 798 2085 τοσίχου.
832 2046 875 2052 -
914 2024 958 2062 V.
987 2029 1018 2061 5.
1054 2028 1159 2061 κεῖνο
1186 2025 1251 2061 καὶ
1279 2025 1559 2072 Schneidewin,
1593 2023 1697 2062 κεῖνό

153 2089 220 2112 κεν
252 2074 332 2111 Pal.
358 2074 438 2111 eod.
466 2074 570 2119 Par„
607 2077 712 2109 κεῖνο
744 2071 813 2119 μὲν
847 2073 954 2109 codd.
981 2073 1086 2109 Plan.
1113 2084 1173 2119 ap.
1199 2073 1260 2110 ΒΥ.
1296 2095 1339 2099 -
1379 2073 1450 2119 εἰς,
1489 2074 1590 2120 quod
1621 2075 1696 2110 iam

154 2125 267 2159 antea
292 2121 446 2167 conieci,
472 2102 646 2168 prae’buib
671 2121 751 2157 cod.
771 2121 869 2166 Par„
896 2121 1094 2167 legebatur
1120 2120 1191 2166 εἰν,
1218 2120 1338 2157 Cobeb
1362 2102 1523 2158 coni’ecit
1547 2122 1612 2158 καὶ
1639 2121 1697 2158 εἰν

152 2169 273 2207 Ἀΐδαο
285 2170 448 2228 φοροίη.
477 2190 518 2195 —
546 2168 591 2205 V.
612 2173 645 2205 6.
671 2169 813 2213 Μίνως,
840 2180 932 2205 corr
958 2182 980 2204 ν
1006 2169 1091 2204 add.
1120 2166 1327 2215 -ράκος,
1355 2169 1434 2206 Pal.
1461 2181 1554 2206 corr.
1582 2171 1622 2206 in
1647 2183 1695 2207 m.

155 2232 212 2265 γρ.
239 2216 363 2264 φάρος
388 2218 427 2253 et
452 2217 505 2253 sic
531 2216 635 2253 Plan.
662 2218 702 2253 et
727 2217 807 2253 cod.
834 2217 918 2253 Par.

252 2270 306 2303 13.
358 2265 412 2301 Ib.
439 2265 620 2300 V11269·
657 2275 750 2300 corr.
784 2264 850 2300 τοῦ
884 2260 1004 2300 αὐτοῦ
1031 2261 1251 2306 Πλάτωνος·
1289 2264 1316 2301 C
1343 2263 1436 2306 εἰς
1424 2263 1554 2311 ἕτερον
1579 2278 1697 2312 ναυη-

152 2311 235 2360 γόν,
261 2313 342 2351 cod
368 2312 452 2349 Par.
480 2309 702 2360 ἐπιτύμβιον
728 2311 782 2353 εἰς
806 2309 987 2370 ναυηγόν.
1019 2332 1052 2338 —-
1083 2313 1127 2348 V.
1148 2317 1181 2349 2.
1209 2313 1329 2359 σῆμα,
1357 2313 1437 2350 eod.
1466 2313 1548 2350 Par.
1576 2314 1696 2360 σῶμα

156 2383 198 2388 -
225 2359 519 2408 παρερχόμενοι,
546 2360 626 2396 Pal.
652 2356 744 2417 παρ’
773 2356 985 2417 ἐρχόμενοι.

253 2414 307 2447 14.
346 2408 596 2444 Ib.V11669:
623 2404 827 2449 Πλατωνος
852 2405 1085 2454 φιλοσόφου,
1113 2408 1188 2446 sed.
1210 2409 1290 2444 cod.
1312 2408 1390 2445 Pal.
1417 2408 1444 2444 C
1473 2408 1527 2450 εἰς
1549 2405 1696 2465 Ἀστέρα

153 2456 220 2494 τὸν
247 2454 437 2504 μαθητὴν,
465 2467 556 2492 corr.
583 2455 622 2491 in
646 2467 718 2492 ras.
745 2452 948 2497 Πλατωνος
973 2453 1206 2502 φιλοσόφου·
1238 2457 1305 2492 τοῦ
1332 2453 1453 2492 αὐτοῦ
1480 2453 1694 2497 Πλατωνος.

118 2509 122 2514 ”
157 2506 261 2542 Adde
287 2504 435 2552 Apulei.
462 2503 509 2540 de
535 2504 634 2550 Mag.
661 2515 691 2540 c.
722 2507 765 2539 10
791 2506 879 2549 (om.
907 2503 1126 2549 cod.Flo1·.)
1159 2504 1224 2540 ubi
1255 2504 1423 2550 iungifiur
1455 2517 1539 2540 cum
1565 2516 1622 2550 ep
1652 2509 1695 2540 15

156 2555 208 2600 (et
233 2553 286 2590 sic
312 2553 394 2589 cod.
421 2551 541 2588 Iriart.
567 2564 602 2598 p.
632 2555 711 2595 103,
738 2551 802 2587 ubi
827 2551 905 2587 sine
930 2552 1063 2609 poetae
1089 2563 1189 2587 nom.
1216 2551 1366 2609 legitur,
1393 2554 1431 2588 et
1455 2552 1578 2597 Plan.)
1604 2552 1695 2587 item

154 2602 234 2638 cod.
254 2600 366 2638 Vind.
385 2613 420 2636 n.
441 2603 509 2635 311
539 2603 577 2636 et
601 2581 711 2657 Diog}
732 2599 773 2635 L.
794 2599 844 2634 III
865 2603 927 2635 29:
951 2596 1183 2644 Ἀρίστιππος
1208 2596 1246 2635 δ’
1276 2597 1317 2636 ἐν
1343 2600 1394 2648 τῷ
1420 2598 1584 2648 τετάρτῳ
1610 2601 1697 2645 περὶ

155 2649 322 2690 παλαιας
346 2647 492 2694 τρυφῆς
517 2659 634 2692 φησιν
661 2644 779 2682 αὐτὸν
801 2643 965 2692 Ἀστέρος
990 2648 1189 2693 μειρακίου
1215 2645 1318 2689 τινὸς
1341 2637 1584 2706 ἀστρολογεῖν
1610 2660 1695 2683 συν-

158 2695 396 2744 ασκουμένου
425 2693 657 2741 ἐρασθῆναι,
690 2691 785 2730 αλλὰ
815 2693 881 2730 καὶ
907 2695 1053 2735 Δίωνος
1084 2695 1151 2730 τοῦ
1177 2693 1463 2752 προειρημένου.
1505 2694 1599 2731 ἔνιοι
1631 2695 1695 2731 καὶ

158 2745 324 2801 Φαίδρου
358 2744 469 2802 φασί·
509 2743 649 2802 δηλοῦν
681 2741 723 2778 δὲ
758 2739 825 2778 τὸν
845 2740 979 2799 ,ἔρωτα
1011 2739 1130 2778 αὐτου
1162 2740 1253 2778 τάδε
1281 2740 1326 2778 τὰ
1354 2740 1637 2789 ἐπιγράμματα,
1669 2739 1694 2778 ἃ

157 2793 222 2828 καὶ
246 2789 341 2838 πρὸς
366 2788 487 2827 αυτοῦ
514 2790 699 2836 γενέσθαι
726 2789 781 2831 εἰς
806 2786 962 2831 αὐτούς·
995 2785 1165 2835 Ἀστέρας
1189 2793 1264 2826 κτλ.
1315 2791 1485 2836 Apostol.
1513 2790 1563 2825 IV
1591 2795 1634 2826 12
1661 2803 1694 2828 a.

157 2860 200 2867 —
226 2841 272 2877 V.
295 2844 326 2875 1.
353 2838 559 2885 εἰσαθρεῖς,
586 2838 666 2876 cod.
687 2838 799 2874 Vind.
820 2850 855 2874 n.
877 2842 958 2883 311,
983 2837 1021 2872 in
1047 2848 1120 2883 quo
1147 2839 1218 2874 hoc
1244 2849 1301 2884 ep.
1309 2838 1477 2921 9legitur,
1506 2835 1696 2885 ἐσαθρεῖς,

155 2923 260 2960 Plan.
288 2924 327 2959 eb
351 2924 442 2959 vett
469 2923 554 2959 edd.
580 2922 639 2969 Ap
641 2922 690 2959 ul.
719 2917 906 2968 εἰσάθρει,
931 2921 1009 2959 Pal.
1031 2932 1122 2957 corr.
1151 2894 1336 2967 stadem.
1358 2942 1402 2948 —
1430 2921 1474 2957 V.
1495 2925 1527 2957 2.
1557 2920 1694 2971 βλέπω.

155 2971 255 3008 Fort.
285 2969 491 3020 βλέποιν,
516 2934 646 3016 ίῐαᾳυιέ
671 2969 816 3011 Nauck.
