1890 3216
227 159 312 201 332
760 159 951 196 ΡΟΕΤΑΕ
978 159 1217 210 ELEGIACI.

440 270 536 323 γαῖα
556 264 597 301 δε
618 266 756 323 πατρὶς
783 264 860 312 ἔχει
885 264 1036 307 κόλποις
1061 266 1134 302 τῶν
1159 269 1312 302 πλεῖστα
1338 264 1536 313 καμόντων

487 310 642 372 σώματ’,
670 310 752 349 ἐπεὶ
777 316 934 359 θνητοῖς
959 311 1001 350 ἐκ
1027 311 1119 355 Διὸς
1143 310 1211 372 ἥδε
1239 315 1375 359 κρίσις·

408 359 559 431 ,μηδὲν
585 358 767 406 ἁμαρτεῖν
795 358 872 397 ἐστι
897 362 1002 397 θεῶν
1028 362 1092 397 καὶ
1117 359 1242 397 πάντα
1267 362 1495 408 κατορθοῦν,

489 405 529 444 ἐν
557 408 661 456 βιοτῇ
689 413 824 455 μοῖραν
851 406 888 444 δ’
917 423 1003 445 ουτι
1026 414 1160 455 φυγεῖν
1188 408 1334 455 έ’.πορεν

226 480 322 515 Huic
349 479 572 525 Goettlingii
598 479 832 515 coniecturae
859 480 1129 526 patrocinatur
1141 480 1316 516 Aristidis
1341 481 1444 517 locus
1470 482 1504 516 II
1531 485 1611 527 517,
1638 492 1750 526 quem

227 539 337 572 supra
364 527 563 584 adscripsi,
589 527 677 563 huic
703 528 801 563 enim
826 528 967 563 rhetori
992 528 1140 564 videtur
1167 540 1316 564 carmen
1342 541 1410 564 ουκ
1437 527 1506 572 ἔξω
1532 529 1598 574 τῆς
1624 533 1749 575 Δημο-

226 573 390 615 σθένους
409 572 556 628 γνώμης
576 573 675 620 ἔχειν
694 573 762 620 τὴν
783 572 1065 621 ἐπιστροφήν
1085 577 1152 622 (ita
1172 576 1269 612 enim
1289 576 1560 622 corrigendum)
1579 576 1615 612 h.
1628 587 1657 612 0.
1675 577 1749 612 οωί-

227 626 313 666 tum,
339 621 580 657 novissimum
607 622 805 668 distichon,
824 623 863 658 in
884 635 957 668 quo
976 624 1086 658 cardo
1115 623 1229 660 totius
1249 623 1428 669 poematii
1447 625 1626 660 versatur.
1660 624 1750 660 For-

225 670 327 705 tasse
353 669 624 705 Demosthenes
652 670 805 706 consilio
830 671 926 707 iuvit
950 672 1118 716 poetam,
1150 671 1212 707 vel
1243 682 1327 706 cum
1359 673 1483 707 orator
1513 671 1551 706 in
1583 670 1750 707 oratione

225 717 370 752 funebri
398 717 555 753 eandem
583 718 805 753 sententiam
824 718 1060 763 illustrasset,
1080 718 1158 755 eius
1177 718 1340 765 vestigia
1357 718 1451 764 legit
1470 718 1751 774 epigrammatis

226 764 393 810 scriptor.
449 764 547 800 Nam
587 776 659 810 quo
697 765 818 800 minus
850 766 1096 801 Demostheni
1132 767 1318 802 tribuatur
1356 766 1604 823 epigramma,
1614 765 1752 822 ipsius

227 811 383 848 oratoris
421 812 537 848 verba
567 824 662 871 quae
698 815 902 858 sequuntur
927 810 1233 871 prohibent-013
1268 814 1318 862 τῷ
1344 811 1548 871 συμβούλῳ
1583 811 1651 859 τὴν
1684 813 1752 850 τοῦ

152 903 155 905 Β
226 859 443 917 κατορθοῦν
469 858 556 901 τοὺς
564 858 880 918 αγωνιζομένους
898 858 1083 918 ἀνέθηκε
1120 858 1300 908 δύναμιν,
1331 858 1424 896 αλλὰ
1456 866 1533 902 τοῖς
1562 864 1686 902 θεοῖς·
1717 861 1836 897 τί644

228 901 308 951 οὖν,
336 921 364 942 ω
390 905 588 953 κατάρατ’
615 905 698 954 ἐμοὶ
723 908 810 954 περὶ
841 906 983 944 τούτων
1015 909 1166 956 λοιδορῇ
1200 909 1264 944 καὶ
1295 908 1416 954 λέγεις
1441 905 1464 943 ἃ
1492 908 1550 945 σοὶ
1581 908 1647 944 καὶ
1676 913 1754 950 τοῖς

226 959 304 995 σοῖς
330 953 369 990 οἷ
390 955 479 991 θεοὶ
505 954 687 999 τρέψειαν
713 955 766 997 εἰς
779 953 980 1010 ’κεφαλήνς
1008 958 1049 992 In
1074 957 1146 992 hoc
1166 956 1451 1002 epigrammate,
1477 956 1575 1001 quod
1595 956 1754 992 Karsten

227 1002 314 1047 (vid.
341 1002 475 1039 Philol.
502 1003 588 1039 XlV
619 1006 703 1048 413)
735 1004 873 1039 iniuria
906 1004 1066 1039 maxima
1097 1015 1141 1039 ex
1175 1006 1282 1050 parte
1322 1003 1562 1039 subditicium
1600 1003 1753 1049 censuit,

227 1061 315 1085 sane
348 1051 468 1086 multa
503 1051 660 1086 obscura
691 1053 730 1086 et
761 1051 805 1087 de
837 1051 929 1088 vitio
964 1055 1135 1097 suspecta
1166 1053 1266 1095 sunt,
1303 1051 1436 1097 quibus
1469 1050 1754 1087 difficultatibus

226 1097 465 1143 expediendis
503 1109 587 1133 cum
618 1099 692 1134 iam
729 1098 872 1144 priores
904 1110 1055 1145 operam
1086 1099 1292 1144 dedissent,
1323 1101 1404 1135 tum
1435 1110 1553 1144 nuper
1588 1098 1753 1144 disputa-

226 1147 359 1181 verunt
385 1145 429 1180 de
455 1146 526 1181 hoc
550 1147 741 1191 poematio
761 1146 932 1182 certatim
958 1147 1126 1182 homines
1146 1147 1257 1191 docti,
1278 1146 1540 1182 Funckhaenel
1560 1146 1599 1181 in
1618 1146 1753 1182 Philol.

226 1193 277 1228 VI
303 1196 371 1228 565
399 1203 474 1238 seq.
525 1193 722 1229 Froehlich
753 1193 793 1229 in
823 1195 906 1229 Act.
934 1194 1014 1229 Soc.
1041 1195 1183 1230 Monac.
1213 1197 1303 1230 1845
1334 1207 1370 1240 p.
1399 1197 1442 1229 78
1475 1205 1576 1239 seqq.
1628 1193 1754 1230 Osann

226 1240 265 1275 in
298 1239 502 1276 Comment.
531 1240 667 1276 Semin.
700 1240 834 1277 Philol.
862 1241 956 1277 Giss.
990 1242 1041 1277 Vl
1074 1245 1118 1277 10
1143 1252 1220 1287 seq.
1269 1243 1435 1277 Dfintzer
1473 1241 1650 1286 Epitheta
1688 1240 1756 1276 der

227 1288 359 1323 Gotter
383 1300 418 1333 p.
446 1291 502 1323 48.
541 1288 705 1334 Bernays
724 1288 763 1324 in
783 1289 876 1324 Mus.
897 1289 1014 1324 Rhen.
1036 1289 1121 1325 XIV
1141 1293 1221 1324 321.
1250 1288 1415 1324 Ribbeck
1440 1289 1478 1323 in
1497 1288 1755 1324 Helvetiorum

225 1335 318 1371 Mus.
345 1335 479 1371 Philol.
510 1339 616 1381 1862,
644 1336 802 1381 denique
829 1337 984 1372 Voemel
1018 1336 1057 1371 in
1090 1336 1393 1372 adnotationibus
1419 1336 1468 1371 ad
1493 1335 1755 1372 Demosthenis

227 1383 434 1418 orationem
474 1384 512 1419 et
547 1383 586 1418 in
621 1395 776 1420 excursu
813 1383 995 1429 peculiari
1033 1384 1089 1419 ed.
1125 1384 1358 1420 novissimae.
1409 1383 1595 1429 Expedita
1631 1384 1756 1419 omnia

225 1429 416 1466 existimat
441 1431 678 1467 Thudichum
702 1431 794 1468 Mus.
814 1432 931 1468 Rhen.
953 1432 1021 1467 XII
1047 1436 1127 1468 297.
1173 1431 1245 1467 Sed
1270 1442 1390 1476 neque
1416 1431 1500 1467 aliis
1525 1442 1644 1476 neque
1669 1430 1755 1466 Kai-

227 1478 326 1514 belio
351 1478 552 1524 persuasit,
579 1478 643 1524 qui
677 1479 763 1523 (vid.
791 1481 988 1515 comment
1015 1480 1060 1514 de
1091 1482 1415 1515 monumentorum
1447 1479 1593 1524 aliquot
1623 1478 1755 1514 carmi-

226 1525 335 1561 nibus
361 1526 512 1562 Bonnae
541 1528 646 1572 1871)
672 1526 861 1562 Karstenii
893 1527 1055 1573 vestigia
1087 1527 1235 1562 secutus
1265 1538 1340 1562 non
1372 1525 1491 1562 solum
1524 1526 1757 1580 epigramma

227 1574 328 1609 mala
351 1574 482 1610 fraude
508 1574 636 1610 fictum
662 1577 807 1620 censet,
833 1575 899 1610 sed
925 1574 1040 1610 etiam
1065 1586 1282 1620 germanum
1315 1574 1546 1610 monumenti
1576 1573 1677 1609 illius
1707 1572 1755 1609 ti·

226 1621 347 1656 tulum
375 1621 447 1656 sibi
485 1621 582 1657 visus
614 1624 672 1658 est
702 1621 988 1680 recuperavisse.
1039 1623 1080 1658 In
1111 1621 1223 1658 Anth.
1251 1621 1328 1657 Pal.
1357 1621 1424 1657 VII
1450 1624 1518 1657 245
1551 1622 1637 1667 post
1661 1621 1758 1657 Gae

229 1668 336 1704 tulici
362 1668 593 1715 epigramma
619 1667 775 1715 legitur:
801 1670 868 1705 τοῦ
895 1667 1031 1705 αυτοῦ·

436 1735 477 1776 Ὠ
497 1738 627 1799 2591in
653 1741 842 1776 παντοίων
866 1743 1023 1786 θνητοῖς
1048 1742 1306 1777 πανεπίσκοπε
1335 1742 1482 1786 δαῖμον,

488 1786 646 1847 ἅγγελος
671 1785 863 1846 ἡμετέρων
888 1789 980 1824 πᾶσι
1006 1789 1119 1834 γενοῦ
1145 1787 1306 1824 παθέων

444 1834 492 1877 ὡς
517 1833 624 1882 ἱεραν
651 1834 782 1879 σωζειν
807 1833 1033 1893 πειρώμενοι
1054 1833 1216 1872 Ελλαδα
1243 1833 1366 1894 χώρην

491 1883 664 1919 Βοιωτῶν
690 1887 852 1924 κλεινοῖς
876 1881 1097 1929 θνῄσκομεν
1124 1881 1166 1920 έν
1192 1881 1382 1924 δαπέδοις.

227 1955 292 1991 ubi
332 1955 591 2000 corrigendum
631 1951 887 1998 πανεπι’σκοπ’
921 1952 1120 1999 ἀέθλων,
1151 1965 1238 1989 nam
1273 1955 1409 2000 δαῖμον
1441 1954 1551 1999 plane
1584 1953 1756 1989 otiosum.

228 2005 310 2038 lure
336 2003 530 2039 Gaetulico
556 2001 749 2038 abiudicat
774 1995 908 2038 Kaibel
939 2002 1010 2038 hoc
1036 2002 1282 2048 epigramma,
1315 2003 1502 2047 negatque
1528 2002 1758 2037 demonstra-

230 2050 301 2086 tivi
326 2050 472 2096 generis
498 2061 579 2086 esse
604 2049 855 2096 poematium,
882 2050 1052 2086 adhibito
1077 2050 1289 2095 fragmento
1314 2048 1434 2092 tituli,
1461 2060 1571 2094 quem
1597 2047 1759 2084 Pittakis

220 2109 345 2144 prope
372 2097 610 2143 Olympieum
635 2097 832 2144 indagavit
857 2099 895 2133 et
919 2097 958 2132 in
983 2098 1139 2143 Ephem.
1165 2097 1276 2132 Arch.
1304 2100 1372 2132 545
1399 2076 1518 2132 edidit

779 2169 1206 2204 ΕΠΑΝΤΟΙΩΝΘΝΙΤΕ

777 2216 1208 2251 ΟΣΗΜΕΤΕΡΩΝΠΑΣ

227 2301 338 2334 quem
375 2288 526 2324 titulum
565 2287 663 2323 inter
703 2287 759 2323 Ol.
787 2287 884 2323 CVII
921 2289 959 2323 et
984 2286 1082 2323 CXX
1114 2286 1293 2333 scriptum
1325 2298 1404 2322 esse
1431 2286 1564 2340 Kaibel
1588 2286 1759 2322 testatur.

227 2338 304 2372 Hos
348 2337 463 2383 igitur
506 2336 683 2380 quattuor
725 2346 852 2371 versus
889 2334 928 2370 in
966 2336 1206 2370 monumento
1242 2345 1380 2378 eorum,
1419 2333 1485 2379 qui
1525 2334 1760 2370 Chaeroneae

228 2386 385 2421 moitem
418 2395 485 2430 pro
509 2382 634 2438 patria
658 2383 804 2419 fortiter
840 2384 1048 2428 pugnantes
1081 2382 1269 2426 obierunt,
1300 2381 1499 2427 inscriptos
1529 2381 1643 2416 fuisse
1675 2391 1760 2416 con-

227 2432 326 2470 iecit.
378 2431 530 2467 Assensi
564 2431 651 2466 sunt
681 2429 852 2466 Kaibelio
880 2441 963 2465 cum
995 2430 1061 2465 alii
1085 2431 1166 2465 tum
1191 2429 1389 2465 Kirchhoff
1417 2429 1556 2474 (Herm
1582 2429 1632 2464 VI
1659 2431 1760 2474 487);

229 2480 473 2516 adversantur
511 2477 673 2524 Spengel
712 2477 898 2524 (Berichte
937 2478 1002 2513 der
1038 2478 1161 2523 bayer.
1201 2478 1264 2512 Ac.
1306 2481 1396 2512 1875
1429 2489 1463 2522 p.
1499 2479 1567 2511 287
1599 2478 1689 2521 seq.)
1722 2479 1761 2511 et

229 2527 273 2562 H.
300 2527 399 2563 Weil
431 2527 572 2572 (Revue
605 2526 650 2562 de
683 2525 891 2571 Philologie
925 2529 1015 2561 1877
1042 2537 1077 2570 p.
1104 2528 1149 2560 25
1176 2526 1268 2570 seq.)
1293 2525 1372 2559 iure
1398 2523 1614 2568 meritoque.
1664 2524 1758 2559 Nam

231 2575 485 2620 Olympieum,
530 2573 594 2608 ubi
630 2572 695 2609 ille
737 2572 834 2619 lapis
875 2574 1063 2626 repertus,
1106 2572 1219 2618 longo
1263 2571 1462 2607 intervallo
1507 2571 1703 2606 diremtum
1736 2583 1759 2607 a

230 2622 438 2666 Ceramico,
477 2621 515 2656 in
549 2633 622 2666 quo
653 2632 754 2656 more
785 2619 908 2666 patrio
940 2621 1011 2656 hoc
1043 2621 1323 2655 monumentum
1356 2619 1530 2675 erectum,
1562 2618 1635 2655 vid.
1663 2619 1758 2654 Pau-

231 2670 359 2705 san.1
391 2673 533 2713 29,13
573 2670 611 2705 et
648 2668 825 2722 Themist.
864 2679 914 2704 or.
954 2672 998 2703 22
1037 2679 1072 2713 p.
1111 2671 1180 2703 335
1223 2663 1280 2711 (ἐν
1319 2667 1369 2716 τῷ
1407 2663 1517 2714 τάφῳ
1554 2665 1604 2701 τῶ
1643 2667 1757 2711 δημο-

230 2719 323 2765 σίῳ).
333 2717 365 2761 *)
414 2698 547 2752 Kaibel
582 2716 654 2752 huc
686 2715 850 2752 animum
882 2715 1030 2751 omnino
1062 2726 1136 2751 non
1167 2713 1347 2759 advertit,
1378 2725 1499 2759 neque
1530 2702 1626 2749 vidit
1649 2713 1757 2759 lugu-

325 2823 359 2869 *)
387 2823 635 2861 Themistium
665 2822 869 2859 verisimile
900 2823 958 2858 est
997 2821 1111 2858 etiam
1143 2821 1310 2857 Athenas
1347 2811 1483 2858 adiisse
1519 2818 1644 2864 ibique
1682 2830 1757 2854 me-

231 2883 371 2907 morem
396 2862 706 2907 Demosthenicae
732 2869 911 2906 orationis
937 2869 1052 2905 etiam
1077 2870 1357 2906 monumentum
1382 2868 1476 2904 illud
1500 2867 1540 2903 in
1569 2866 1757 2903 Ceramico

231 2918 443 2955 visitavissc
470 2917 696 2963 titulumque
722 2917 839 2955 oculis
864 2917 1112 2964 usmpavisse.
