1890 3216
209 186 298 230 462
800 187 1154 226 IAMBOGRAPHI.

885 298 925 340 4.
960 298 1064 352 [44.]

294 379 442 424 Πόλιν
473 382 712 438 καθαίρειν
743 379 816 423 καὶ
849 364 1041 438 κράδῂσι
1073 379 1321 436 βάλλεσθαι

299 450 590 509 (φάρμακον.)

890 585 929 627 5.
962 585 1068 639 [44.]
1675 597 1743 630 ’153

298 666 549 718 Βάλλοντες
581 667 629 710 ἐν
661 668 845 723 λειμῶνι
876 666 950 710 καὶ
984 668 1240 724 ῥαπίζοντες

297 737 489 797 κράδῃσι
522 738 594 782 καὶ
628 737 880 797 σκίλλῃσιν,
915 736 1061 797 ὥσπερ
1094 738 1345 797 φάρμακον.

305 906 362 941 F1.
390 909 456 941 4—
462 909 483 940 9
510 904 620 941 affert
644 905 949 963 Tzetz.Cl1il.V
971 909 1055 942 726.
1077 903 1119 941 O
1144 903 1354 962 φαρμακός,
1381 903 1422 942 τὸ
1450 904 1645 967 κάθαρμα,
1672 920 1747 943 τοι-

210 954 322 990 οῦτον
360 947 407 998 ἧν
440 950 481 988 τὸ
514 949 732 988 nolim-3221
766 951 941 1011 συμφορὰ
973 952 1157 1012 κατέλαβε
1190 951 1299 989 πόλιν
1330 956 1541 1014 θεομηνίᾳ,
1573 953 1642 1005 εἴτ’
1677 968 1746 991 ουν

207 999 323 1059 λιμός,
351 1003 424 1037 εἴτε
452 998 591 1046 λοιμός,
617 1002 691 1036 εἴτε
720 1002 783 1036 καὶ
811 999 948 1057 βλάβος
967 999 1067 1045 ἄλλο,
1087 1016 1163 1037 των
1183 999 1336 1037 πάντων
1362 999 1627 1049 ἀμορφότερον
1651 997 1746 1061 ἦγον

209 1046 258 1090 ὡς
295 1046 390 1093 πρὸς
423 1050 566 1084 θυσίαν
600 1047 654 1089 εἰς
688 1046 904 1106 καθαρμὸν
926 1049 989 1084 καὶ
1022 1047 1225 1095 φάρμακον
1263 1046 1407 1091 πόλεως
1421 1051 1510 1108 τῆς
1546 1048 1746 1108 νοσούσης·

209 1096 264 1138 εἰς
288 1094 406 1132 τόπον
433 1095 474 1132 δὲ
502 1093 568 1131 τὸν
594 1093 813 1156 πρόσφορον
840 1094 1042 1156 στῄσαντες
1067 1096 1136 1142 τὴν
1171 1099 1315 1133 θυσίαν
1341 1095 1456 1158 τυρόν
1482 1111 1520 1134 τε
1548 1096 1681 1140 δόντες
1704 1099 1748 1158 τῇ

209 1144 289 1204 χερὶ
321 1144 386 1180 καὶ
418 1142 540 1190 μάζαν
573 1144 638 1179 καὶ
671 1142 845 1201 ἰσχάδας,
881 1157 1036 1186 επτακις
1070 1159 1142 1191 γαρ
1181 1143 1407 1203 ῥἀπίσαντες
1439 1143 1587 1182 ἐκεινον
1620 1146 1675 1187 εἰς
1707 1145 1750 1182 τὸ

209 1191 301 1233 πέος
321 1194 484 1233 σκίλλαις
511 1196 642 1232 συκαις
667 1188 818 1250 ἀγρίαις
843 1206 881 1228 τε
909 1192 974 1228 καὶ
1000 1190 1125 1234 ἄλλοις
1150 1194 1224 1228 τῶν
1251 1190 1405 1250 ἀγρίων,
1425 1192 1529 1235 τέλος
1547 1193 1641 1252 πυρὶ
1664 1208 1750 1231 κατ-

211 1239 342 1276 ε’καιον
380 1238 421 1275 ἐν
460 1237 585 1283 ξύλοις
622 1244 701 1280 τοῖς
733 1236 888 1285 ἀγρίοις.
926 1268 1052 1277 .....
1086 1238 1106 1275 ὁ
1140 1239 1181 1276 δὲ
1209 1237 1396 1284 Ἱππῶναξ
1432 1238 1566 1287 αριστα
1598 1239 1750 1299 σύμπαν

209 1286 250 1324 τὸ
280 1287 372 1328 ἔθος
395 1286 513 1345 λέγει
541 1285 687 1323 Πόλιν
720 1291 794 1323 κτλ.
830 1288 886 1334 (fr.
914 1292 950 1332 4)
976 1288 1041 1324 καὶ
1067 1286 1231 1334 ἀλλαχοῦ
1260 1287 1303 1324 δέ
1335 1287 1410 1325 πού
1443 1301 1558 1335 φησιν
1579 1287 1750 1347 πρώτῳ

210 1333 356 1393 ἰάμβῳ
393 1332 570 1393 γράφων·
603 1332 858 1377 Βαλλοντες
889 1339 964 1372 κτλ.
994 1337 1052 1395 {fn
1079 1339 1115 1382 5)
1147 1336 1212 1372 καὶ
1243 1333 1358 1372 παλιν
1390 1333 1517 1378 ἄλλοις
1548 1335 1677 1378 τόποις
1708 1336 1750 1373 δὲ

209 1381 329 1424 ταῦτά
358 1396 451 1429 φησι
476 1380 561 1419 κατ’
598 1381 705 1424 ξ’·πος
738 1387 827 1419 Δεῖ
853 1413 861 1421 .
883 1412 891 1420 .
914 1414 920 1421 .
944 1413 951 1420 .
986 1398 1041 1425 ως
1076 1383 1233 1442 ἔχουσι
1265 1389 1528 1443 φαρμακοῖς
1560 1385 1752 1431 (continuo

210 1443 249 1468 se
289 1432 481 1487 excipiunt
518 1430 648 1467 ordine
686 1430 730 1467 fr.
763 1436 795 1468 6.
824 1437 855 1468 7.
890 1435 926 1476 8)
965 1433 1029 1468 καὶ
1067 1429 1231 1478 ἀλλαχοῦ
1265 1430 1307 1468 δέ
1345 1429 1420 1469 πού
1459 1445 1575 1478 φησιν
1616 1430 1662 1469 ἐν
1694 1433 1751 1482 τῷ

210 1476 332 1528 αὐτῷ
366 1476 531 1527 ἰαμβῳ·
549 1479 689 1534 ,Λιμῷ
715 1482 792 1516 κτλ.
820 1480 876 1525 (fr
906 1481 952 1526 9).
998 1479 1100 1516 Haec
1134 1492 1197 1516 sex
1227 1480 1443 1526 fragmenta
1467 1483 1593 1516 utrum
1627 1470 1753 1517 omnia

197 1540 256 1563 ex
282 1517 414 1564 eodem
441 1527 606 1563 carmine
632 1539 681 1563 an
703 1539 746 1563 ex
767 1527 922 1564 diversis
948 1528 1069 1574 petita
1095 1528 1180 1573 sint,
1200 1539 1277 1564 non
1297 1528 1393 1564 satis
1413 1530 1514 1564 certo
1535 1529 1750 1574 dignoscas:

210 1587 255 1611 ex
280 1575 401 1621 primo
426 1575 639 1611 iamborum
664 1575 761 1611 libro
793 1577 894 1611 certe
928 1578 1079 1622 praeter
1109 1576 1153 1612 fr.
1181 1580 1202 1612 5
1228 1576 1378 1612 videtur
1400 1576 1444 1613 fr.
1471 1580 1492 1612 9
1520 1587 1616 1622 esse,
1646 1575 1752 1613 nolui

209 1626 336 1659 tamen
374 1623 558 1659 dirimere.
611 1622 784 1659 Ceterum
821 1623 991 1660 codicum
1027 1623 1281 1660 Parisinorum
1316 1623 1498 1660 lectiones
1537 1625 1575 1660 et
1609 1624 1753 1660 scholia

210 1673 298 1717 post
324 1671 541 1707 Dubnerum
567 1672 606 1706 et
632 1671 847 1707 Cramerum
873 1671 993 1707 edidit
1018 1671 1157 1708 Theod.
1187 1671 1335 1708 Pressel
1368 1673 1457 1718 post
1482 1672 1639 1708 Tzetzae
1666 1672 1757 1718 Epi--

211 1720 326 1755 stolas
358 1732 393 1765 p.
424 1723 502 1755 116.
530 1740 575 1744 —
606 1718 666 1754 Fr.
693 1722 716 1754 4
747 1717 926 1766 κράδῃσι,
957 1719 1023 1754 ΑΒ
1059 1731 1172 1765 supra
1203 1724 1346 1761 συκαῖς.
1397 1720 1505 1755 Hunc
1536 1732 1684 1756 versum
1716 1721 1754 1756 et

211 1768 335 1822 ipsum
371 1778 415 1802 ex
448 1767 570 1812 primo
605 1766 700 1802 libro
736 1767 899 1824 petitum
935 1778 1015 1803 esse
1051 1768 1164 1803 fidem
1196 1768 1287 1803 facit
1319 1767 1488 1803 scholion
1521 1767 1753 1814 adscriptum

209 1815 333 1851 versui
360 1826 453 1860 seq.:
481 1814 573 1860 φησὶ
575 1827 596 1848 ν
624 1811 666 1849 ἐν
691 1815 741 1862 τῷ
769 1811 871 1850 αὐτῶ
899 1812 939 1850 ἰα
942 1817 1034 1863 μβῳ.
1063 1836 1107 1841 -
1134 1814 1179 1850 V
1199 1819 1232 1851 2.
1261 1812 1464 1861 φάρμακον
1491 1815 1623 1859 adieci,
1650 1815 1751 1873 quod

210 1874 299 1898 casu
330 1861 511 1898 excidisse
544 1862 720 1907 apparet,
759 1862 805 1898 cf.
837 1850 880 1898 fr.
909 1866 930 1898 5
957 1865 996 1898 et
1028 1863 1183 1907 Hesych.
1215 1863 1458 1908 κραὸησίτης,
1491 1875 1694 1909 φαρμακος
1732 1875 1753 1901 o

210 1915 293 1951 ταῖς
312 1907 473 1994 κριέὃαές
494 1908 731 1958 βαλλόμενος.
773 1909 872 1946 Olim
898 1910 1107 1956 suspicatus
1133 1922 1214 1945 sum
1236 1911 1278 1946 fr.
1300 1915 1322 1945 4
1348 1910 1646 1956 subiungendum
1673 1921 1753 1946 esse

210 1969 335 1994 versui
376 1971 394 1993 r

308 2054 366 2090 Fr.
394 2058 425 2090 5.
477 2056 521 2089 V.
552 2058 582 2089 1.
622 2054 775 2100 λειμῶνι
814 2053 1094 2100 Schneidewin,
1132 2054 1334 2110 legebatur
1366 2054 1532 2100 χειμῶνι.
1568 2075 1609 2080 —-
1649 2055 1692 2090 V.
1719 2058 1751 2090 3.

213 2101 431 2162 φαρμακόν,
458 2102 503 2138 cf.
530 2101 638 2138 Phot.
666 2105 747 2144 640,
774 2105 812 2137 8:
842 2082 1104 2158 Φαρμακός·
1130 2099 1172 2137 τὸ
1199 2100 1402 2159 κάθαρμα,
1438 2100 1619 2160 βραχέως·
1647 2115 1683 2137 οι
1709 2100 1752 2137 δὲ

203 2148 332 2191 Ἴωνες
359 2147 591 2190 ἐκτείνοντες
617 2148 767 2207 λέγουσι
794 2163 1053 2209 φαρμακον.
1088 2142 1195 2185 οὗτοι
1225 2148 1297 2206 γὰρ
1324 2148 1388 2184 διὰ
1415 2147 1484 2194 τὴν
1510 2150 1584 2184 τῶν
1612 2146 1752 2206 βαρβά-

213 2211 288 2255 ρων
317 2199 539 2244 παροίκησιν
567 2195 801 2255 ἐλυμήναντο
829 2198 895 2243 τῆς
927 2196 1125 2234 διαλέκτου
1152 2195 1194 2233 τὸ
1221 2194 1399 2243 πάτριον,
1432 2210 1478 2232 τα
1505 2195 1638 2251 μέτρα,
1664 2194 1752 2238 τοὺς

213 2243 388 2302 χρόνους
416 2247 528 2291 δηλοι
547 2245 612 2281 καὶ
642 2246 834 2288 Ιππῶναξ.
874 2245 1085 2280 Secundum
1105 2245 1490 2290 Eust.0d.1935,12
1511 2244 1628 2281 Attici
1654 2257 1752 2290 φαρ-

214 2292 350 2340 μακός,
382 2293 490 2329 Iones
523 2307 724 2340 φαρμακος
754 2293 1069 2339 pronuntiabant,
1106 2293 1166 2328 cui
1197 2295 1398 2339 praecepto
1429 2304 1528 2328 nunc
1555 2293 1753 2328 obsecutus

217 2353 315 2387 sum,
350 2353 577 2387 quamquam
603 2341 690 2377 libri
715 2341 755 2376 in
780 2340 949 2377 versibus
975 2341 1244 2386 Hipponacteis
1269 2341 1347 2376 fere
1373 2341 1615 2377 novissimam
1641 2341 1750 2386 sylla-

218 2390 307 2425 bam
339 2391 495 2434 acuunt,
534 2389 607 2425 nisi
643 2389 743 2434 quod
767 2389 931 2424 Photius
962 2388 1162 2424 discrimen
1195 2388 1426 2425 observavit:
1465 2390 1593 2433 estque
1625 2399 1754 2424 accen-

217 2440 279 2473 tus
305 2437 399 2473 haee
430 2437 592 2473 varietas
624 2449 647 2472 a
678 2436 902 2482 quantitatis
936 2436 1155 2472 diversitate
1187 2447 1261 2472 non
1296 2436 1512 2482 separanda.
1563 2435 1756 2481 Didymus,
1803 2461 1807 2465 -

218 2487 261 2520 ut
292 2486 525 2531 paenultima
554 2485 740 2540 producta
776 2484 876 2530 apud
914 2485 1020 2519 Iones
1056 2484 1151 2519 nulli
1187 2482 1416 2519 dubitationi
1449 2483 1609 2520 obnoxia
1647 2485 1756 2529 esset,

219 2533 412 2579 praecepit
437 2533 638 2579 φαρμᾶκος
663 2532 910 2576 scribendum,
930 2542 1067 2590 neque
1077 2534 1206 2567 tamen
1226 2531 1422 2588 quisquam
1442 2532 1592 2567 videtur
1611 2531 1755 2567 obtem—

219 2581 425 2626 peravisse:
451 2581 539 2616 hinc
565 2581 742 2626 Harpocr.
769 2592 803 2625 p.
827 2583 895 2616 180
921 2576 987 2615 αλλ
1030 2592 1139 2625 ημεις
1165 2577 1232 2624 οὐχ
1261 2592 1421 2625 ευρομεν
1455 2592 1551 2615 ουτω
1585 2591 1660 2614 που
1685 2576 1754 2624 τὴν

220 2629 363 2673 χρῆσιν,
390 2628 486 2664 adde
512 2629 571 2663 Et.
586 2628 642 2685 Μ.
668 2631 748 2672 188,
774 2632 806 2663 3.
857 2627 1091 2663 Herodianus
1116 2626 1206 2684 quid
1237 2627 1471 2673 praeceperit
1496 2626 1660 2663 ostendit
1686 2628 1754 2661 Ar-

221 2677 299 2711 cad.
328 2679 391 2711 51.
419 2673 620 2722 φαρμακός
646 2673 666 2711 ὃ
696 2657 757 2711 ἐπ’).
782 2675 970 2723 καθαρμῷ
996 2675 1063 2720 τῆς
1088 2672 1233 2715 πόλεως
1257 2675 1458 2719 τελευτῶν,
1485 2686 1688 2728 φαρμακός
1711 2671 1754 2709 δὲ

219 2720 239 2758 ὁ
266 2721 368 2769 γόης
414 2724 449 2758 Is
480 2723 598 2769 igitur
630 2723 747 2758 edixit
784 2712 991 2759 acuendam
1030 2733 1109 2758 esse
1145 2722 1319 2757 ultimam
1356 2724 1434 2758 tam
1472 2722 1572 2767 apud
1610 2720 1755 2757 Atticos

220 2771 418 2817 scriptores
445 2783 558 2817 quam
583 2771 685 2816 apud
712 2771 866 2815 Ionicos,
891 2770 1154 2806 retrahendum
1181 2771 1395 2814 accentum,
1421 2769 1486 2805 ubi
1511 2780 1647 2805 nomen
1670 2779 1755 2814 pro-

219 2818 342 2863 prium
378 2819 442 2854 sit:
475 2818 549 2855 vid.
581 2818 684 2864 Harp
687 2830 759 2854 ocr.
794 2822 872 2854 180.
907 2818 955 2853 Et
980 2819 1028 2855 Μ.
1058 2821 1142 2863 787,
1175 2820 1238 2862 52,
1271 2820 1311 2852 at
1340 2829 1414 2853 non
1446 2816 1609 2852 debebat
1639 2816 1756 2852 Hero-

220 2865 353 2919 dianus
378 2866 474 2902 Istro
500 2867 613 2902 fidem
638 2867 796 2910 habere,
822 2877 910 2902 nam
934 2865 1081 2900 nullum
1106 2846 1180 2907 fiiit
1203 2876 1340 2901 nomen
1370 2864 1576 2911 proprium.
1625 2863 1755 2899 Nihilo

221 2913 341 2949 minus
366 2914 569 2949 Herodiani
595 2914 859 2950 auctoritatem
884 2913 962 2949 fere
988 2914 1194 2958 sequuntur
1213 2913 1449 2960 grammatici
1469 2913 1509 2947 et
1528 2911 1684 2957 librarii,
1709 2911 1756 2946 cf.

222 2960 338 2996 etiam
364 2960 487 2996 Schol.
516 2962 556 2997 ll.
583 2964 618 2996 ,Ω
645 2965 713 2997 566
741 2963 779 2997 et
803 2962 862 2996 Et.
888 2961 938 2996 M.
965 2964 1054 3007 802,
1080 2963 1113 2995 5.
