1890 3216
895 711 969 754 IX.
1637 725 1706 756 442

614 806 1250 857 DEMODOCUS.

665 929 1202 974 ΕΠΙΓΡΑΜΜΑΤΑ.

914 1032 951 1073 1.

232 1111 343 1170 (Καὶ
374 1110 479 1156 τόδε
511 1111 825 1172 Δημοδόκου·)
860 1111 1079 1170 Μιλήσιοι
1112 1111 1317 1166 ἀξύνετοι
1349 1112 1431 1169 μέν

292 1182 375 1229 οὐκ
406 1187 513 1241 εἰσί,
547 1187 717 1243 δρῶσιν
750 1183 792 1228 δ’
829 1179 903 1229 οἷοί
935 1201 1017 1244 περ
1049 1182 1269 1238 ἀξύνετοι.

914 1308 954 1350 2.

233 1389 326 1434 Καὶ
356 1388 460 1435 τόδε
494 1388 787 1447 Δημοδόκου·
819 1394 924 1435 Χῖοι
955 1394 1102 1434 κακοί·
1136 1387 1218 1447 οὐχ
1251 1386 1275 1433 ὁ
1309 1389 1411 1446 μέν,
1446 1386 1496 1442 ὃς
1528 1387 1569 1433 δ’
1606 1388 1677 1446 οὔ,

291 1460 474 1517 πάντες,
506 1460 624 1519 πλὴν
656 1462 936 1520 Προκλέους·
967 1462 1042 1506 καὶ
1074 1462 1307 1520 Προκλέης
1341 1460 1391 1506 δὲ
1423 1465 1550 1505 Χίου.

918 1584 958 1626 3.

233 1666 389 1718 Πάντες
420 1667 492 1723 μὲν
523 1670 681 1719 Κίλικες
715 1669 829 1711 κακοὶ
862 1666 1015 1723 ἀνέρες·
1049 1669 1092 1710 ἕν
1124 1668 1167 1710 δὲ
1199 1671 1354 1719 Κίλιξιν

295 1731 352 1784 εἷς
383 1731 540 1789 ἀγαθὸς
570 1733 770 1789 Κινύρης,
802 1735 868 1776 καὶ
900 1732 1081 1789 Κινύρης
1113 1734 1156 1776 δὲ
1188 1737 1311 1784 Κίλιξ

258 1840 554 1900 Demodocus.
604 1863 665 1900 Fr.
694 1869 724 1900 1.
768 1863 980 1921 Composui
1005 1876 1050 1900 ex
1075 1863 1231 1899 Aristot
1258 1863 1343 1900 Eth.
1370 1862 1453 1898 Nic.
1481 1863 1548 1899 VII
1575 1867 1614 1899 9:
1650 1860 1707 1899 Οὐ

161 1908 237 1957 μὴν
263 1907 347 1947 ἀλλ’
375 1906 509 1969 ομοιόν
541 1925 583 1969 γε
610 1909 708 1948 κατὰ
735 1909 803 1953 τὰς
828 1909 994 1958 πράξεις,
1022 1924 1148 1956 ωσπερ
1174 1909 1214 1946 τὸ
1237 1908 1472 1970 Δημοδόκου
1507 1910 1562 1952 εἰς
1587 1914 1707 1957 Μιλη-

162 1959 282 2000 σίους·
309 1956 491 2016 Μιλήσιοι
516 1957 589 2020 γὰρ
609 1957 696 2020 (γὰρ
716 1960 802 1996 add.
823 1959 950 2004 LbOb‚
973 1971 1045 1995 om.
1067 1959 1196 2005 ceteri)
1223 1955 1401 2002 ἀξύνετοι
1427 1957 1496 2005 μὲν
1524 1955 1592 1995 οὐκ
1621 1958 1706 2003 εἰσί,

163 2007 279 2051 δρῶσι
305 2005 347 2042 δὲ
374 2003 509 2065 οἷάπερ
536 2006 575 2043 οἴ
597 2006 653 2054 (οι
675 2020 748 2045 om.
775 2008 846 2054 Ob)
884 2005 1080 2053 ἀξύνετοι,
1112 2007 1178 2043 ubi
1207 2007 1404 2066 Aspasius,
1437 2019 1548 2052 quem
1580 2007 1710 2044 laudat

163 2054 358 2091 Michelet:
387 2051 406 2090 ὁ
427 2022 660 2111 Δημόδοκος
686 2054 826 2102 Λάριος
853 2057 936 2101 (scr.
962 2055 1109 2101 Λέριος)
1136 2049 1183 2101 ἦν
1203 2053 1245 2091 τὸ
1269 2054 1390 2100 γένος,
1411 2053 1529 2091 πολλὰ
1551 2053 1593 2091 δὲ
1612 2052 1706 2091 ἄπο-

165 2100 346 2138 σκώπτων
372 2100 462 2144 τοὺς
474 2105 696 2163 Μιλησίους
723 2104 863 2162 ἔλεγεν.
915 2103 1090 2140 Ceterum
1116 2114 1226 2149 quem
1253 2104 1496 2149 Pseudoplut.
1517 2104 1562 2139 de
1588 2103 1708 2139 F.lum

164 2161 195 2186 c.
225 2154 285 2187 18·
311 2148 445 2192 καθὼς
470 2149 615 2206 ἱστορεῖ
638 2150 866 2198 Δημόδοκος
891 2149 933 2188 ἐν
953 2150 988 2187 α’
1005 2149 1227 2198 Ηρακλείας
1246 2150 1350 2195 dicit,
1371 2151 1433 2188 vel
1453 2151 1620 2187 diversus
1647 2152 1708 2187 vel

164 2198 291 2244 potius
316 2197 443 2235 nullus
470 2200 621 2237 omnino
646 2200 730 2236 suit.

260 2246 319 2282 Fr.
346 2251 378 2282 2.
429 2248 542 2283 Anth.
569 2246 729 2285 Pa1.X1
754 2253 840 2285 235·
869 2252 903 2283 Δ
904 2246 1111 2294 ημοὸόκου.
1162 2246 1372 2293 Respondit
1404 2247 1492 2283 huic
1524 2246 1707 2292 epigram-

164 2295 276 2339 mati,
302 2294 582 2332 Demodocum
586 2307 698 2342 exagi
685 2296 801 2341 ‘‚tans
828 2296 1069 2341 Phocylides,
1095 2296 1256 2331 fortasse
1288 2294 1450 2330 offensus
1477 2294 1708 2330 Milesiorum

163 2341 335 2379 irrisione
368 2342 427 2388 (fr.
457 2346 508 2387 1),
544 2343 619 2380 vid.
651 2309 804 2391 Phocyl’.
835 2349 871 2380 1.
907 2344 984 2379 Καὶ
1018 2342 1105 2379 τόδε
1150 2344 1395 2379 Φωκυλίδεω·
1434 2341 1564 2388 Λέριοι
1596 2342 1708 2378 κακοὶ

164 2392 238 2426 κτλ.
269 2411 311 2416 -
337 2389 381 2427 V.
411 2395 443 2426 2.
470 2372 704 2437 Προκλέους,
731 2393 881 2428 Renner
906 2390 1109 2437 Προκλέος.
1140 2412 1182 2416 ——
1210 2389 1252 2426 δὲ
1279 2392 1375 2426 Χίου
1409 2390 1558 2436 scripsi,
1591 2390 1706 2436 vulgo

100 2493 104 2499 .
164 2436 207 2474 δὲ
234 2439 338 2485 Χίος,
365 2439 444 2475 cod.
471 2439 552 2475 Pal.
579 2439 622 2476 δὲ
649 2454 739 2486 χ,ιος
765 2440 1075 2497 Brunck3Xi'1509.

260 2485 320 2522 Fr.
347 2491 380 2523 3.
430 2487 545 2524 Anth.
572 2487 625 2523 XI
658 2492 744 2525 236·
777 2489 845 2524 τοῦ
880 2485 1011 2523 αὐτοῦ.
1039 2508 1082 2513 -
1110 2486 1154 2523 V.
1181 2491 1213 2524 2.
1241 2486 1306 2522 καὶ
1337 2487 1486 2530 Iacobs,
1520 2487 1600 2522 eod.
1628 2485 1705 2521 Pal.

166 2532 220 2570 δὲ.
259 2534 340 2570 Hoc
378 2534 613 2590 epigramma
650 2537 866 2572 Demodoco
902 2535 1053 2571 omnino
1091 2535 1382 2570 abiudicandum
1417 2546 1567 2570 censeo:
1599 2535 1708 2570 tanta

165 2582 265 2617 enim
298 2581 504 2619 similitudo
535 2583 634 2620 inter
665 2584 737 2621 hoc
770 2584 1003 2636 epigramma
1036 2584 1075 2618 et
1109 2583 1231 2628 prius,
1267 2582 1366 2627 quod
1399 2583 1634 2617 Demodocus
1668 2592 1706 2617 se

166 2629 419 2676 composuisse
445 2630 526 2676 ipse
552 2632 760 2678 profitetur,
786 2630 1004 2676 intercedit,
1029 2633 1072 2666 ut
1096 2629 1317 2666 incredibile
1344 2630 1409 2673 sit,
1436 2629 1626 2665 hominem
1652 2629 1705 2664 fa-

165 2678 291 2714 cetum
317 2679 355 2714 et
380 2678 617 2724 ingeniosum
642 2680 704 2726 lep
706 2680 769 2716 ido
796 2678 951 2715 dicterio
978 2680 1058 2714 tam
1084 2678 1238 2732 illepide
1264 2677 1322 2712 bis
1348 2689 1428 2713 esse
1456 2689 1570 2713 usum.
1599 2676 1706 2711 Alius

165 2725 293 2761 nescio
319 2725 403 2771 quis
422 2726 629 2764 Demodoci
655 2727 818 2773 vestigia
842 2728 972 2772 legens
998 2726 1069 2761 hoc
1096 2725 1329 2772 epigramma
1354 2725 1578 2778 composuit,
1605 2724 1705 2769 quod

166 2775 320 2819 propter
343 2773 442 2812 hanc
467 2773 590 2821 ipsam
615 2775 902 2811 similitudinem
928 2773 1167 2809 subiunctum
1203 2776 1258 2808 est
1285 2771 1490 2807 Demodoci
1521 2772 1705 2813 ve1·sibus;

166 2833 251 2856 cum
282 2823 407 2857 autem
440 2833 577 2859 nomen
611 2826 747 2869 poetae
786 2834 861 2858 non
893 2823 993 2857 esset
1024 2820 1212 2863 additum,
1244 2820 1421 2864 quoniam
1453 2820 1706 2865 ignorabatur,

156 2869 302 2905 -deinde
327 2869 488 2924 proclivi
513 2882 635 2907 errore
661 2871 875 2907 Demodoco
901 2869 1085 2905 tributum
1114 2870 1186 2911 est,
1213 2867 1527 2912 quemadmodum
1553 2866 1705 2912 plurimi

167 2927 309 2953 errores
335 2918 375 2953 in
399 2918 632 2964 Anthologia
657 2918 731 2954 orti
755 2921 850 2954 sunt.
902 2917 1036 2952 Utrum
1062 2915 1251 2952 novicium
1276 2927 1324 2950 an
1345 2915 1541 2960 antiquum
1561 2914 1610 2950 sit
1629 2914 1704 2959 epi-

168 2975 348 3010 gramma,
374 2966 549 3010 quoniam
575 2967 728 3013 propria
753 2966 892 3003 virtute
918 2964 1069 3001 omnino
1096 2965 1210 3008 caret,
1235 2962 1429 2999 incertum

240 3031 374 3057 Porrus:
394 3032 472 3058 Lyn.
501 3033 542 3058 11
1399 3027 1418 3057 5
