1890 3216
211 190 300 232 470
801 189 1155 225 IAMBOGRAPHI.

944 298 1013 339 20.

296 381 418 437 Ἐμοὶ
451 379 501 424 δὲ
533 381 757 436 Πλοῦτος,
791 382 883 423 ἔστι
914 377 1001 436 γὰρ
1026 381 1136 434 ,λίην
1166 377 1357 436 τυφλός,

300 453 343 504 ἐς
373 449 497 511 τῷκί’
534 449 684 495 ἐλθὼν
717 448 880 507 οὐδάμ’
916 447 1060 494 εἶπεν·
1086 447 1329 506 Ἱππῶναξ,

301 526 470 580 δίδωμί
497 534 569 566 σοι
601 524 715 579 μνᾶς
745 519 950 580 ἀργύρου
979 520 1239 579 τριήκοντα,

301 594 374 638 καὶ
405 592 532 638 πόλλ’
564 591 624 638 ἔτ’
660 592 790 637 ἄλλα·
821 591 900 646 τὰς
931 593 1099 651 φρένας
1129 591 1216 650 γὰρ
1249 595 1455 647 δείλαιος.

835 738 1118 791 21.A.[14]

298 819 431 878 Ἐρέω
464 818 550 878 γὰρ
584 818 722 864 οὕτω·
755 819 982 877 Κυλλήνιε
1014 818 1225 872 Μαιάδος
1250 817 1401 878 Ἑρμῆ.

841 963 1114 1018 21Β.μᾱ]

307 1046 421 1100 Τοὺς
453 1045 622 1103 ἄνδρας
652 1045 841 1099 τούτους
873 1044 1016 1104 ὀδύνη
1046 1044 1214 1091 ’πιαλεῖ
1243 1046 1414 1104 ῥιγηλή.

212 1215 333 1260 patur,
361 1214 406 1250 ef.
433 1212 620 1272 Aristoph.
649 1214 760 1271 Vesp.
790 1217 880 1249 1176
907 1214 946 1249 et
970 1213 1102 1259 par-odi
1126 1224 1275 1249 versum
1300 1225 1359 1259 ap.
1385 1213 1532 1249 Aristot
1556 1214 1666 1250 Rhet.
1693 1213 1747 1249 III

214 1267 255 1297 11
285 1261 423 1307 ἔστειχε
452 1257 489 1296 δ’
526 1259 621 1307 ἔχων
654 1257 727 1297 ὑπὸ
762 1261 872 1297 ποσσὶ
904 1262 1079 1317 χίμεθλα.
1130 1260 1279 1297 Vitiosa
1288 1261 1428 1317 igitur
1458 1256 1643 1307 scriptura
1675 1263 1748 1308 χεί-

213 1313 358 1356 μετλον,
383 1311 483 1345 recte
511 1308 692 1346 Choerob.
714 1313 783 1345 277
803 1310 956 1356 χίμετλα
983 1306 1046 1344 δια
1072 1309 1139 1344 τοῦ
1166 1317 1180 1343 ῖ
1205 1306 1301 1344 κατὰ
1327 1305 1550 1355 παράδοσιν.

308 1381 366 1417 Fr.
393 1386 450 1417 20.
477 1381 600 1417 Tzetz.
628 1380 743 1417 schol.
748 1381 962 1437 Aristoph5
988 1380 1086 1416 Plut.
1113 1385 1134 1416 9
1162 1380 1234 1440 (ed.
1259 1379 1485 1416 Herwerden
1515 1382 1602 1427 post
1635 1381 1747 1427 Soph.

214 1429 303 1466 Oed.
315 1429 456 1485 Reg.):
482 1426 624 1474 τυφλὸν
651 1427 694 1464 δὲ
720 1426 786 1464 τὸν
813 1426 987 1464 Πλοῦτόν
1021 1440 1136 1474 φησιν
1170 1425 1209 1471 ἐξ
1237 1425 1491 1470 Ιππώνακτος
1521 1429 1632 1464 τοῦτο
1658 1440 1749 1475 σφε-

213 1474 473 1522 τερισοῖμενος·
513 1477 606 1522 φησὶ
638 1475 715 1533 γὰρ
754 1489 873 1517 ουτως
901 1473 1107 1520 Ἶππῶναξῑ
1147 1473 1231 1522 ἐμοὶ
1269 1474 1310 1511 δε
1349 1478 1426 1511 κτλ.
1459 1497 1502 1502 -
1530 1476 1574 1511 V.
1602 1480 1634 1514 1.
1666 1478 1749 1523 λίην

212 1523 362 1570 τυφλός,
388 1525 474 1581 fort:
508 1521 679 1570 τυφλὸς
709 1525 830 1581 λίην,
842 1524 1052 1570 legendum.
1081 1545 1125 1550 ——
1151 1523 1195 1560 V.
1222 1528 1254 1559 3.
1289 1535 1346 1559 σοι
1372 1523 1523 1582 scripsi,
1553 1523 1751 1570 legebatur
1800 1540 1808 1553 ι

213 1586 279 1608 τοι.
308 1593 351 1598 ——
379 1569 558 1618 ἀργύρου,
585 1572 783 1629 legebatur
807 1568 1001 1618 ἀργυρίου.
1029 1593 1073 1598 -
1100 1572 1144 1607 V.
1165 1575 1197 1607 4.
1224 1568 1293 1612 τὰς
1318 1569 1462 1617 φρένας
1487 1569 1559 1617 γὰρ
1586 1573 1751 1614 δείλαιος

215 1621 375 1666 Sauppe,
403 1620 483 1656 cod
511 1621 601 1657 δείλ.
628 1618 700 1666 γὰρ
726 1632 756 1656 τ.
778 1633 840 1665 φρ.
893 1619 966 1655 Sed
991 1618 1167 1665 displicet
1191 1618 1370 1664 ambigua
1394 1619 1575 1655 orationis
1603 1619 1747 1656 confor-

214 1668 343 1712 matio,
368 1668 517 1704 videtur
541 1668 646 1703 locus
672 1667 822 1713 gravius
847 1667 981 1703 vitium
1009 1667 1247 1703 contraxisse.

308 1740 366 1774 Fr.
394 1740 494 1775 21A.
522 1743 565 1774 21
581 1739 621 1774 Β.
671 1738 728 1774 Ex
753 1739 885 1775 eodem
911 1739 1093 1783 carmine,
1119 1750 1192 1784 quo
1218 1739 1360 1784 priora,
1391 1738 1512 1785 petita
1544 1750 1622 1775 esse
1653 1739 1750 1776 arbi-

212 1789 301 1823 tror.
351 1787 529 1822 Priscian.
557 1786 602 1822 de
639 1787 747 1822 metr.
788 1798 879 1822 com.
918 1790 988 1822 247
1026 1786 1195 1822 Lindem.
1228 1788 1311 1843 (426
1344 1786 1461 1832 Keil):
1502 1787 1750 1832 „Heliodorus

213 1834 390 1870 metricus
416 1831 695 1877 ait212m03vag
722 1831 838 1870 πολλὰ
871 1833 1018 1888 παρέβη
1050 1834 1124 1869 τῶν
1158 1831 1373 1879 ὡρισμένων
1406 1831 1448 1869 ἐν
1480 1839 1557 1875 τοῖς
1588 1832 1747 1890 ἰαμβοις.

273 1882 509 1937 .Hipponax
533 1881 571 1916 in
591 1883 731 1927 primo:
766 1879 859 1927 ἐρέω
885 1885 959 1917 κτλ
986 1882 1056 1917 iste
1082 1880 1182 1916 enim
1215 1892 1342 1916 versus
1373 1892 1457 1916 cum
1489 1881 1538 1917 sit
1569 1881 1748 1918 0110118111-

212 1930 295 1975 bus,
320 1930 360 1965 in
385 1930 520 1974 quarto
545 1929 628 1965 loco
655 1931 693 1965 et
718 1929 849 1975 quinto
874 1929 1009 1965 habuit
1034 1928 1216 1986 dactylos,
1236 1940 1320 1964 cum
1339 1927 1378 1964 in
1396 1930 1555 1974 utroque
1575 1929 1745 1966 debuerit

214 1990 237 2013 a
261 1958 367 2013 b’revi
391 1976 575 2022 incipiens
600 1988 666 2022 pes
691 1977 793 2022 poni.
831 1977 873 2012 In
899 1978 1034 2012 eodem:
1054 1989 1143 2016 τους
1161 1973 1306 2020 ἄνδρας
1325 1977 1424 2013 κτλ.“
1443 1976 1568 2022 priore
1587 1988 1698 2013 versu
1715 1976 1749 2012 A

214 2026 852 2061 ΕΡΕΩΓΑΡΟΤΤΟΚΤΛΑΝΝΙΕ
877 2025 1074 2060 ΜΑΙΑΔΟ
1099 2023 1298 2069 (HPMHG
1317 2023 1402 2059 add.
1424 2026 1531 2069 corr.)
1556 2025 1590 2061 V
1615 2026 1749 2060 ΕΡΕΩ.

215 2071 967 2116 ΓΑΡΟΤΛΛΝΝΙΕΜΛΙΑΔΟΟΕΡΜΝ,
993 2072 1027 2107 R
1053 2069 1070 2108 ἐ
1074 2084 1474 2118 ρεωγαρουτακυεραιν
1488 2072 1575 2108 Iste.
1610 2071 1749 2108 Versus

213 2121 325 2174 plane
349 2120 497 2166 integer
523 2121 704 2163 servatus,
729 2120 768 2155 in
794 2131 868 2165 quo
894 2119 1047 2155 ludendi
1072 2130 1183 2155 causa
1201 2120 1314 2165 poeta
1332 2118 1494 2155 iambico
1515 2120 1596 2156 colo
1616 2131 1747 2166 paroe-

213 2167 375 2204 miacum
414 2167 582 2203 subiecit.
645 2167 767 2203 Maior
803 2167 993 2203 dubitatio
1031 2167 1076 2202 de
1115 2167 1234 2202 altero
1273 2178 1396 2202 versu:
1434 2167 1558 2212 prima
1597 2167 1748 2214 quidem

213 2216 328 2252 verba
338 2215 444 2251 vitii
433 2214 626 2260 lmmunia,
640 2215 705 2251 sed
721 2215 855 2250 deinde
870 2215 901 2250 V
924 2215 1492 2259 OAYNHHIAMIPEITIAE,
1511 2215 1545 2250 R
1566 2216 1753 2251 OAYNH

214 2264 599 2306 ΠῙΑΛΛΙΡΕΙΠΑΕ,
627 2262 659 2297 Α
686 2263 1222 2306 ΟΔΤΝΗΠΑΛΛΙΡΕΙΤΙΕ,
1243 2261 1323 2298 cod.
1343 2261 1426 2297 Par.
1455 2265 1548 2298 7504
1578 2264 1751 2299 ΟΔΙΝΗ

215 2312 593 2354 ΠΙΑΛΛῙΡΕΙΤΑΕ,
619 2311 781 2346 Putsche
808 2307 926 2356 ὀδύνη
953 2308 1071 2345 πάλαι
1090 2307 1224 2346 Ῥεῖπε.
1273 2308 1404 2354 Neque
1423 2309 1484 2345 hic
1510 2321 1637 2347 versus
1661 2311 1747 2346 cho-

214 2359 375 2394 liambus
402 2359 475 2403 est,
496 2358 561 2393 sed
586 2358 801 2394 hexameter
826 2357 1049 2403 dactylicus,
1082 2368 1197 2416 quem
1225 2356 1428 2414 Hipponax
1459 2357 1613 2394 ludibrii
1637 2368 1750 2394 causa

214 2406 387 2442 iambicis
420 2406 588 2441 versibus
622 2404 847 2441 interseruit.
899 2405 1038 2463 Scripsi
1073 2401 1190 2450 ὀδύνη
1225 2401 1403 2440 ’πιαλεῖ
1433 2402 1609 2451 ριγηλήε
1648 2406 1748 2451 quod

215 2451 369 2500 ῥἰγηλὴν
397 2450 539 2498 ὀδύνην
566 2453 660 2488 dixit
685 2449 760 2489 ανδ
761 2466 828 2499 ρας
855 2449 1057 2497 ἐπιάλλειν,
1081 2463 1157 2487 11011
1181 2451 1307 2498 potuit
1332 2451 1527 2488 offensioni
1553 2463 1650 2489 esse.
1684 2452 1748 2489 hic
1822 2458 1825 2460 “

217 2513 365 2547 quoque
404 2501 518 2547 poeta
550 2501 738 2546 consulto,
771 2512 866 2546 quae
900 2501 999 2536 inter
1036 2510 1074 2534 se
1112 2510 1278 2545 pugnare
1315 2499 1507 2544 videntur,
1545 2500 1746 2546 copulavit.

216 2550 328 2595 Apud
345 2548 578 2585 Priscianum
598 2548 852 2584 scribendum.
880 2547 975 2593 „iste
994 2547 1141 2583 iambus
1161 2547 1307 2582 habet
1295 2559 1334 2590 m
1354 2548 1514 2583 secundo
1533 2548 1616 2584 loco
1636 2559 1746 2603 spon-

216 2597 338 2642 deum,
365 2597 404 2632 et
427 2596 467 2631 in
491 2596 596 2632 tertio
622 2599 655 2631 et
680 2596 813 2641 quarto
846 2595 1047 2641 dactylum.
1053 2596 1074 2614 “
1122 2594 1274 2630 Frustra
1304 2594 1422 2653 igitur
1452 2595 1548 2631 haec
1577 2595 1626 2631 ad
1655 2606 1747 2631 lam-

215 2644 319 2679 bicos
344 2655 517 2679 numeros
543 2655 718 2679 revocare
746 2644 978 2688 studuerunt,
1003 2643 1193 2678 Hermann
1218 2639 1306 2683 τοὺς
1320 2639 1469 2703 ἀνέρας
1492 2639 1648 2684 τούτους
1672 2641 1746 2700 δύη

217 2689 334 2727 πάλαι
358 2695 462 2727 λεῖπε
488 2691 549 2727 vel
574 2688 664 2732 τούς
689 2689 832 2747 ἄνδρας
859 2671 978 2738 ὀδύνη
1004 2687 1137 2726 τούσδε
1164 2687 1293 2747 γύαλα
1310 2687 1455 2736 ριγηλά,
1480 2689 1652 2726 Meineke
1678 2687 1745 2726 τὸν

217 2736 340 2796 ἄνδρα
366 2740 501 2775 τοῦτον
529 2735 655 2784 ὦδύνη
682 2735 799 2774 παλαι
817 2740 942 2796 πρίει,
979 2738 1153 2795 Hartung
1176 2734 1242 2772 τὸν
1267 2733 1392 2797 ανδρα
1415 2738 1551 2773 τοῦτον
1577 2735 1622 2773 οὗ
1649 2734 1745 2786 δύνη

217 2784 333 2822 πάλαι
359 2784 502 2832 ρεῖψαι,
527 2786 644 2821 Brink
667 2783 777 2822 τοῦδ’
805 2782 945 2831 ἀνδρὸς
970 2799 1089 2826 ουτως
1114 2782 1191 2821 ἐστὶ
1215 2789 1304 2829 γυῖα
1327 2781 1479 2843 ῥἰγηλα.
1524 2785 1628 2821 Idem
1653 2774 1745 2831 Hip-

216 2834 370 2891 ponacti
387 2833 556 2894 vindicat
574 2845 669 2894 quae
687 2834 864 2892 leguntur
883 2833 983 2880 apud
1003 2832 1171 2869 Suidam·
1192 2829 1348 2878 Ριγηλή,
1374 2829 1398 2877 ἡ
1424 2830 1566 2878 ταχέως
1585 2830 1744 2879 §mobea-

218 2878 262 2916 οὐ
288 2879 360 2928 γὰρ
387 2878 498 2927 ,ξ”γωγ
527 2875 599 2938 ωδε
628 2879 771 2927 ριγηλή,
798 2881 1002 2927 corrigens:

506 2949 562 2988 Οὐ
587 2950 659 2999 γὰρ
685 2946 753 2988 ὧδ’
783 2951 899 3000 ἔγωγε
926 2950 1069 2998 ριγηλή.
