1890 3216
780 164 1136 203 ARCHILOCHUS.
1641 163 1726 207 387

858 297 1063 352 12.[54]

323 393 382 435 Εἰ
411 395 565 437 κείνου
595 391 795 449 κεφαλὴν
826 392 900 436 καὶ
931 374 1141 450 χαρίεντα
1172 392 1304 450 μέλεα

250 460 499 521 ’Ἠφαιστος
528 469 800 522 καθαροῖσιν
833 465 882 509 ἐν
914 465 1091 522 εἵμασιν
1123 462 1438 521 ἀμφεπονήθη.

857 585 1064 639 13.[53]

265 677 381 724 Οὔτε
411 697 453 723 τι
484 677 571 738 γὰρ
602 682 771 724 κλαίων
803 678 987 737 ἰήσομαι
1019 678 1122 724 οὔτε
1153 678 1312 723 κάκιον

322 749 452 808 θήσω
483 749 711 809 τερπωλὰς
740 750 815 795 καὶ
843 754 1007 803 θαλίας
1038 751 1228 808 ἐφέπων.

901 945 925 970 *
950 945 1014 987 14.

263 1036 447 1094 Γλαῦκ’,
479 1038 716 1097 ἐπίκουρος
746 1035 864 1096 ἀνὴρ
896 1036 1062 1083 τόσσον
1094 1041 1245 1095 φίλος,
1279 1040 1379 1082 ἔσκε
1410 1036 1613 1096 μάχηται.

859 1159 1065 1214 15.[81]

187 1301 190 1304 ,
263 1251 424 1298 Πάντα
454 1253 594 1307 πόνος
624 1252 769 1311 τεύχει
800 1259 989 1311 θνητοῖς
1020 1254 1176 1311 μελέτη
1209 1271 1255 1299 τε
1286 1257 1479 1313 βροτείη.

903 1378 926 1403 *
949 1375 1015 1418 16.

266 1467 426 1514 Πάντα
457 1467 566 1526 τύχη
598 1469 672 1513 καὶ
705 1478 862 1527 μοῖρα,
895 1473 1154 1527 Περίκλεες,
1187 1467 1321 1527 ἀνδρὶ
1354 1471 1554 1515 δίδωσιν.

287 1647 347 1685 Fr.
370 1651 425 1684 12.
455 1647 555 1685 Plut.
576 1647 623 1684 de
643 1647 726 1683 aud.
746 1648 846 1694 poet.
862 1659 892 1684 e.
908 1653 947 1685 6:
973 1643 1084 1684 όταν
1111 1648 1160 1684 δὲ
1181 1644 1458 1706 (Ἀρχίλοχος)
1478 1646 1557 1684 τὸν
1583 1646 1735 1694 ἄνδρα

191 1695 270 1742 τῆς
295 1692 502 1742 ἀδελφῆς
535 1692 860 1742 ἠφανισμένον
888 1692 937 1731 ἐν
961 1693 1170 1752 θαλαττῃ
1197 1694 1355 1754 καὶμὴ
1383 1693 1581 1742 τυχόντα
1592 1697 1736 1755 νομί·

193 1756 278 1789 μου
304 1744 452 1791 ταφῆς
475 1741 584 1791 λέγῃ
611 1744 826 1801 (θρηνῶν)
860 1740 1174 1801 μετριώτερον
1200 1757 1255 1780 αν
1281 1741 1362 1802 τὴν
1389 1742 1637 1801 συμφορὰν
1663 1741 1735 1780 ἐν·

193 1795 369 1837 εγκεῖν·
397 1789 454 1828 Εἰ
475 1792 638 1827 κείνου
664 1794 753 1835 κτλ.,
784 1789 826 1827 τὸ
859 1792 934 1838 πῦρ
962 1787 1096 1837 οὕτως,
1130 1805 1176 1828 ου
1201 1789 1268 1827 τὸν
1293 1789 1392 1828 θεὸν
1418 1790 1734 1838 προσηγόρευσεν.

191 1859 239 1865 -
264 1837 310 1876 V.
338 1843 370 1876 1.
396 1838 529 1886 μέλεα,
555 1839 708 1876 Dt'ibner
733 1837 837 1886 μέλη.

288 1897 649 1936 Fr.13.P1u1;.de
675 1899 760 1935 aud..
787 1901 886 1945 poet.
914 1911 944 1936 c.
967 1904 1028 1935 12·
1057 1897 1182 1936 Πάλιν
1208 1896 1228 1935 ὁ
1253 1896 1505 1946 Ἀρχίλοχος
1531 1896 1601 1936 οὐκ
1627 1896 1734 1937 ἐπαι-

194 1951 316 1983 νεῖται
347 1944 584 1992 λυπούμενος
615 1945 684 1994 μὲν
718 1943 782 1982 ἐπὶ
813 1948 863 1993 τῷ
895 1943 1010 2005 ἀνδρὶ
1029 1948 1106 2005 τῆς
1122 1944 1306 2006 ἀδελφῆς
1337 1946 1612 2008 διεφθαρμένῳ
1638 1945 1735 1984 κατὰ

193 1991 412 2039 θάλασσαν,
438 1995 530 2043 οἴνῳ
556 1993 599 2031 δὲ
626 1994 692 2031 καὶ
716 1995 852 2044 παιδιᾷ
878 1992 973 2041 πρὸς
997 1993 1066 2042 τὴν
1088 1992 1212 2053 λύπην
1231 1993 1424 2042 μάχεσθαι
1444 1984 1735 2042 διανοούμενος·

195 2040 322 2078 αἰτίαν
354 2040 485 2088 μέντοι
506 2031 629 2088 λόγον
663 2041 825 2088 ἔχουσαν
861 2044 1029 2101 εἴρηκεν·
1071 2039 1188 2079 Ουτε
1223 2046 1297 2079 κτλ.
1349 2043 1491 2080 Eadem
1522 2043 1644 2080 Tzetz.
1675 2055 1735 2090 ap.

194 2087 528 2174 Ψῦιῖαὲξωλᾼῃ.
554 2093 642 2135 216,
675 2089 741 2136 qui
767 2102 837 2127 om.
865 2103 899 2127 v.
931 2095 949 2126 1
977 2087 1061 2137 γάρ,
1087 2090 1222 2128 deinde
1248 2090 1402 2128 exhibet
1427 2089 1514 2127 οὔτε
1541 2104 1577 2127 τι
1601 2088 1736 2128 κάκιον

197 2148 218 2173 e
261 2149 285 2173 v
401 2150 427 2173 α
451 2149 545 2174 ειαν.

291 2196 349 2232 Fr.
378 2200 434 2232 14.
483 2195 638 2233 Aristot.
670 2196 756 2233 Eth.
783 2197 938 2233 Eudem.
966 2198 1098 2233 V112.
1144 2194 1220 2234 Διὰ
1252 2195 1323 2244 γὰρ
1354 2195 1396 2234 τὸ
1430 2195 1615 2256 χρήσιμοι
1636 2197 1738 2235 εἶναι

196 2245 371 2290 φιλοῦσιν
396 2241 579 2291 αλλήλους
603 2244 669 2280 καὶ
694 2243 802 2291 μέχρι
826 2243 975 2290 τούτου,
1000 2257 1125 2291 ωσπερ
1152 2243 1175 2292 ἡ
1196 2247 1439 2293 παροιμία·
1468 2243 1628 2292 Γλαῦκ’,
1655 2243 1736 2283 ἐπί-

198 2305 336 2337 κουρος
362 2292 730 2329 κτλ.Ρ1·ονοι·1)111111
762 2292 856 2328 dicit
886 2292 1152 2340 philosophus,
1189 2294 1254 2330 sed
1286 2305 1331 2330 ex
1355 2293 1573 2330 Archilochi
1605 2294 1737 2341 elegiis

198 2340 360 2386 petitum
385 2351 467 2376 esse
491 2351 641 2376 versum
666 2340 779 2376 fidem
804 2340 899 2377 facit
924 2340 1058 2377 Glauci
1082 2353 1235 2386 nomen,
1262 2341 1336 2378 vid.
1363 2341 1408 2378 fr.
1428 2345 1474 2378 56
1495 2342 1534 2377 et
1552 2345 1610 2378 59.
1651 2342 1668 2377 1
1680 2354 1737 2426 ose

198 2388 327 2423 autem
352 2386 632 2424 Archilochus·
622 2400 662 2424 111
688 2399 726 2446 qe
752 2390 944 2434 expertus,
1007 2400 1076 2425 uae
1107 2390 1356 2426 mercennarii
1380 2388 1514 2426 militis
1539 2391 1639 2426 esset

198 2437 308 2480 tuna,
334 2435 409 2472 vid.
434 2436 479 2472 fr.
506 2439 562 2471 24.
591 2456 634 2461 -
660 2434 796 2472 τόσσον
820 2435 968 2483 scripsi,
1010 2437 1191 2482 egebatur
1215 2435 1282 2473 τὸν
1308 2435 1386 2475 σὸν.

294 2495 353 2532 Fr.
377 2498 436 2531 15.
469 2495 621 2531 Maxim.
642 2494 798 2531 Planud.
819 2495 936 2532 Walz.
958 2496 1084 2533 Rhett.
1099 2497 1234 2532 V441·
1259 2493 1366 2533 καὶ
1350 2510 1371 2532 ο
1399 2493 1441 2532 ἐν
1461 2494 1617 2544 Μιλήτῳ
1642 2493 1738 2538 θεὸς

200 2542 288 2588 (vid.
309 2542 752 2589 Pseudoph0031.1ss2)..
805 2542 898 2579 ,καὶ
917 2540 1048 2580 πάλιν·
1075 2540 1210 2580 Πάντα
1229 2547 1304 2580 κτλ.
1333 2546 1504 2590 (θνητοῖς
1528 2555 1624 2579 unus
1643 2545 1737 2589 cod„

200 2590 338 2637 reliqui
364 2592 521 2640 βροτοῖς,
550 2591 648 2627 unde
674 2590 770 2637 Emp
773 2591 871 2627 erius
899 2589 1051 2640 βρότεος
1077 2592 1364 2636 commendavit,
1391 2591 1449 2629 ed.
1469 2591 1553 2627 Ald.
1581 2590 1623 2627 δὲ
1635 2593 1696 2647 βρ
1699 2604 1735 2627 ο-

199 2641 297 2684 τοῖς,
329 2639 368 2674 et
399 2638 534 2675 deinde
560 2637 602 2674 δὲ
630 2639 779 2685 βροτείη
781 2639 795 2684 )
832 2639 875 2674 ut
904 2640 1003 2675 hunc
1035 2650 1182 2685 quoque
1213 2650 1362 2676 versum
1393 2638 1530 2685 aliquis
1561 2639 1739 2676 coniiciat

202 2667 327 2722 olim'·
316 2698 356 2722 111
375 2686 756 2743 Pseudophocylideis
780 2686 920 2722 lectum
946 2698 1035 2723 esse.
1074 2688 1292 2724 Archilocho
1316 2686 1453 2723 tribuit
1471 2686 1523 2722 Io.
1551 2686 1660 2723 SiceL
1686 2687 1736 2724 ib

200 2732 253 2769 VI
271 2737 334 2770 96.
361 2731 497 2770 Πάντα
522 2731 595 2780 γὰρ
621 2730 738 2775 πόνος
762 2731 890 2792 τεύχει
913 2737 1071 2792 θνητοῖς
1095 2731 1181 2771 κατ’
1200 2732 1407 2781 Ἀρχίλοχον
1432 2732 1566 2780 μελέτη
1591 2731 1627 2770 τ’
1654 2731 1737 2781 αρί-

201 2792 279 2827 στη.
330 2780 752 2828 Εοή.εο1·11>.·μηελέτ
780 2780 829 2817 δέ
854 2778 890 2817 τ’
918 2779 1118 2831 ἄριστον.
1169 2784 1338 2829 Apparet
1362 2781 1579 2818 Archilochi
1604 2793 1738 2819 nomen

201 2839 334 2874 parum
357 2829 546 2876 locuplete
570 2795 789 2866 oefftimonio
814 2829 896 2866 niti.

298 2888 358 2926 Fr.
387 2893 442 2925 16.
494 2889 598 2926 Stob.
626 2889 703 2925 Ecl.
729 2889 839 2934 Phys.
868 2889 909 2926 T.
937 2890 1104 2936 Ip.194
1131 2889 1209 2926 sine
1234 2890 1371 2936 poetae
1395 2889 1558 2934 nomine,
1585 2890 1649 2926 sed
1670 2890 1738 2926 Ar-

201 2935 375 2973 chilocho
400 2938 502 2973 recte
528 2936 735 2973 vindicavit
759 2936 898 2974 Liebel.
927 2958 970 2963 -—-
997 2942 1127 2983 μοῖρα,
1153 2935 1217 2973 A·
1223 2942 1342 2983 ροῖρα.

1372 2997 1444 3033 25*
