1890 3216
194 169 283 212 434
784 169 1134 207 IAMBOGRAPHI.

189 282 361 322 Videtur
401 283 529 333 igitur
566 282 829 322 Archilochus
861 279 987 335 ὄμμα
1026 280 1268 339 μυδαλεον
1306 284 1468 336 dixisse,
1506 298 1585 325 non
1615 289 1724 326 recte
1738 295 1805 327 792

188 350 324 387 autem
367 348 550 386 Meineke
601 348 700 388 coni.
742 342 926 403 Αἰσχύλῳ
976 350 1191 401 legendum
1234 362 1322 390 esse
1366 363 1537 401 compar.
1581 352 1722 391 Aesch.

186 414 296 453 Pers.
330 415 427 452 536.

830 506 1092 560 183.[156]

307 593 434 632 Tzctz.
455 592 505 630 ad
525 592 723 643 Lycophr.
747 595 848 632 771:
885 592 938 631 Οἵ
966 590 1008 632 δὲ
1040 589 1212 645 μύκλους
1243 592 1341 644 φασὶ
1371 589 1463 641 τοὺς
1486 597 1723 647 κατωφερεῐς

187 653 286 710 πρὸς
316 661 525 710 γυναῖκας·
558 657 704 709 εἴρηται
737 655 779 696 δὲ
812 651 891 697 ἀπὸ
924 654 1012 706 ἕνὸς
1037 660 1092 697 M
1098 655 1243 698 ύκλου
1275 655 1445 710 αὐλητοῦ
1470 661 1723 711 κατωφεροῢς

188 723 242 770 εἰς
285 727 498 776 γυναῖκας,
548 721 614 762 καὶ
657 721 972 778 κωμῳδηθέντος
1015 722 1078 763 ἐπὶ
1125 720 1329 776 μαχλότητι
1371 719 1440 763 ὑπ’
1484 720 1722 777 Ἀρχιλόχου.

186 789 321 828 Petita
354 790 450 829 haec
482 791 577 829 sunt
609 802 655 828 ex
682 790 858 840 antiquis
884 790 925 828 in
950 788 1254 840 Lycophronem
1281 790 1452 838 scholiis,
1479 790 1556 830 vid.
1583 790 1647 829 Et.
1669 791 1720 830 M.

186 856 284 904 594,
306 858 374 905 21,
403 855 473 894 ubi
498 868 587 894 cum
613 855 724 893 nulla
749 855 820 894 fiat
840 855 1070 895 Archilochi
1090 856 1253 906 mentio,
1282 855 1515 905 suspicabar
1540 855 1720 894 Tzetzem

185 934 359 971 errasse,
405 921 474 960 sed
512 933 601 959 cum
641 920 780 960 Tzetze
820 921 940 960 schol.
980 934 1107 971 nuper
1146 922 1277 960 editus
1319 922 1457 960 tuetur
1494 921 1722 960 Archilochi

184 987 476 1026 auctoritatem.

622 1079 717 1122 184.
752 1079 867 1132 [140.
904 1078 999 1121 145.
1036 1078 1131 1121 158.
1168 1079 1282 1132 163]

306 1166 464 1205 Suidas:
509 1161 765 1217 Μυσοὲχνη’
807 1160 832 1217 ἡ
864 1161 993 1217 πόρνη
1030 1161 1137 1217 παρὰ
1165 1161 1391 1220 Ἀρχιλόχῳ·
1429 1162 1494 1203 καὶ
1535 1160 1721 1217 ἐργάτις

182 1230 248 1272 καὶ
281 1232 432 1284 δῆμος
470 1227 639 1284 (Kiister
672 1227 829 1282 δήμιος,
869 1231 938 1270 sed
970 1230 1095 1282 δῆμος
1132 1231 1270 1270 tuetur
1301 1230 1462 1270 Sueton.
1494 1243 1555 1280 ap.
1588 1231 1722 1270 Miller

184 1299 294 1338 Misc.
333 1292 439 1351 415)
478 1295 545 1336 καὶ
581 1299 764 1348 παχεῖα.
816 1295 874 1336 Cf.
912 1297 1098 1335 Eustath.
1139 1297 1271 1347 1329,
1314 1297 1387 1335 34:
1421 1291 1640 1347 Ἀρχίλοχος
1678 1293 1722 1335 δὲ

182 1367 385 1416 παχεῖαν
416 1361 482 1402 καὶ
515 1362 666 1414 δῆμον
697 1358 825 1414 ἤγουν
856 1357 998 1413 κοινὴν
1027 1363 1080 1416 τῷ
1106 1357 1231 1415 δήμῳ,
1262 1359 1327 1400 καὶ
1353 1356 1560 1414 ἐργάτιν,
1591 1359 1646 1399 ἔτι
1678 1358 1720 1399 δὲ

184 1425 434 1482 μυσᾶχνην
464 1424 558 1479 παρ’
594 1423 810 1480 ἀναλογίαν
835 1429 905 1467 τοῦ
932 1422 1024 1475 ἁλὸς
1049 1423 1148 1480 ἄχνη
1175 1424 1240 1466 καὶ
1266 1426 1306 1465 εἴ
1324 1442 1357 1466 τι
1381 1428 1572 1466 τοιοῦτον.
1605 1426 1719 1465 Adde

183 1495 237 1536 ib.
272 1497 405 1546 1088,
439 1496 512 1534 39:
561 1488 582 1545 ἧ
622 1490 664 1532 δὲ
703 1492 871 1545 ρηθεῖσα
909 1491 1042 1532 ἔννοια
1080 1490 1144 1531 καὶ
1185 1488 1379 1544 ἐργάτιν
1421 1488 1493 1543 τήν
1535 1487 1720 1543 τοιαύτην

185 1559 311 1600 ἐθέλει
341 1562 550 1599 καλεῖσθαι
580 1562 771 1612 γυναῖκα,
803 1557 868 1597 καὶ
899 1561 1105 1610 παχεῖαν
1138 1555 1181 1596 δὲ
1207 1553 1273 1596 διὰ
1297 1553 1339 1597 τὸ
1365 1553 1618 1609 πολύτροφον
1649 1588 1658 1598 .
1679 1588 1687 1597 .
1708 1588 1716 1596 .

182 1624 248 1665 καὶ
267 1622 308 1666 τὸ
330 1625 481 1677 δῆμον
501 1620 627 1676 αὐτὴν
646 1622 827 1677 λέγεσθαι
852 1619 958 1675 παρὰ
974 1619 1194 1678 Ἀρχιλόχῳ.
1239 1625 1279 1662 et
1297 1625 1506 1673 praeterea
1526 1623 1718 1674 Hesych.:

183 1687 395 1744 ἐργάτις,
427 1686 498 1742 τὴν
530 1690 802 1742 Νεοβουλείαν
833 1687 933 1742 λέγει
965 1684 1018 1737 ὥς
1049 1691 1261 1741 παχεῖαν.
1312 1688 1411 1728 Cum
1435 1688 1718 1740 Aristophanis

184 1758 313 1797 Schol.
352 1757 427 1797 Av.
462 1758 574 1796 1619
621 1768 782 1795 versum
813 1755 1008 1806 proferat:
1052 1753 1141 1806 περὶ
1186 1750 1343 1806 σφυρὸν
1379 1757 1539 1806 παχεῖα,
1577 1750 1717 1806 μισήτη

183 1818 306 1876 γυνή,
332 1821 507 1861 auctoris
532 1821 691 1862 nomine
716 1834 795 1860 non
820 1821 969 1871 addito,
1002 1821 1174 1859 fortasse
1199 1820 1263 1858 hic
1289 1820 1519 1859 Archilochi
1545 1822 1618 1868 est,
1649 1820 1718 1870 qui

183 1888 344 1927 dixerit:
374 1882 586 1940 Ἐργοῖτις
614 1885 619 1935 1
654 1884 771 1937 Περὶ
802 1881 988 1937 σφυρὸν
1018 1889 1210 1937 παχεῖα,
1243 1881 1418 1936 μισήτη
1449 1881 1590 1937 γυνή,
1620 1886 1715 1936 Δῆ-

182 1969 284 2005 μος,
316 1948 543 2009 μυσαχνή.
582 1965 682 2003 quae
708 1951 897 2002 Hartung
922 1951 1119 2001 refingere
1146 1950 1305 1989 maluit:
1338 1946 1604 2003 Δημοεργᾶτις
1629 1948 1717 2002 περὶ

182 2052 189 2060 .
223 2051 231 2059 .
265 2050 274 2059 .
307 2015 469 2070 Πόρνη
502 2013 693 2070 μυσαχνὴ.

822 2132 1083 2187 185.[159]

303 2222 550 2273 Hesychius:
577 2218 766 2273 Μύσχης·
793 2213 907 2272 εὖρος
934 2214 1169 2273 (Sopingius
1195 2213 1332 2270 εὐρώς,
1357 2218 1491 2268 potius
1517 2214 1666 2270 νεφρό
1675 2214 1712 2272 ς)

183 2284 235 2336 ὡς
261 2284 482 2340 Ἀρχίλοχος
521 2284 599 2340 (ita
623 2287 794 2335 Alberti,
825 2300 862 2326 v.
883 2280 1147 2338 Ἀμφίλοχος).
1197 2284 1299 2324 Ibid.
1331 2284 1511 2334 sequitur
1541 2280 1715 2336 Μύσχον

183 2350 224 2393 τὸ
257 2350 442 2406 ἀνδρεῖον
473 2351 538 2392 καὶ
570 2356 797 2405 γυναικεῖον
829 2351 995 2391 αἰδοῖον.
1038 2351 1146 2388 Fort.
1178 2350 1352 2400 pertinet
1383 2350 1432 2388 ad
1458 2349 1506 2387 fr.
1539 2351 1613 2400 47,
1645 2349 1713 2387 ubi

181 2420 249 2458 alii
282 2416 434 2472 μύσχεω
467 2422 538 2471 Pro
571 2415 700 2471 μύκεω
733 2418 881 2469 legisse
912 2417 1108 2457 videntur.

820 2544 1083 2597 1sss.[109]

302 2641 432 2680 Schol.
465 2639 580 2679 Hom.
612 2639 659 2678 Il.
692 2640 724 2676 Z
758 2640 859 2677 201:
891 2635 957 2676 καὶ
988 2635 1099 2688 ἔγχεα
1130 2630 1315 2682 ὀξυόεντα
1346 2631 1391 2674 τὰ
1423 2632 1463 2681 ἐξ
1494 2629 1613 2682 ὀξύας
1643 2636 1711 2674 τοῦ

182 2704 360 2758 δένδρου,
394 2700 447 2753 ὥς
477 2703 543 2744 καὶ
570 2700 811 2756 Ἀρχίλοχος·
844 2699 960 2754 ὄξύη
995 2703 1180 2742 ποτᾶτο.

816 2844 910 2886 187.
945 2843 1080 2896 [161]

301 2932 444 2972 Pollux
476 2932 511 2969 X
545 2932 617 2969 27:
650 2925 675 2980 ἢ
709 2924 762 2976 ὡς
788 2926 1009 2982 Ἀρχίλοχος
1039 2929 1304 2978 πακτῶσαι,
1335 2923 1377 2966 τὸ
1408 2930 1566 2967 κλεῖσαι.
