1890 3216
182 168 239 209 22
712 163 906 200 ΡΟΕΤΑΕ
932 162 1167 218 ELEGIACI.

915 272 980 313 17.

302 362 431 401 Schol.
463 361 680 410 Hephaest.
716 360 796 397 157
832 358 891 396 ed.
925 360 948 395 2
984 356 1186 395 Gaisford:
1238 350 1471 405 Εὖρίσκεται
1503 350 1540 393 δ’
1577 350 1710 401 ἆπλῶς

181 426 225 466 ἐν
256 425 358 481 μέσῳ
390 424 525 473 λέξεως
556 420 668 474 κοινὴ
700 421 766 461 καὶ
798 421 841 461 ἐν
871 421 1180 475 παλιμβακχείῳ,
1213 415 1265 467 ὡς
1296 417 1361 458 καὶ
1393 415 1498 471 παρὰ
1534 421 1709 475 Τυρταίῳ

181 489 348 544 ἥρωες·
387 487 511 536 οὕτως
547 485 622 541 γὰρ
659 486 772 539 ἔλαβε
808 482 876 526 τὸν
914 482 1095 537 δεύτερον
1132 482 1238 525 πόδα
1274 486 1344 524 τοῦ
1375 484 1517 536 στίχου.
1578 486 1711 536 Igitur

181 554 307 609 ἥρωες
338 555 586 607 paenultima
619 555 803 602 correpta
828 552 927 590 dixit
947 552 1165 602 Tyrtaeus,
1198 552 1243 589 ut
1269 563 1387 600 saepe
1413 554 1474 589 est
1498 551 1603 600 apud
1621 551 1711 589 Pin-

183 624 340 672 darum,
372 622 413 659 in
445 621 538 659 sede
570 620 741 659 secunda
772 617 994 656 hexametri
1024 619 1071 654 ut
1101 615 1271 655 videtur.

300 687 488 735 Hartung
513 687 721 735 praeterea
741 683 915 733 Tyrtaeo
941 682 1086 720 tribuit
1111 693 1252 720 versus
1277 681 1483 719 trimetros
1508 681 1712 732 iambicos,

183 754 231 791 de
264 753 408 802 quibus
440 750 522 789 dixi
547 750 674 788 Carm.
700 749 833 798 popul.
857 749 922 786 18.
946 768 996 773 ——
1025 746 1071 786 Gr.
1092 746 1206 786 Wolf
1228 745 1395 795 Tyrtaei
1424 758 1568 785 nomen
1599 747 1714 785 resti-

182 821 296 856 tuere
334 817 463 855 voluit
500 816 604 865 apud
643 814 800 864 Lydum
838 811 886 851 de
922 812 1126 851 mensibus
1164 825 1202 860 p.
1238 812 1338 860 117,
1376 810 1446 848 ubi
1477 806 1659 862 Εὔρυτος
1689 804 1711 851 ὃ

183 877 500 933 Λακεδαιμόνιος
526 875 547 920 ὁ
573 874 777 931 μελοποιὸς
802 878 954 928 legitur
978 872 1046 929 (de
1065 889 1142 927 quo
1167 877 1253 915 loco
1280 876 1361 914 dixi
1379 890 1417 926 p.
1440 877 1551 915 1283
1574 876 1633 916 ed.
1655 873 1713 930 3),

183 961 263 986 non
287 948 411 985 recte:
437 959 529 984 nam
549 957 572 982 a
592 943 759 994 Tyrtaei
782 941 941 992 ingenio
968 944 1042 983 hoc
1066 955 1230 993 prorsus
1256 942 1462 980 abhorret:
1493 955 1566 982 nec
1583 942 1713 993 magis

182 1013 388 1063 probanda
414 1010 623 1049 Schmidtii
648 1011 894 1058 coniectura,
920 1009 989 1059 qui
1014 1008 1198 1047 Alcmani
1222 1007 1451 1047 vindicavit.

182 1138 314 1183 ignoro
339 1137 536 1182 plerosque
563 1135 772 1171 existimare
798 1145 985 1170 morarum
1010 1133 1223 1169 institutum
1244 1144 1373 1169 recens
1393 1133 1594 1169 admodum
1621 1145 1714 1176 esse,

183 1183 498 1230 quemadmodum
530 1183 761 1219 Schoemann
791 1182 975 1226 Antiquit.
1010 1180 1070 1216 Gr.
1102 1181 1119 1215 I
1144 1183 1213 1215 298
1246 1179 1295 1215 ad
1330 1180 1422 1216 belli
1453 1180 1714 1226 Peloponnesii

184 1231 425 1268 novissimum
450 1231 598 1276 tempus
623 1230 752 1273 refert,
779 1229 1083 1275 quandoquidem
1101 1228 1310 1274 Xenophon
1327 1227 1469 1274 primus
1490 1239 1714 1264 commemo·
1743 1271 1746 1275 ¹

183 1279 338 1315 raverit:
371 1280 411 1314 at
440 1279 515 1313 iam
541 1278 766 1323 Hermippus
801 1277 963 1312 comicus
994 1277 1079 1312 inde
1110 1276 1279 1311 fabulam
1303 1276 1452 1321 Μοίρας
1482 1276 1714 1322 inscripsisse

184 1328 343 1371 videtur,
370 1337 464 1371 quae
484 1325 613 1361 fabula
631 1325 738 1361 initio
759 1325 849 1360 belli
869 1325 980 1360 docta
1000 1326 1066 1368 est,
1092 1324 1165 1360 vid.
1185 1323 1435 1360 Commentat.
1455 1324 1501 1359 de
1521 1324 1714 1360 comoedia

184 1375 261 1410 Att.
276 1378 356 1418 318,
383 1375 513 1418 estque
534 1373 736 1409 verisimile
758 1372 959 1418 Spartanos
983 1372 1151 1418 legiones
1171 1383 1255 1407 suas
1279 1371 1365 1407 inde
1385 1372 1433 1407 ab
1453 1371 1713 1416 antiquissimo

182 1424 349 1467 tempore
375 1422 506 1466 μοίρας
529 1421 605 1456 sive
626 1418 743 1466 μόρας
761 1419 1028 1465 appellavisse,
1055 1420 1119 1455 sed
1146 1419 1349 1465 descriptio
1376 1419 1558 1455 exercitus
1583 1419 1712 1464 reique
1749 1432 1752 1435 ⁴

185 1468 358 1504 militaris
383 1468 506 1503 varias
533 1468 647 1503 subiit
673 1467 956 1503 vicissitudines.
