1890 3216
186 170 271 213 358

721 172 914 209 POETAE
941 171 1179 209 ELEGIACI.

805 283 874 323 IX.
906 283 1105 335 Pyrrho.

400 367 505 407 Orbe
538 368 654 419 tegor
684 367 833 416 medio,
865 367 992 410 maior
1022 368 1174 408 virtute
1206 371 1393 420 paterna,

472 433 576 483 quod
607 445 708 483 puer
740 434 782 472 et
812 432 920 483 regis
953 433 1133 485 Pyrrhus
1165 435 1297 486 opima
1327 436 1422 485 tuli,

400 499 547 548 impius
580 501 672 538 ante
704 511 795 538 aras
827 512 947 549 quem
978 500 1119 539 fraude
1149 501 1320 551 peremit
1351 499 1533 551 Orestes,
1652 511 1721 543 661

472 586 529 591 —-
561 564 657 614 quid
689 564 835 604 mirum
870 586 919 591 —
956 577 1072 604 caesa
1101 565 1184 604 iam
1215 566 1417 617 genetrice
1449 567 1598 608 furens.

747 690 857 729 XIII.
890 690 1154 741 Deiphobo.

404 773 595 814 Proditus
628 774 678 813 ad
709 779 879 824 poenam
911 774 1127 814 sceleratae
1159 775 1300 815 fraude
1330 775 1538 817 Lacaenae

473 842 515 878 et
546 839 768 879 deformato
800 852 965 890 corpore
996 839 1228 890 Deiphobus

402 918 480 944 non
506 906 635 944 habeo
659 906 873 956 tumulum,
899 906 976 945 nisi
1002 918 1120 956 quem
1145 906 1245 945 mihi
1269 920 1364 947 voce
1388 909 1568 949 vocantis

473 972 515 1010 et
545 970 634 1021 pius
668 971 824 1010 Aeneas
857 974 898 1011 et
931 972 1044 1011 Maro
1075 972 1308 1022 composuit.

740 1098 826 1137 XV.
859 1097 1163 1149 Astyanacti.

401 1181 494 1220 Flos
526 1181 648 1221 Asiae
679 1183 874 1232 tantaque
905 1193 1008 1221 unus
1041 1182 1089 1221 de
1120 1184 1241 1232 gente
1273 1184 1476 1233 superstes

400 1247 612 1298 parvulus,
644 1247 810 1297 Argivis
845 1248 914 1286 sed
944 1248 1025 1287 iam
1057 1247 1105 1286 de
1136 1249 1250 1298 patre
1282 1247 1502 1300 timendus,

401 1313 466 1352 hic
497 1313 605 1352 iaceo
637 1313 862 1363 Astyanax,
896 1313 1028 1352 Scaeis
1061 1312 1237 1352 deiectus
1269 1313 1318 1352 ab
1351 1313 1455 1353 altis·

403 1391 475 1429 pro
508 1378 639 1428 dolor,
671 1379 785 1418 Iliaci
810 1378 1016 1428 Neptunia
1046 1378 1204 1417 moenia
1234 1379 1341 1418 muri

403 1444 592 1484 viderunt
623 1444 775 1494 aliquid
807 1444 1007 1484 crudelius
1043 1444 1213 1483 Hectore
1244 1446 1385 1484 tracto,

564 1569 693 1608 XVII.
724 1569 871 1609 Nasti
902 1571 951 1608 et
981 1569 1338 1620 Amphimacho.

405 1654 554 1693 Nastes
580 1652 992 1704 Amphimachusque‚
1021 1653 1227 1693 Nomionis
1253 1654 1392 1693 inclita
1415 1654 1569 1704 proles,

477 1719 663 1758 ductores
695 1718 915 1769 quondam,
948 1719 1080 1769 pulvis
1113 1722 1155 1758 et
1186 1719 1330 1759 umbra
1360 1732 1510 1759 sumus.

774 1842 925 1884 XVIII.
958 1844 990 1882 Τ
999 1858 1020 1883 1·
1029 1857 1051 1884 o
1061 1844 1140 1883 ilo.

405 1928 580 1967 Hectore
611 1929 815 1978 prostrato
847 1940 919 1967 nec
950 1927 1011 1967 dis
1041 1940 1115 1966 nec
1146 1929 1299 1971 viribus
1332 1928 1469 1978 aequis

478 2006 716 2045 congressus
748 2006 867 2033 saevo
901 1994 1058 2033 Troilus
1090 1993 1289 2033 Aeacidae

405 2060 589 2109 raptatus
622 2059 727 2110 bigis
761 2059 898 2098 fratris
930 2059 1150 2110 coniungor
1181 2059 1339 2109 honori,

477 2126 588 2164 cuius
620 2126 670 2164 ob
702 2126 929 2176 exemplum
959 2137 1032 2164 nec
1062 2125 1161 2164 mihi
1191 2138 1322 2176 poena
1351 2124 1499 2175 gravis.

762 2251 867 2291 XIX.
899 2250 1156 2302 Polydoro.

407 2333 511 2373 Cede
531 2335 670 2384 procul
690 2335 948 2386 myrtumque
966 2334 1090 2373 istum
1109 2335 1207 2385 fuge
1226 2335 1383 2375 nescius
1404 2335 1566 2388 hospes:

469 2401 656 2453 telorum>
684 2413 799 2451 seges
831 2402 894 2439 est
925 2399 1120 2450 sanguine
1152 2400 1291 2439 adulta
1322 2413 1422 2440 meo.

408 2466 583 2505 confixus
615 2466 755 2505 iaculis
788 2467 829 2505 et
860 2465 909 2504 ab
941 2466 1028 2516 ipsa
1059 2465 1178 2504 caede
1211 2465 1392 2516 sepultus

478 2532 625 2571 condor
655 2532 697 2570 in
727 2532 800 2576 hoc
830 2532 986 2570 tumulo
1017 2530 1080 2570 bis
1111 2529 1337 2581 Polydorus
1369 2544 1455 2582 ego.

408 2597 483 2636 soit
512 2598 601 2648 pius
633 2597 790 2636 Aeneas
823 2598 864 2636 et
893 2597 957 2648 tu,
981 2608 1051 2634 rex
1081 2594 1218 2646 impie,
1251 2596 1356 2646 quod
1387 2610 1450 2636 me

479 2661 650 2702 Thracia
679 2675 808 2713 poena
837 2661 1003 2712 premit,
1038 2661 1160 2701 Troia
1190 2674 1286 2700 cura
1316 2662 1430 2713 tegit.

772 2787 856 2828 XX.
888 2786 1146 2838 Euphemo.

406 2871 676 2921 Euphemum,
710 2870 900 2910 Ciconum
931 2870 1154 2921 ductorem,
1187 2870 1310 2908 Troia
1339 2871 1460 2909 tellus

479 2936 655 2976 condidit
685 2936 837 2975 hastati
867 2936 1011 2976 Martis
1043 2935 1094 2974 ad
1125 2934 1311 2987 effigiem.
