<?xml version="1.0" encoding="UTF-8"?>
<!DOCTYPE html PUBLIC "-//W3C//DTD XHTML 1.0 Transitional//EN"
    "http://www.w3.org/TR/xhtml1/DTD/xhtml1-transitional.dtd">
<html xmlns="http://www.w3.org/1999/xhtml" xml:lang="en" lang="en">
 <head>
  <title>
</title>
<meta http-equiv="Content-Type" content="text/html;charset=utf-8" />
  <meta name='ocr-system' content='tesseract 3.04.00' />
  <meta name='ocr-capabilities' content='ocr_page ocr_carea ocr_par ocr_line ocrx_word'/>
</head>
<body>
  <div class='ocr_page' id='page_1' title='image "./poetaelyricigrae02berguoft_0071.png"; bbox 0 0 1890 3216; ppageno 0'>
   <div class='ocr_carea' id='block_1_1' title="bbox 878 196 1740 245">
    <p class='ocr_par' dir='ltr' id='par_1_1' title="bbox 878 196 1740 245">
     <span class='ocr_line' id='line_1_1' title="bbox 878 196 1740 245; baseline 0 -11"><span class='ocrx_word' id='word_1_1' title='bbox 878 196 1049 238; x_wconf 86' lang='lat' dir='ltr'>SOLON.</span> <span class='ocrx_word' id='word_1_2' title='bbox 1688 203 1740 245; x_wconf 74' lang='lat'><strong>(31</strong></span> 
     </span>
    </p>
   </div>
   <div class='ocr_carea' id='block_1_2' title="bbox 119 311 1747 366">
    <p class='ocr_par' dir='ltr' id='par_1_2' title="bbox 119 311 1747 366">
     <span class='ocr_line' id='line_1_2' title="bbox 119 311 1747 366; baseline 0.002 -13"><span class='ocrx_word' id='word_1_3' title='bbox 119 338 123 340; x_wconf 37' lang='lat' dir='ltr'>v</span> <span class='ocrx_word' id='word_1_4' title='bbox 194 311 331 363; x_wconf 88' lang='lat' dir='ltr'><strong>ipsum</strong></span> <span class='ocrx_word' id='word_1_5' title='bbox 362 312 442 366; x_wconf 80' lang='lat' dir='ltr'><strong>uti,</strong></span> <span class='ocrx_word' id='word_1_6' title='bbox 473 313 610 365; x_wconf 92' lang='lat' dir='ltr'><strong>itaque</strong></span> <span class='ocrx_word' id='word_1_7' title='bbox 638 313 707 352; x_wconf 91' lang='lat' dir='ltr'><strong>diu</strong></span> <span class='ocrx_word' id='word_1_8' title='bbox 732 314 865 353; x_wconf 86' lang='lat' dir='ltr'><strong>nullas</strong></span> <span class='ocrx_word' id='word_1_9' title='bbox 893 313 944 352; x_wconf 87' lang='lat' dir='ltr'><strong>ad</strong></span> <span class='ocrx_word' id='word_1_10' title='bbox 970 313 1085 353; x_wconf 91' lang='lat' dir='ltr'><strong>illum</strong></span> <span class='ocrx_word' id='word_1_11' title='bbox 1111 314 1270 354; x_wconf 80' lang='lat' dir='ltr'><strong>litteras</strong></span> <span class='ocrx_word' id='word_1_12' title='bbox 1296 315 1424 355; x_wconf 90' lang='lat' dir='ltr'><strong>misit:</strong></span> <span class='ocrx_word' id='word_1_13' title='bbox 1457 316 1538 355; x_wconf 91' lang='lat' dir='ltr'><strong>iam</strong></span> <span class='ocrx_word' id='word_1_14' title='bbox 1563 329 1653 355; x_wconf 87' lang='lat' dir='ltr'><strong>cum</strong></span> <span class='ocrx_word' id='word_1_15' title='bbox 1680 318 1747 356; x_wconf 87' lang='lat' dir='ltr'><strong>ille</strong></span> 
     </span>
    </p>
   </div>
   <div class='ocr_carea' id='block_1_3' title="bbox 0 0 62 798">
    <p class='ocr_par' dir='ltr' id='par_1_3' title="bbox 0 0 62 798">
     <span class='ocr_line' id='line_1_3' title="bbox 0 0 62 798; baseline 0 2418"><span class='ocrx_word' id='word_1_16' title='bbox 0 0 62 798; x_wconf 95' lang='lat' dir='ltr'><strong> </strong></span> 
     </span>
    </p>
   </div>
   <div class='ocr_carea' id='block_1_4' title="bbox 175 378 1744 2402">
    <p class='ocr_par' dir='ltr' id='par_1_4' title="bbox 190 378 1744 959">
     <span class='ocr_line' id='line_1_4' title="bbox 195 378 1744 432; baseline 0.003 -14"><span class='ocrx_word' id='word_1_17' title='bbox 195 378 304 418; x_wconf 88' lang='lat' dir='ltr'><strong>ultro</strong></span> <span class='ocrx_word' id='word_1_18' title='bbox 330 378 499 420; x_wconf 89' lang='lat' dir='ltr'><strong>Libanio</strong></span> <span class='ocrx_word' id='word_1_19' title='bbox 525 380 689 431; x_wconf 86' lang='lat' dir='ltr'><strong>longam</strong></span> <span class='ocrx_word' id='word_1_20' title='bbox 715 380 895 420; x_wconf 75' lang='lat' dir='ltr'><strong>misisset</strong></span> <span class='ocrx_word' id='word_1_21' title='bbox 921 379 1147 430; x_wconf 88' lang='lat' dir='ltr'><strong>epistolam,</strong></span> <span class='ocrx_word' id='word_1_22' title='bbox 1174 381 1271 420; x_wconf 87' lang='lat' dir='ltr'><strong>haec</strong></span> <span class='ocrx_word' id='word_1_23' title='bbox 1296 382 1517 432; x_wconf 72' lang='lat' dir='ltr'><strong>rescripsit.</strong></span> <span class='ocrx_word' id='word_1_24' title='bbox 1555 381 1744 423; x_wconf 77' lang='lat' dir='ltr'><strong>Fortasse</strong></span> 
     </span>
     <span class='ocr_line' id='line_1_5' title="bbox 195 443 1744 498; baseline 0.003 -15"><span class='ocrx_word' id='word_1_25' title='bbox 195 443 396 486; x_wconf 85' lang='lat' dir='ltr'><strong>intellexit</strong></span> <span class='ocrx_word' id='word_1_26' title='bbox 425 447 477 485; x_wconf 91' lang='lat' dir='ltr'><strong>fr.</strong></span> <span class='ocrx_word' id='word_1_27' title='bbox 510 447 579 486; x_wconf 85' lang='lat'><strong>42.</strong></span> <span class='ocrx_word' id='word_1_28' title='bbox 615 468 668 474; x_wconf 90' lang='lat'>—</span> <span class='ocrx_word' id='word_1_29' title='bbox 704 446 799 486; x_wconf 90' lang='lat' dir='ltr'><strong>Alia</strong></span> <span class='ocrx_word' id='word_1_30' title='bbox 830 459 931 497; x_wconf 90' lang='lat' dir='ltr'><strong>quae</strong></span> <span class='ocrx_word' id='word_1_31' title='bbox 971 447 1145 486; x_wconf 87' lang='lat' dir='ltr'><strong>fortasse</strong></span> <span class='ocrx_word' id='word_1_32' title='bbox 1178 447 1265 498; x_wconf 89' lang='lat' dir='ltr'><strong>quis</strong></span> <span class='ocrx_word' id='word_1_33' title='bbox 1304 448 1382 487; x_wconf 88' lang='lat' dir='ltr'><strong>huc</strong></span> <span class='ocrx_word' id='word_1_34' title='bbox 1413 448 1625 488; x_wconf 88' lang='lat' dir='ltr'><strong>referenda</strong></span> <span class='ocrx_word' id='word_1_35' title='bbox 1657 461 1744 488; x_wconf 87' lang='lat' dir='ltr'><strong>esse</strong></span> 
     </span>
     <span class='ocr_line' id='line_1_6' title="bbox 194 513 1744 564; baseline 0.002 -14"><span class='ocrx_word' id='word_1_36' title='bbox 194 513 370 561; x_wconf 82' lang='lat' dir='ltr'><strong>censeat,</strong></span> <span class='ocrx_word' id='word_1_37' title='bbox 395 513 529 552; x_wconf 90' lang='lat' dir='ltr'><strong>omnia</strong></span> <span class='ocrx_word' id='word_1_38' title='bbox 554 513 912 564; x_wconf 82' lang='lat' dir='ltr'><strong>apophthegmatis</strong></span> <span class='ocrx_word' id='word_1_39' title='bbox 938 513 1240 552; x_wconf 85' lang='lat' dir='ltr'><strong>adnumeranda</strong></span> <span class='ocrx_word' id='word_1_40' title='bbox 1265 514 1450 553; x_wconf 85' lang='lat' dir='ltr'><strong>arbitror.</strong></span> <span class='ocrx_word' id='word_1_41' title='bbox 1473 535 1527 541; x_wconf 94' lang='lat'>—</span> <span class='ocrx_word' id='word_1_42' title='bbox 1552 515 1610 553; x_wconf 87' lang='lat' dir='ltr'><strong>Ea</strong></span> <span class='ocrx_word' id='word_1_43' title='bbox 1636 514 1744 554; x_wconf 88' lang='lat' dir='ltr'><strong>deni-</strong></span> 
     </span>
     <span class='ocr_line' id='line_1_7' title="bbox 195 578 1743 629; baseline 0.002 -12"><span class='ocrx_word' id='word_1_44' title='bbox 195 590 290 629; x_wconf 87' lang='lat' dir='ltr'><strong>que,</strong></span> <span class='ocrx_word' id='word_1_45' title='bbox 323 591 424 629; x_wconf 88' lang='lat' dir='ltr'><strong>quae</strong></span> <span class='ocrx_word' id='word_1_46' title='bbox 450 579 566 619; x_wconf 91' lang='lat' dir='ltr'><strong>Plato</strong></span> <span class='ocrx_word' id='word_1_47' title='bbox 592 580 634 618; x_wconf 94' lang='lat' dir='ltr'><strong>in</strong></span> <span class='ocrx_word' id='word_1_48' title='bbox 661 580 825 619; x_wconf 88' lang='lat' dir='ltr'><strong>Timaeo</strong></span> <span class='ocrx_word' id='word_1_49' title='bbox 858 581 900 618; x_wconf 93' lang='lat' dir='ltr'><strong>et</strong></span> <span class='ocrx_word' id='word_1_50' title='bbox 930 578 972 617; x_wconf 88' lang='lat' dir='ltr'><strong>in</strong></span> <span class='ocrx_word' id='word_1_51' title='bbox 998 578 1126 618; x_wconf 82' lang='lat' dir='ltr'><strong>Uritia</strong></span> <span class='ocrx_word' id='word_1_52' title='bbox 1158 579 1207 618; x_wconf 89' lang='lat' dir='ltr'><strong>de</strong></span> <span class='ocrx_word' id='word_1_53' title='bbox 1238 578 1442 619; x_wconf 74' lang='lat' dir='ltr'><strong>Atlantide</strong></span> <span class='ocrx_word' id='word_1_54' title='bbox 1474 580 1631 620; x_wconf 85' lang='lat' dir='ltr'><strong>Solonis</strong></span> <span class='ocrx_word' id='word_1_55' title='bbox 1658 594 1743 621; x_wconf 86' lang='lat' dir='ltr'><strong>car—</strong></span> 
     </span>
     <span class='ocr_line' id='line_1_8' title="bbox 194 644 1743 697; baseline 0.001 -14"><span class='ocrx_word' id='word_1_56' title='bbox 194 644 302 684; x_wconf 86' lang='lat' dir='ltr'><strong>mine</strong></span> <span class='ocrx_word' id='word_1_57' title='bbox 339 645 527 685; x_wconf 84' lang='lat' dir='ltr'><strong>inchoato</strong></span> <span class='ocrx_word' id='word_1_58' title='bbox 567 646 636 686; x_wconf 91' lang='lat' dir='ltr'><strong>illo</strong></span> <span class='ocrx_word' id='word_1_59' title='bbox 671 646 833 697; x_wconf 90' lang='lat' dir='ltr'><strong>quidem</strong></span> <span class='ocrx_word' id='word_1_60' title='bbox 872 644 942 683; x_wconf 89' lang='lat' dir='ltr'><strong>sed</strong></span> <span class='ocrx_word' id='word_1_61' title='bbox 980 657 1061 683; x_wconf 91' lang='lat' dir='ltr'><strong>non</strong></span> <span class='ocrx_word' id='word_1_62' title='bbox 1097 645 1276 695; x_wconf 86' lang='lat' dir='ltr'><strong>perfecto</strong></span> <span class='ocrx_word' id='word_1_63' title='bbox 1314 645 1531 684; x_wconf 87' lang='lat' dir='ltr'><strong>memoriae</strong></span> <span class='ocrx_word' id='word_1_64' title='bbox 1562 646 1743 697; x_wconf 84' lang='lat' dir='ltr'><strong>tradidit,</strong></span> 
     </span>
     <span class='ocr_line' id='line_1_9' title="bbox 193 709 1743 762; baseline 0.001 -13"><span class='ocrx_word' id='word_1_65' title='bbox 193 709 302 750; x_wconf 85' lang='lat' dir='ltr'><strong>fama</strong></span> <span class='ocrx_word' id='word_1_66' title='bbox 333 711 505 751; x_wconf 85' lang='lat' dir='ltr'><strong>fortasse</strong></span> <span class='ocrx_word' id='word_1_67' title='bbox 539 712 675 762; x_wconf 84' lang='lat' dir='ltr'><strong>aliqua</strong></span> <span class='ocrx_word' id='word_1_68' title='bbox 706 711 869 751; x_wconf 85' lang='lat' dir='ltr'><strong>vetusta</strong></span> <span class='ocrx_word' id='word_1_69' title='bbox 900 709 1104 759; x_wconf 89' lang='lat' dir='ltr'><strong>nituntur,</strong></span> <span class='ocrx_word' id='word_1_70' title='bbox 1136 723 1266 761; x_wconf 89' lang='lat' dir='ltr'><strong>neque</strong></span> <span class='ocrx_word' id='word_1_71' title='bbox 1297 724 1394 751; x_wconf 85' lang='lat' dir='ltr'><strong>vero</strong></span> <span class='ocrx_word' id='word_1_72' title='bbox 1426 711 1646 750; x_wconf 89' lang='lat' dir='ltr'><strong>verisimile</strong></span> <span class='ocrx_word' id='word_1_73' title='bbox 1681 715 1743 751; x_wconf 87' lang='lat' dir='ltr'><strong>est</strong></span> 
     </span>
     <span class='ocr_line' id='line_1_10' title="bbox 191 775 1741 828; baseline 0.001 -13"><span class='ocrx_word' id='word_1_74' title='bbox 191 775 375 817; x_wconf 87' lang='lat' dir='ltr'><strong>Platonis</strong></span> <span class='ocrx_word' id='word_1_75' title='bbox 401 779 536 817; x_wconf 84' lang='lat' dir='ltr'><strong>aetate</strong></span> <span class='ocrx_word' id='word_1_76' title='bbox 562 778 754 828; x_wconf 87' lang='lat' dir='ltr'><strong>reliquias</strong></span> <span class='ocrx_word' id='word_1_77' title='bbox 781 775 978 816; x_wconf 87' lang='lat' dir='ltr'><strong>eiusmodi</strong></span> <span class='ocrx_word' id='word_1_78' title='bbox 1003 776 1191 816; x_wconf 83' lang='lat' dir='ltr'><strong>carminis</strong></span> <span class='ocrx_word' id='word_1_79' title='bbox 1218 777 1457 828; x_wconf 88' lang='lat' dir='ltr'><strong>superstites</strong></span> <span class='ocrx_word' id='word_1_80' title='bbox 1484 778 1630 817; x_wconf 84' lang='lat' dir='ltr'><strong>fuisse:</strong></span> <span class='ocrx_word' id='word_1_81' title='bbox 1652 791 1741 818; x_wconf 89' lang='grc'><strong>0011-</strong></span> 
     </span>
     <span class='ocr_line' id='line_1_11' title="bbox 191 834 1740 894; baseline 0.001 -13"><span class='ocrx_word' id='word_1_82' title='bbox 191 842 301 882; x_wconf 89' lang='lat' dir='ltr'><strong>feras</strong></span> <span class='ocrx_word' id='word_1_83' title='bbox 338 845 502 894; x_wconf 90' lang='lat' dir='ltr'><strong>praeter</strong></span> <span class='ocrx_word' id='word_1_84' title='bbox 539 843 639 883; x_wconf 89' lang='lat' dir='ltr'><strong>alios</strong></span> <span class='ocrx_word' id='word_1_85' title='bbox 677 842 719 883; x_wconf 83' lang='lat' dir='ltr'><strong>O.</strong></span> <span class='ocrx_word' id='word_1_86' title='bbox 758 842 824 882; x_wconf 79' lang='lat' dir='ltr'><strong>Fr.</strong></span> <span class='ocrx_word' id='word_1_87' title='bbox 864 842 1071 881; x_wconf 83' lang='lat' dir='ltr'><strong>Hermann</strong></span> <span class='ocrx_word' id='word_1_88' title='bbox 1108 843 1157 882; x_wconf 88' lang='lat' dir='ltr'><strong>de</strong></span> <span class='ocrx_word' id='word_1_89' title='bbox 1201 843 1384 882; x_wconf 88' lang='lat' dir='ltr'><strong>Platonis</strong></span> <span class='ocrx_word' id='word_1_90' title='bbox 1426 834 1683 893; x_wconf 86' lang='lat' dir='ltr'><strong>philosophia</strong></span> <span class='ocrx_word' id='word_1_91' title='bbox 1721 844 1740 883; x_wconf 94' lang='lat' dir='ltr'><strong>I</strong></span> 
     </span>
     <span class='ocr_line' id='line_1_12' title="bbox 190 907 1348 959; baseline -0.001 -10"><span class='ocrx_word' id='word_1_92' title='bbox 190 922 228 959; x_wconf 87' lang='lat' dir='ltr'><strong>p.</strong></span> <span class='ocrx_word' id='word_1_93' title='bbox 265 911 348 950; x_wconf 83' lang='lat'><strong>703</strong></span> <span class='ocrx_word' id='word_1_94' title='bbox 382 911 424 949; x_wconf 91' lang='lat' dir='ltr'><strong>et</strong></span> <span class='ocrx_word' id='word_1_95' title='bbox 455 910 742 949; x_wconf 89' lang='lat' dir='ltr'><strong>Westermann</strong></span> <span class='ocrx_word' id='word_1_96' title='bbox 774 908 825 947; x_wconf 86' lang='lat' dir='ltr'><strong>ad</strong></span> <span class='ocrx_word' id='word_1_97' title='bbox 856 908 966 947; x_wconf 88' lang='lat' dir='ltr'><strong>Plut.</strong></span> <span class='ocrx_word' id='word_1_98' title='bbox 998 908 1069 948; x_wconf 88' lang='lat' dir='ltr'><strong>vit.</strong></span> <span class='ocrx_word' id='word_1_99' title='bbox 1102 907 1182 948; x_wconf 86' lang='lat' dir='ltr'><strong>Sol.</strong></span> <span class='ocrx_word' id='word_1_100' title='bbox 1214 921 1246 948; x_wconf 90' lang='grc'><strong>0.</strong></span> <span class='ocrx_word' id='word_1_101' title='bbox 1281 911 1348 949; x_wconf 85' lang='grc'><strong>32.</strong></span> 
     </span>
    </p>

    <p class='ocr_par' dir='ltr' id='par_1_5' title="bbox 175 969 1743 2402">
     <span class='ocr_line' id='line_1_13' title="bbox 311 969 1743 1027; baseline 0 -13"><span class='ocrx_word' id='word_1_102' title='bbox 311 975 428 1022; x_wconf 83' lang='lat' dir='ltr'><strong>Quod</strong></span> <span class='ocrx_word' id='word_1_103' title='bbox 447 976 619 1015; x_wconf 89' lang='lat' dir='ltr'><strong>Photius</strong></span> <span class='ocrx_word' id='word_1_104' title='bbox 643 977 740 1026; x_wconf 83' lang='lat'><strong>164,</strong></span> <span class='ocrx_word' id='word_1_105' title='bbox 762 977 786 1015; x_wconf 89' lang='lat'>9</span> <span class='ocrx_word' id='word_1_106' title='bbox 808 974 987 1014; x_wconf 87' lang='lat' dir='ltr'><strong>exhibet:</strong></span> <span class='ocrx_word' id='word_1_107' title='bbox 1009 970 1293 1027; x_wconf 78' lang='grc' dir='ltr'><em>Κιγχοὶνειν·</em></span> <span class='ocrx_word' id='word_1_108' title='bbox 1321 969 1364 1014; x_wconf 88' lang='grc' dir='ltr'><strong>τὸ</strong></span> <span class='ocrx_word' id='word_1_109' title='bbox 1385 971 1595 1022; x_wconf 80' lang='grc' dir='ltr'><strong><em>ἐπεξιέναι·</em></strong></span> <span class='ocrx_word' id='word_1_110' title='bbox 1616 970 1743 1023; x_wconf 72' lang='grc' dir='ltr'><em>οὕτως</em></span> 
     </span>
     <span class='ocr_line' id='line_1_14' title="bbox 187 1035 1738 1095; baseline 0 -15"><span class='ocrx_word' id='word_1_111' title='bbox 187 1035 331 1080; x_wconf 83' lang='grc' dir='ltr'><strong><em>Σόλων</em></strong></span> <span class='ocrx_word' id='word_1_112' title='bbox 369 1036 576 1093; x_wconf 82' lang='lat' dir='ltr'><strong>(similiter</strong></span> <span class='ocrx_word' id='word_1_113' title='bbox 609 1041 736 1081; x_wconf 85' lang='lat' dir='ltr'><strong>Suid.:</strong></span> <span class='ocrx_word' id='word_1_114' title='bbox 775 1035 1009 1093; x_wconf 75' lang='grc' dir='ltr'><em>Κιγχοῖνειν·</em></span> <span class='ocrx_word' id='word_1_115' title='bbox 1046 1035 1103 1079; x_wconf 86' lang='grc' dir='ltr'><strong>τὸ·</strong></span> <span class='ocrx_word' id='word_1_116' title='bbox 1122 1037 1316 1088; x_wconf 81' lang='grc' dir='ltr'><em>ἐπεξιέναι</em></span> <span class='ocrx_word' id='word_1_117' title='bbox 1354 1040 1396 1080; x_wconf 80' lang='grc' dir='ltr'><strong>οἵ</strong></span> <span class='ocrx_word' id='word_1_118' title='bbox 1422 1038 1511 1092; x_wconf 80' lang='grc' dir='ltr'><em>περὶ</em></span> <span class='ocrx_word' id='word_1_119' title='bbox 1549 1036 1738 1095; x_wconf 88' lang='grc' dir='ltr'><em>Σόλωνα)</em></span> 
     </span>
     <span class='ocr_line' id='line_1_15' title="bbox 186 1106 1742 1159; baseline 0 -14"><span class='ocrx_word' id='word_1_120' title='bbox 186 1107 336 1147; x_wconf 86' lang='lat' dir='ltr'><strong>rectius</strong></span> <span class='ocrx_word' id='word_1_121' title='bbox 368 1107 475 1146; x_wconf 88' lang='lat' dir='ltr'><strong>inter</strong></span> <span class='ocrx_word' id='word_1_122' title='bbox 499 1107 638 1159; x_wconf 84' lang='lat' dir='ltr'><strong>legum</strong></span> <span class='ocrx_word' id='word_1_123' title='bbox 669 1106 863 1157; x_wconf 88' lang='lat' dir='ltr'><strong>reliquias</strong></span> <span class='ocrx_word' id='word_1_124' title='bbox 889 1106 1089 1145; x_wconf 89' lang='lat' dir='ltr'><strong>retuleris.</strong></span> <span class='ocrx_word' id='word_1_125' title='bbox 1124 1128 1178 1132; x_wconf 97' lang='lat'><strong>—</strong></span> <span class='ocrx_word' id='word_1_126' title='bbox 1210 1106 1321 1152; x_wconf 85' lang='lat' dir='ltr'><strong>Quae</strong></span> <span class='ocrx_word' id='word_1_127' title='bbox 1347 1107 1465 1146; x_wconf 89' lang='lat' dir='ltr'><strong>affert</strong></span> <span class='ocrx_word' id='word_1_128' title='bbox 1493 1106 1623 1146; x_wconf 83' lang='lat' dir='ltr'><strong>Schol.</strong></span> <span class='ocrx_word' id='word_1_129' title='bbox 1651 1107 1742 1145; x_wconf 86' lang='lat' dir='ltr'><strong>Ari-</strong></span> 
     </span>
     <span class='ocr_line' id='line_1_16' title="bbox 187 1166 1736 1225; baseline 0 -14"><span class='ocrx_word' id='word_1_130' title='bbox 187 1172 279 1212; x_wconf 77' lang='lat' dir='ltr'><strong>stid.</strong></span> <span class='ocrx_word' id='word_1_131' title='bbox 311 1172 373 1212; x_wconf 92' lang='lat' dir='ltr'><strong>III</strong></span> <span class='ocrx_word' id='word_1_132' title='bbox 395 1174 481 1212; x_wconf 86' lang='lat'><strong>524</strong></span> <span class='ocrx_word' id='word_1_133' title='bbox 518 1168 741 1225; x_wconf 79' lang='lat' dir='ltr'><strong>(Frommel</strong></span> <span class='ocrx_word' id='word_1_134' title='bbox 764 1173 847 1213; x_wconf 86' lang='grc'><strong>195</strong></span> <span class='ocrx_word' id='word_1_135' title='bbox 857 1168 934 1225; x_wconf 89' lang='lat' dir='ltr'><strong>b.):</strong></span> <span class='ocrx_word' id='word_1_136' title='bbox 962 1167 1066 1211; x_wconf 86' lang='grc' dir='ltr'><em>Ἀλλ’</em></span> <span class='ocrx_word' id='word_1_137' title='bbox 1101 1166 1123 1211; x_wconf 78' lang='grc' dir='ltr'>ὃ</span> <span class='ocrx_word' id='word_1_138' title='bbox 1155 1170 1315 1224; x_wconf 83' lang='grc' dir='ltr'><em>ποιηταὶ</em></span> <span class='ocrx_word' id='word_1_139' title='bbox 1340 1171 1406 1211; x_wconf 81' lang='grc' dir='ltr'><strong>καὶ</strong></span> <span class='ocrx_word' id='word_1_140' title='bbox 1432 1170 1647 1224; x_wconf 79' lang='grc' dir='ltr'><em>νομοθέται</em></span> <span class='ocrx_word' id='word_1_141' title='bbox 1672 1172 1736 1212; x_wconf 84' lang='grc' dir='ltr'><strong>καὶ</strong></span> 
     </span>
     <span class='ocr_line' id='line_1_17' title="bbox 184 1233 1738 1293; baseline 0.001 -17"><span class='ocrx_word' id='word_1_142' title='bbox 184 1239 394 1291; x_wconf 84' lang='grc' dir='ltr'><em>παροιμίαι</em></span> <span class='ocrx_word' id='word_1_143' title='bbox 423 1237 492 1279; x_wconf 85' lang='grc' dir='ltr'><strong>καὶ</strong></span> <span class='ocrx_word' id='word_1_144' title='bbox 516 1235 677 1293; x_wconf 76' lang='grc' dir='ltr'><em>ῥήτορες</em></span> <span class='ocrx_word' id='word_1_145' title='bbox 707 1237 774 1279; x_wconf 85' lang='grc' dir='ltr'><strong>καὶ</strong></span> <span class='ocrx_word' id='word_1_146' title='bbox 797 1234 943 1286; x_wconf 73' lang='grc' dir='ltr'><em>πάντες</em></span> <span class='ocrx_word' id='word_1_147' title='bbox 967 1233 1209 1288; x_wconf 81' lang='grc' dir='ltr'><em>κελεύουσιν,</em></span> <span class='ocrx_word' id='word_1_148' title='bbox 1241 1234 1468 1290; x_wconf 75' lang='grc' dir='ltr'><em>ἀμύνεσθαι</em></span> <span class='ocrx_word' id='word_1_149' title='bbox 1493 1234 1586 1286; x_wconf 83' lang='grc' dir='ltr'><em>τοὺς</em></span> <span class='ocrx_word' id='word_1_150' title='bbox 1610 1234 1738 1291; x_wconf 74' lang='grc' dir='ltr'><em>ὑπάρ-</em></span> 
     </span>
     <span class='ocr_line' id='line_1_18' title="bbox 185 1300 1738 1359; baseline 0 -15"><span class='ocrx_word' id='word_1_151' title='bbox 185 1304 348 1356; x_wconf 82' lang='grc' dir='ltr'><em>ξαντας,</em></span> <span class='ocrx_word' id='word_1_152' title='bbox 377 1307 492 1346; x_wconf 80' lang='grc' dir='ltr'><em>τοῦτο</em></span> <span class='ocrx_word' id='word_1_153' title='bbox 524 1304 733 1359; x_wconf 78' lang='grc' dir='ltr'><em>εἰσηγεῖτο]</em></span> <span class='ocrx_word' id='word_1_154' title='bbox 769 1337 778 1345; x_wconf 94' lang='grc'><strong>.</strong></span> <span class='ocrx_word' id='word_1_155' title='bbox 799 1335 808 1344; x_wconf 93' lang='grc'><strong>.</strong></span> <span class='ocrx_word' id='word_1_156' title='bbox 830 1337 838 1346; x_wconf 94' lang='grc'><strong><em>.</em></strong></span> <span class='ocrx_word' id='word_1_157' title='bbox 860 1337 868 1345; x_wconf 92' lang='grc'><strong>.</strong></span> <span class='ocrx_word' id='word_1_158' title='bbox 888 1300 1064 1356; x_wconf 79' lang='grc' dir='ltr'><em>Ὅμηρος</em></span> <span class='ocrx_word' id='word_1_159' title='bbox 1085 1300 1225 1356; x_wconf 80' lang='grc' dir='ltr'><em>’Ἀνὸρ’</em></span> <span class='ocrx_word' id='word_1_160' title='bbox 1260 1300 1562 1357; x_wconf 81' lang='grc' dir='ltr'><em>ἐπαμύνασθαι,</em></span> <span class='ocrx_word' id='word_1_161' title='bbox 1594 1300 1657 1344; x_wconf 77' lang='grc' dir='ltr'><strong>ὅτε</strong></span> <span class='ocrx_word' id='word_1_162' title='bbox 1681 1320 1738 1353; x_wconf 83' lang='grc' dir='ltr'><strong>τις</strong></span> 
     </span>
     <span class='ocr_line' id='line_1_19' title="bbox 183 1365 1737 1426; baseline 0.001 -17"><span class='ocrx_word' id='word_1_163' title='bbox 183 1366 373 1423; x_wconf 81' lang='grc' dir='ltr'><em>πρότερος</em></span> <span class='ocrx_word' id='word_1_164' title='bbox 396 1367 610 1426; x_wconf 79' lang='grc' dir='ltr'><em>χαλεπήνῃ.</em></span> <span class='ocrx_word' id='word_1_165' title='bbox 660 1367 803 1411; x_wconf 84' lang='grc' dir='ltr'><em>Σόλων</em></span> <span class='ocrx_word' id='word_1_166' title='bbox 830 1365 927 1425; x_wconf 86' lang='lat' dir='ltr'><strong>(BD</strong></span> <span class='ocrx_word' id='word_1_167' title='bbox 954 1368 1021 1409; x_wconf 80' lang='grc' dir='ltr'><strong>καὶ</strong></span> <span class='ocrx_word' id='word_1_168' title='bbox 1040 1365 1202 1423; x_wconf 80' lang='grc' dir='ltr'><em>Σόλων)</em></span> <span class='ocrx_word' id='word_1_169' title='bbox 1229 1366 1298 1410; x_wconf 88' lang='grc' dir='ltr'><strong>τὸν</strong></span> <span class='ocrx_word' id='word_1_170' title='bbox 1325 1366 1415 1424; x_wconf 78' lang='grc' dir='ltr'><strong>(ἐὰν</strong></span> <span class='ocrx_word' id='word_1_171' title='bbox 1433 1368 1531 1424; x_wconf 92' lang='lat' dir='ltr'><strong>BD)</strong></span> <span class='ocrx_word' id='word_1_172' title='bbox 1558 1367 1737 1425; x_wconf 71' lang='grc' dir='ltr'><em>ἄγοντα</em></span> 
     </span>
     <span class='ocr_line' id='line_1_20' title="bbox 183 1431 1736 1492; baseline 0.001 -17"><span class='ocrx_word' id='word_1_173' title='bbox 183 1435 265 1491; x_wconf 74' lang='grc' dir='ltr'><strong>βίᾳ</strong></span> <span class='ocrx_word' id='word_1_174' title='bbox 297 1431 386 1492; x_wconf 77' lang='grc' dir='ltr'><em>(βίᾳ</em></span> <span class='ocrx_word' id='word_1_175' title='bbox 416 1432 565 1486; x_wconf 74' lang='grc' dir='ltr'><em>ἀδίκως</em></span> <span class='ocrx_word' id='word_1_176' title='bbox 595 1432 694 1489; x_wconf 90' lang='lat' dir='ltr'><strong>BD)</strong></span> <span class='ocrx_word' id='word_1_177' title='bbox 732 1431 852 1488; x_wconf 78' lang='grc' dir='ltr'><strong>τάμὰ</strong></span> <span class='ocrx_word' id='word_1_178' title='bbox 885 1431 1029 1490; x_wconf 85' lang='lat' dir='ltr'><strong>(Oxon.</strong></span> <span class='ocrx_word' id='word_1_179' title='bbox 1062 1431 1108 1475; x_wconf 73' lang='grc' dir='ltr'><strong>τὰ</strong></span> <span class='ocrx_word' id='word_1_180' title='bbox 1141 1431 1210 1490; x_wconf 76' lang='grc' dir='ltr'><strong>σα)</strong></span> <span class='ocrx_word' id='word_1_181' title='bbox 1244 1431 1394 1485; x_wconf 80' lang='grc' dir='ltr'><em>εὐθὺς</em></span> <span class='ocrx_word' id='word_1_182' title='bbox 1431 1432 1736 1489; x_wconf 76' lang='grc' dir='ltr'><em>ἀμυνόμενος</em></span> 
     </span>
     <span class='ocr_line' id='line_1_21' title="bbox 181 1497 1732 1558; baseline 0.002 -18"><span class='ocrx_word' id='word_1_183' title='bbox 181 1504 368 1542; x_wconf 81' lang='grc' dir='ltr'><em>κτεῖναι</em></span> <span class='ocrx_word' id='word_1_184' title='bbox 404 1497 429 1555; x_wconf 79' lang='grc' dir='ltr'>ἢ</span> <span class='ocrx_word' id='word_1_185' title='bbox 470 1498 531 1551; x_wconf 80' lang='grc' dir='ltr'><strong>ὡς</strong></span> <span class='ocrx_word' id='word_1_186' title='bbox 569 1501 751 1554; x_wconf 82' lang='grc' dir='ltr'><em>πένητα</em></span> <span class='ocrx_word' id='word_1_187' title='bbox 787 1504 970 1556; x_wconf 77' lang='grc' dir='ltr'><em>γνῶναι</em></span> <span class='ocrx_word' id='word_1_188' title='bbox 1010 1499 1128 1555; x_wconf 86' lang='lat' dir='ltr'><strong>(haec</strong></span> <span class='ocrx_word' id='word_1_189' title='bbox 1165 1504 1340 1553; x_wconf 89' lang='lat' dir='ltr'><strong>quatuor</strong></span> <span class='ocrx_word' id='word_1_190' title='bbox 1370 1504 1496 1543; x_wconf 89' lang='lat' dir='ltr'><strong>verba</strong></span> <span class='ocrx_word' id='word_1_191' title='bbox 1528 1517 1604 1544; x_wconf 88' lang='lat' dir='ltr'><strong>om.</strong></span> <span class='ocrx_word' id='word_1_192' title='bbox 1638 1499 1732 1558; x_wconf 88' lang='lat' dir='ltr'><strong>Ox.)</strong></span> 
     </span>
     <span class='ocr_line' id='line_1_22' title="bbox 179 1564 1731 1623; baseline 0.003 -17"><span class='ocrx_word' id='word_1_193' title='bbox 179 1568 251 1607; x_wconf 92' lang='lat' dir='ltr'><strong>ubi</strong></span> <span class='ocrx_word' id='word_1_194' title='bbox 269 1569 505 1609; x_wconf 87' lang='lat' dir='ltr'><strong>Frommelii</strong></span> <span class='ocrx_word' id='word_1_195' title='bbox 536 1571 631 1609; x_wconf 89' lang='lat' dir='ltr'><strong>libri</strong></span> <span class='ocrx_word' id='word_1_196' title='bbox 663 1571 772 1610; x_wconf 90' lang='lat' dir='ltr'><strong>recte</strong></span> <span class='ocrx_word' id='word_1_197' title='bbox 805 1564 876 1608; x_wconf 80' lang='grc' dir='ltr'><strong>ἐὰν</strong></span> <span class='ocrx_word' id='word_1_198' title='bbox 906 1565 976 1609; x_wconf 90' lang='grc' dir='ltr'><strong>τὸν</strong></span> <span class='ocrx_word' id='word_1_199' title='bbox 1009 1601 1017 1608; x_wconf 95' lang='grc'><strong>.</strong></span> <span class='ocrx_word' id='word_1_200' title='bbox 1039 1600 1048 1609; x_wconf 92' lang='grc'><strong>.</strong></span> <span class='ocrx_word' id='word_1_201' title='bbox 1069 1599 1078 1608; x_wconf 91' lang='grc'><strong>.</strong></span> <span class='ocrx_word' id='word_1_202' title='bbox 1109 1568 1264 1623; x_wconf 82' lang='grc' dir='ltr'><em>κτείνῃ,</em></span> <span class='ocrx_word' id='word_1_203' title='bbox 1297 1582 1377 1608; x_wconf 88' lang='grc'><strong>11011</strong></span> <span class='ocrx_word' id='word_1_204' title='bbox 1409 1583 1457 1608; x_wconf 87' lang='lat' dir='ltr'><strong>ex</strong></span> <span class='ocrx_word' id='word_1_205' title='bbox 1487 1571 1587 1621; x_wconf 89' lang='lat' dir='ltr'><strong>ipsis</strong></span> <span class='ocrx_word' id='word_1_206' title='bbox 1621 1570 1731 1610; x_wconf 80' lang='lat' dir='ltr'><strong>Solo-</strong></span> 
     </span>
     <span class='ocr_line' id='line_1_23' title="bbox 181 1633 1733 1688; baseline 0.002 -16"><span class='ocrx_word' id='word_1_207' title='bbox 181 1633 244 1673; x_wconf 88' lang='lat' dir='ltr'><strong>nis</strong></span> <span class='ocrx_word' id='word_1_208' title='bbox 269 1635 428 1686; x_wconf 85' lang='lat' dir='ltr'><strong>legibus</strong></span> <span class='ocrx_word' id='word_1_209' title='bbox 455 1636 585 1686; x_wconf 88' lang='lat' dir='ltr'><strong>petita</strong></span> <span class='ocrx_word' id='word_1_210' title='bbox 611 1639 721 1686; x_wconf 90' lang='lat' dir='ltr'><strong>sunt,</strong></span> <span class='ocrx_word' id='word_1_211' title='bbox 754 1637 825 1676; x_wconf 90' lang='lat' dir='ltr'><strong>sed</strong></span> <span class='ocrx_word' id='word_1_212' title='bbox 851 1635 1067 1685; x_wconf 86' lang='lat' dir='ltr'><strong>descripsit</strong></span> <span class='ocrx_word' id='word_1_213' title='bbox 1093 1635 1310 1674; x_wconf 85' lang='lat' dir='ltr'><strong>scholiasta</strong></span> <span class='ocrx_word' id='word_1_214' title='bbox 1330 1636 1433 1686; x_wconf 86' lang='lat' dir='ltr'><strong>legis</strong></span> <span class='ocrx_word' id='word_1_215' title='bbox 1461 1637 1598 1688; x_wconf 87' lang='lat' dir='ltr'><strong>verba,</strong></span> <span class='ocrx_word' id='word_1_216' title='bbox 1630 1649 1733 1687; x_wconf 89' lang='lat' dir='ltr'><strong>quae</strong></span> 
     </span>
     <span class='ocr_line' id='line_1_24' title="bbox 182 1697 1733 1754; baseline 0.001 -15"><span class='ocrx_word' id='word_1_217' title='bbox 182 1703 321 1741; x_wconf 86' lang='lat' dir='ltr'><strong>extant</strong></span> <span class='ocrx_word' id='word_1_218' title='bbox 358 1715 420 1753; x_wconf 91' lang='lat' dir='ltr'><strong>ap.</strong></span> <span class='ocrx_word' id='word_1_219' title='bbox 453 1702 664 1743; x_wconf 87' lang='lat' dir='ltr'><strong>Demosth.</strong></span> <span class='ocrx_word' id='word_1_220' title='bbox 703 1716 759 1742; x_wconf 88' lang='lat' dir='ltr'><strong>or.</strong></span> <span class='ocrx_word' id='word_1_221' title='bbox 798 1703 841 1741; x_wconf 91' lang='lat' dir='ltr'><strong>in</strong></span> <span class='ocrx_word' id='word_1_222' title='bbox 872 1701 1068 1741; x_wconf 85' lang='lat' dir='ltr'><strong>Aristocr.</strong></span> <span class='ocrx_word' id='word_1_223' title='bbox 1103 1701 1170 1740; x_wconf 88' lang='lat'><strong>60.</strong></span> <span class='ocrx_word' id='word_1_224' title='bbox 1224 1702 1326 1741; x_wconf 87' lang='lat'><strong>639:</strong></span> <span class='ocrx_word' id='word_1_225' title='bbox 1359 1699 1426 1740; x_wconf 84' lang='grc' dir='ltr'><strong>καὶ</strong></span> <span class='ocrx_word' id='word_1_226' title='bbox 1458 1697 1529 1740; x_wconf 78' lang='grc' dir='ltr'><strong>ἐὰν</strong></span> <span class='ocrx_word' id='word_1_227' title='bbox 1561 1699 1733 1754; x_wconf 83' lang='grc' dir='ltr'><em>φέροντα</em></span> 
     </span>
     <span class='ocr_line' id='line_1_25' title="bbox 180 1760 1732 1822; baseline 0.001 -16"><span class='ocrx_word' id='word_1_228' title='bbox 180 1760 206 1817; x_wconf 82' lang='grc' dir='ltr'>ἢ</span> <span class='ocrx_word' id='word_1_229' title='bbox 239 1762 387 1820; x_wconf 67' lang='grc' dir='ltr'><em>ἄγοντα</em></span> <span class='ocrx_word' id='word_1_230' title='bbox 418 1766 487 1822; x_wconf 73' lang='grc' dir='ltr'><strong>βίᾳ</strong></span> <span class='ocrx_word' id='word_1_231' title='bbox 518 1762 667 1816; x_wconf 72' lang='grc' dir='ltr'><em>ἀδίκως</em></span> <span class='ocrx_word' id='word_1_232' title='bbox 699 1763 825 1815; x_wconf 80' lang='grc' dir='ltr'><em>εὐθὺς</em></span> <span class='ocrx_word' id='word_1_233' title='bbox 856 1762 1107 1819; x_wconf 75' lang='grc' dir='ltr'><em>ἀμυνόμενος</em></span> <span class='ocrx_word' id='word_1_234' title='bbox 1131 1767 1286 1821; x_wconf 77' lang='grc' dir='ltr'><em>κτείνῃ,</em></span> <span class='ocrx_word' id='word_1_235' title='bbox 1311 1766 1495 1819; x_wconf 84' lang='grc' dir='ltr'><em>νηποινεὶ</em></span> <span class='ocrx_word' id='word_1_236' title='bbox 1529 1764 1732 1809; x_wconf 77' lang='grc' dir='ltr'><em>τεθνάναι.</em></span> 
     </span>
     <span class='ocr_line' id='line_1_26' title="bbox 179 1831 1731 1884; baseline 0.001 -14"><span class='ocrx_word' id='word_1_237' title='bbox 179 1833 286 1871; x_wconf 89' lang='lat' dir='ltr'><strong>unde</strong></span> <span class='ocrx_word' id='word_1_238' title='bbox 324 1833 434 1872; x_wconf 85' lang='lat' dir='ltr'><strong>facili</strong></span> <span class='ocrx_word' id='word_1_239' title='bbox 470 1834 635 1884; x_wconf 89' lang='lat' dir='ltr'><strong>negotio</strong></span> <span class='ocrx_word' id='word_1_240' title='bbox 673 1834 839 1874; x_wconf 85' lang='lat' dir='ltr'><strong>vitiosas</strong></span> <span class='ocrx_word' id='word_1_241' title='bbox 876 1833 998 1873; x_wconf 82' lang='lat' dir='ltr'><strong>schol.</strong></span> <span class='ocrx_word' id='word_1_242' title='bbox 1037 1833 1162 1872; x_wconf 85' lang='lat' dir='ltr'><strong>Arist.</strong></span> <span class='ocrx_word' id='word_1_243' title='bbox 1210 1833 1430 1883; x_wconf 87' lang='lat' dir='ltr'><strong>scripturas</strong></span> <span class='ocrx_word' id='word_1_244' title='bbox 1477 1834 1573 1873; x_wconf 89' lang='lat' dir='ltr'><strong>licet</strong></span> <span class='ocrx_word' id='word_1_245' title='bbox 1612 1831 1731 1873; x_wconf 83' lang='lat' dir='ltr'><strong>corri-</strong></span> 
     </span>
     <span class='ocr_line' id='line_1_27' title="bbox 179 1893 1731 1955; baseline 0.001 -18"><span class='ocrx_word' id='word_1_246' title='bbox 179 1911 294 1948; x_wconf 86' lang='lat' dir='ltr'><strong>gere,</strong></span> <span class='ocrx_word' id='word_1_247' title='bbox 332 1911 426 1938; x_wconf 82' lang='lat' dir='ltr'><strong>nam</strong></span> <span class='ocrx_word' id='word_1_248' title='bbox 471 1899 748 1950; x_wconf 89' lang='lat' dir='ltr'><strong>importunum</strong></span> <span class='ocrx_word' id='word_1_249' title='bbox 792 1894 896 1951; x_wconf 77' lang='grc' dir='ltr'><strong>τάμὰ</strong></span> <span class='ocrx_word' id='word_1_250' title='bbox 935 1893 1000 1955; x_wconf 77' lang='grc' dir='ltr'><strong>(τὰ</strong></span> <span class='ocrx_word' id='word_1_251' title='bbox 1040 1894 1108 1952; x_wconf 77' lang='grc' dir='ltr'><strong>σοὶ)</strong></span> <span class='ocrx_word' id='word_1_252' title='bbox 1152 1898 1310 1938; x_wconf 89' lang='lat' dir='ltr'><strong>librarii</strong></span> <span class='ocrx_word' id='word_1_253' title='bbox 1353 1899 1521 1938; x_wconf 90' lang='lat' dir='ltr'><strong>alicuius</strong></span> <span class='ocrx_word' id='word_1_254' title='bbox 1560 1900 1622 1939; x_wconf 90' lang='lat' dir='ltr'><strong>est</strong></span> <span class='ocrx_word' id='word_1_255' title='bbox 1666 1900 1731 1938; x_wconf 92' lang='lat' dir='ltr'><strong>ad-</strong></span> 
     </span>
     <span class='ocr_line' id='line_1_28' title="bbox 179 1964 1731 2016; baseline 0.001 -13"><span class='ocrx_word' id='word_1_256' title='bbox 179 1964 448 2004; x_wconf 88' lang='lat' dir='ltr'><strong>ditamentum</strong></span> <span class='ocrx_word' id='word_1_257' title='bbox 498 1978 547 2004; x_wconf 87' lang='lat' dir='ltr'><strong>ex</strong></span> <span class='ocrx_word' id='word_1_258' title='bbox 593 1965 881 2006; x_wconf 86' lang='lat' dir='ltr'><strong>Demosthenis</strong></span> <span class='ocrx_word' id='word_1_259' title='bbox 913 1966 1048 2006; x_wconf 86' lang='lat' dir='ltr'><strong>verbis</strong></span> <span class='ocrx_word' id='word_1_260' title='bbox 1084 1967 1136 2004; x_wconf 88' lang='lat'><strong>61</strong></span> <span class='ocrx_word' id='word_1_261' title='bbox 1166 1964 1352 2016; x_wconf 91' lang='lat' dir='ltr'><strong>petitum.</strong></span> <span class='ocrx_word' id='word_1_262' title='bbox 1405 1964 1562 2005; x_wconf 85' lang='lat' dir='ltr'><strong>Solonis</strong></span> <span class='ocrx_word' id='word_1_263' title='bbox 1594 1968 1731 2004; x_wconf 88' lang='lat' dir='ltr'><strong>autem</strong></span> 
     </span>
     <span class='ocr_line' id='line_1_29' title="bbox 178 2031 1728 2082; baseline 0 -13"><span class='ocrx_word' id='word_1_264' title='bbox 178 2031 254 2082; x_wconf 83' lang='lat' dir='ltr'><strong>lex,</strong></span> <span class='ocrx_word' id='word_1_265' title='bbox 287 2043 390 2082; x_wconf 88' lang='lat' dir='ltr'><strong>quae</strong></span> <span class='ocrx_word' id='word_1_266' title='bbox 421 2031 464 2070; x_wconf 90' lang='lat' dir='ltr'><strong>in</strong></span> <span class='ocrx_word' id='word_1_267' title='bbox 494 2032 781 2072; x_wconf 89' lang='lat' dir='ltr'><strong>Demosthenis</strong></span> <span class='ocrx_word' id='word_1_268' title='bbox 813 2033 929 2072; x_wconf 89' lang='lat' dir='ltr'><strong>libris</strong></span> <span class='ocrx_word' id='word_1_269' title='bbox 960 2031 1127 2082; x_wconf 86' lang='lat' dir='ltr'><strong>legitur,</strong></span> <span class='ocrx_word' id='word_1_270' title='bbox 1159 2033 1298 2070; x_wconf 92' lang='lat' dir='ltr'><strong>utrum</strong></span> <span class='ocrx_word' id='word_1_271' title='bbox 1329 2032 1531 2082; x_wconf 88' lang='lat' dir='ltr'><strong>locuplete</strong></span> <span class='ocrx_word' id='word_1_272' title='bbox 1563 2034 1728 2071; x_wconf 89' lang='lat' dir='ltr'><strong>auctore</strong></span> 
     </span>
     <span class='ocr_line' id='line_1_30' title="bbox 179 2097 1730 2149; baseline 0 -14"><span class='ocrx_word' id='word_1_273' title='bbox 179 2097 234 2135; x_wconf 91' lang='lat' dir='ltr'><strong>sit</strong></span> <span class='ocrx_word' id='word_1_274' title='bbox 263 2100 491 2149; x_wconf 87' lang='lat' dir='ltr'><strong>propagata</strong></span> <span class='ocrx_word' id='word_1_275' title='bbox 522 2111 586 2149; x_wconf 91' lang='lat' dir='ltr'><strong>an,</strong></span> <span class='ocrx_word' id='word_1_276' title='bbox 618 2099 957 2149; x_wconf 87' lang='lat' dir='ltr'><strong>quemadmodum</strong></span> <span class='ocrx_word' id='word_1_277' title='bbox 989 2098 1089 2137; x_wconf 88' lang='lat' dir='ltr'><strong>alias</strong></span> <span class='ocrx_word' id='word_1_278' title='bbox 1115 2110 1192 2136; x_wconf 90' lang='lat' dir='ltr'><strong>usu</strong></span> <span class='ocrx_word' id='word_1_279' title='bbox 1217 2097 1342 2149; x_wconf 88' lang='lat' dir='ltr'><strong>venit,</strong></span> <span class='ocrx_word' id='word_1_280' title='bbox 1369 2111 1417 2137; x_wconf 88' lang='lat' dir='ltr'><strong>ex</strong></span> <span class='ocrx_word' id='word_1_281' title='bbox 1443 2097 1615 2137; x_wconf 89' lang='lat' dir='ltr'><strong>oratoris</strong></span> <span class='ocrx_word' id='word_1_282' title='bbox 1642 2110 1730 2136; x_wconf 90' lang='lat' dir='ltr'><strong>ver-</strong></span> 
     </span>
     <span class='ocr_line' id='line_1_31' title="bbox 178 2155 1726 2215; baseline 0 -14"><span class='ocrx_word' id='word_1_283' title='bbox 178 2162 241 2202; x_wconf 89' lang='lat' dir='ltr'><strong>bis</strong></span> <span class='ocrx_word' id='word_1_284' title='bbox 279 2164 532 2215; x_wconf 84' lang='lat' dir='ltr'><strong>concinnata,</strong></span> <span class='ocrx_word' id='word_1_285' title='bbox 572 2163 770 2215; x_wconf 86' lang='lat' dir='ltr'><strong>ambigas.</strong></span> <span class='ocrx_word' id='word_1_286' title='bbox 820 2155 874 2204; x_wconf 76' lang='lat' dir='ltr'><strong>Et</strong></span> <span class='ocrx_word' id='word_1_287' title='bbox 913 2165 1090 2204; x_wconf 89' lang='lat' dir='ltr'><strong>Koehler</strong></span> <span class='ocrx_word' id='word_1_288' title='bbox 1128 2164 1290 2215; x_wconf 89' lang='lat' dir='ltr'><strong>quidem</strong></span> <span class='ocrx_word' id='word_1_289' title='bbox 1327 2163 1370 2202; x_wconf 90' lang='lat' dir='ltr'><strong>in</strong></span> <span class='ocrx_word' id='word_1_290' title='bbox 1406 2163 1557 2203; x_wconf 89' lang='lat' dir='ltr'><strong>Herme</strong></span> <span class='ocrx_word' id='word_1_291' title='bbox 1595 2163 1637 2201; x_wconf 91' lang='lat' dir='ltr'><strong>II</strong></span> <span class='ocrx_word' id='word_1_292' title='bbox 1671 2164 1726 2202; x_wconf 83' lang='lat'><strong>27</strong></span> 
     </span>
     <span class='ocr_line' id='line_1_32' title="bbox 178 2228 1729 2280; baseline 0 -13"><span class='ocrx_word' id='word_1_293' title='bbox 178 2240 258 2279; x_wconf 87' lang='lat' dir='ltr'><strong>seq.</strong></span> <span class='ocrx_word' id='word_1_294' title='bbox 291 2228 334 2267; x_wconf 93' lang='lat' dir='ltr'><strong>in</strong></span> <span class='ocrx_word' id='word_1_295' title='bbox 364 2229 485 2269; x_wconf 90' lang='lat' dir='ltr'><strong>titulo</strong></span> <span class='ocrx_word' id='word_1_296' title='bbox 520 2230 669 2279; x_wconf 87' lang='lat' dir='ltr'><strong>Attico,</strong></span> <span class='ocrx_word' id='word_1_297' title='bbox 701 2243 820 2280; x_wconf 90' lang='lat' dir='ltr'><strong>quem</strong></span> <span class='ocrx_word' id='word_1_298' title='bbox 851 2230 1115 2280; x_wconf 81' lang='lat' dir='ltr'><strong>instauravit,</strong></span> <span class='ocrx_word' id='word_1_299' title='bbox 1148 2230 1248 2269; x_wconf 87' lang='lat' dir='ltr'><strong>haec</strong></span> <span class='ocrx_word' id='word_1_300' title='bbox 1278 2230 1368 2280; x_wconf 88' lang='lat' dir='ltr'><strong>ipsa</strong></span> <span class='ocrx_word' id='word_1_301' title='bbox 1398 2230 1524 2270; x_wconf 86' lang='lat' dir='ltr'><strong>verba</strong></span> <span class='ocrx_word' id='word_1_302' title='bbox 1555 2229 1633 2268; x_wconf 91' lang='lat' dir='ltr'><strong>sibi</strong></span> <span class='ocrx_word' id='word_1_303' title='bbox 1664 2229 1729 2267; x_wconf 89' lang='lat' dir='ltr'><strong>de-</strong></span> 
     </span>
     <span class='ocr_line' id='line_1_33' title="bbox 178 2294 1726 2347; baseline -0.001 -13"><span class='ocrx_word' id='word_1_304' title='bbox 178 2294 430 2345; x_wconf 88' lang='lat' dir='ltr'><strong>prehendere</strong></span> <span class='ocrx_word' id='word_1_305' title='bbox 463 2296 573 2335; x_wconf 88' lang='lat' dir='ltr'><strong>visus</strong></span> <span class='ocrx_word' id='word_1_306' title='bbox 613 2297 693 2347; x_wconf 87' lang='lat' dir='ltr'><strong>est,</strong></span> <span class='ocrx_word' id='word_1_307' title='bbox 727 2296 798 2336; x_wconf 89' lang='lat' dir='ltr'><strong>sed</strong></span> <span class='ocrx_word' id='word_1_308' title='bbox 830 2309 876 2336; x_wconf 92' lang='lat' dir='ltr'><strong>eo</strong></span> <span class='ocrx_word' id='word_1_309' title='bbox 908 2297 996 2336; x_wconf 89' lang='grc'><strong>1000</strong></span> <span class='ocrx_word' id='word_1_310' title='bbox 1029 2296 1110 2334; x_wconf 87' lang='lat' dir='ltr'><strong>alia</strong></span> <span class='ocrx_word' id='word_1_311' title='bbox 1141 2296 1394 2346; x_wconf 87' lang='lat' dir='ltr'><strong>legebantur,</strong></span> <span class='ocrx_word' id='word_1_312' title='bbox 1426 2295 1517 2335; x_wconf 87' lang='lat' dir='ltr'><strong>vide</strong></span> <span class='ocrx_word' id='word_1_313' title='bbox 1550 2306 1651 2345; x_wconf 89' lang='lat' dir='ltr'><strong>quae</strong></span> <span class='ocrx_word' id='word_1_314' title='bbox 1684 2294 1726 2332; x_wconf 90' lang='lat' dir='ltr'><strong>in</strong></span> 
     </span>
     <span class='ocr_line' id='line_1_34' title="bbox 175 2359 1727 2402; baseline -0.001 -3"><span class='ocrx_word' id='word_1_315' title='bbox 175 2360 321 2402; x_wconf 92' lang='lat' dir='ltr'><strong>Philol.</strong></span> <span class='ocrx_word' id='word_1_316' title='bbox 354 2361 507 2400; x_wconf 92' lang='lat' dir='ltr'>XXXII</span> <span class='ocrx_word' id='word_1_317' title='bbox 541 2363 624 2401; x_wconf 81' lang='lat'><strong>672</strong></span> <span class='ocrx_word' id='word_1_318' title='bbox 665 2362 847 2402; x_wconf 90' lang='lat' dir='ltr'><strong>disserui.</strong></span> <span class='ocrx_word' id='word_1_319' title='bbox 889 2362 992 2401; x_wconf 84' lang='lat' dir='ltr'><strong>Sane</strong></span> <span class='ocrx_word' id='word_1_320' title='bbox 1034 2362 1115 2401; x_wconf 87' lang='lat' dir='ltr'><strong>ista</strong></span> <span class='ocrx_word' id='word_1_321' title='bbox 1161 2362 1302 2401; x_wconf 92' lang='lat' dir='ltr'><strong>tabula</strong></span> <span class='ocrx_word' id='word_1_322' title='bbox 1346 2361 1442 2401; x_wconf 91' lang='lat' dir='ltr'><strong>olim</strong></span> <span class='ocrx_word' id='word_1_323' title='bbox 1487 2361 1608 2400; x_wconf 90' lang='lat' dir='ltr'><strong>etiam</strong></span> <span class='ocrx_word' id='word_1_324' title='bbox 1653 2359 1727 2398; x_wconf 86' lang='lat' dir='ltr'><strong>hoc</strong></span> 
     </span>
    </p>
   </div>
   <div class='ocr_carea' id='block_1_5' title="bbox 91 2427 1727 2483">
    <p class='ocr_par' dir='ltr' id='par_1_6' title="bbox 91 2427 1727 2483">
     <span class='ocr_line' id='line_1_35' title="bbox 91 2427 1727 2483; baseline -0.001 -18"><span class='ocrx_word' id='word_1_325' title='bbox 91 2455 95 2460; x_wconf 84' lang='lat'>.</span> <span class='ocrx_word' id='word_1_326' title='bbox 175 2439 339 2467; x_wconf 86' lang='lat' dir='ltr'><strong>carmen</strong></span> <span class='ocrx_word' id='word_1_327' title='bbox 375 2428 574 2479; x_wconf 83' lang='lat' dir='ltr'><strong>exhibuit,</strong></span> <span class='ocrx_word' id='word_1_328' title='bbox 613 2428 684 2468; x_wconf 88' lang='lat' dir='ltr'><strong>sed</strong></span> <span class='ocrx_word' id='word_1_329' title='bbox 720 2428 942 2483; x_wconf 86' lang='lat' dir='ltr'><strong>novissima</strong></span> <span class='ocrx_word' id='word_1_330' title='bbox 981 2440 1076 2478; x_wconf 88' lang='lat' dir='ltr'><strong>pars</strong></span> <span class='ocrx_word' id='word_1_331' title='bbox 1115 2430 1201 2467; x_wconf 89' lang='lat' dir='ltr'><strong>tam</strong></span> <span class='ocrx_word' id='word_1_332' title='bbox 1238 2429 1343 2466; x_wconf 91' lang='lat' dir='ltr'><strong>male</strong></span> <span class='ocrx_word' id='word_1_333' title='bbox 1382 2427 1521 2466; x_wconf 86' lang='lat' dir='ltr'><strong>habita</strong></span> <span class='ocrx_word' id='word_1_334' title='bbox 1562 2428 1642 2476; x_wconf 90' lang='lat' dir='ltr'><strong>est,</strong></span> <span class='ocrx_word' id='word_1_335' title='bbox 1680 2427 1727 2464; x_wconf 91' lang='lat' dir='ltr'><strong>ut</strong></span> 
     </span>
    </p>
   </div>
   <div class='ocr_carea' id='block_1_6' title="bbox 175 2494 1724 2611">
    <p class='ocr_par' dir='ltr' id='par_1_7' title="bbox 175 2494 1724 2611">
     <span class='ocr_line' id='line_1_36' title="bbox 175 2494 1129 2546; baseline 0.002 -14"><span class='ocrx_word' id='word_1_336' title='bbox 175 2494 450 2534; x_wconf 89' lang='lat' dir='ltr'><strong>restituendae</strong></span> <span class='ocrx_word' id='word_1_337' title='bbox 481 2495 584 2546; x_wconf 84' lang='lat' dir='ltr'><strong>legis</strong></span> <span class='ocrx_word' id='word_1_338' title='bbox 617 2494 840 2544; x_wconf 86' lang='lat' dir='ltr'><strong>periculum</strong></span> <span class='ocrx_word' id='word_1_339' title='bbox 871 2494 1033 2533; x_wconf 88' lang='lat' dir='ltr'><strong>irritum</strong></span> <span class='ocrx_word' id='word_1_340' title='bbox 1066 2495 1129 2534; x_wconf 90' lang='lat' dir='ltr'><strong>sit.</strong></span> 
     </span>
     <span class='ocr_line' id='line_1_37' title="bbox 297 2558 1724 2611; baseline -0.003 -11"><span class='ocrx_word' id='word_1_341' title='bbox 297 2559 408 2607; x_wconf 84' lang='lat' dir='ltr'><strong>Quae</strong></span> <span class='ocrx_word' id='word_1_342' title='bbox 439 2561 547 2611; x_wconf 89' lang='lat' dir='ltr'><strong>apud</strong></span> <span class='ocrx_word' id='word_1_343' title='bbox 579 2559 668 2600; x_wconf 83' lang='lat' dir='ltr'><strong>Sch.</strong></span> <span class='ocrx_word' id='word_1_344' title='bbox 700 2559 845 2600; x_wconf 89' lang='lat' dir='ltr'><strong>Aesch.</strong></span> <span class='ocrx_word' id='word_1_345' title='bbox 877 2560 1011 2599; x_wconf 90' lang='lat' dir='ltr'><strong>Prom.</strong></span> <span class='ocrx_word' id='word_1_346' title='bbox 1042 2573 1077 2599; x_wconf 90' lang='lat' dir='ltr'><strong>v.</strong></span> <span class='ocrx_word' id='word_1_347' title='bbox 1111 2560 1199 2599; x_wconf 88' lang='grc'><strong>400</strong></span> <span class='ocrx_word' id='word_1_348' title='bbox 1240 2559 1325 2598; x_wconf 89' lang='lat' dir='ltr'><strong>sine</strong></span> <span class='ocrx_word' id='word_1_349' title='bbox 1357 2559 1531 2598; x_wconf 89' lang='lat' dir='ltr'><strong>auctoris</strong></span> <span class='ocrx_word' id='word_1_350' title='bbox 1563 2558 1724 2597; x_wconf 89' lang='lat' dir='ltr'><strong>nomine</strong></span> 
     </span>
    </p>
   </div>
   <div class='ocr_carea' id='block_1_7' title="bbox 108 2621 1724 2874">
    <p class='ocr_par' dir='ltr' id='par_1_8' title="bbox 108 2621 1724 2874">
     <span class='ocr_line' id='line_1_38' title="bbox 174 2621 1724 2678; baseline -0.001 -15"><span class='ocrx_word' id='word_1_351' title='bbox 174 2625 368 2675; x_wconf 87' lang='lat' dir='ltr'><strong>leguntur</strong></span> <span class='ocrx_word' id='word_1_352' title='bbox 405 2625 548 2678; x_wconf 81' lang='grc' dir='ltr'><em>οἴχεται</em></span> <span class='ocrx_word' id='word_1_353' title='bbox 583 2621 626 2665; x_wconf 87' lang='grc' dir='ltr'><strong>τὸ</strong></span> <span class='ocrx_word' id='word_1_354' title='bbox 664 2623 807 2673; x_wconf 82' lang='grc' dir='ltr'><em>κλέπος</em></span> <span class='ocrx_word' id='word_1_355' title='bbox 838 2621 956 2673; x_wconf 79' lang='grc' dir='ltr'><em>αὐτὸς</em></span> <span class='ocrx_word' id='word_1_356' title='bbox 987 2623 1107 2677; x_wconf 74' lang='grc' dir='ltr'><em>ἔχων,</em></span> <span class='ocrx_word' id='word_1_357' title='bbox 1146 2625 1255 2664; x_wconf 91' lang='lat' dir='ltr'><strong>haud</strong></span> <span class='ocrx_word' id='word_1_358' title='bbox 1288 2625 1407 2663; x_wconf 91' lang='lat' dir='ltr'><strong>dubie</strong></span> <span class='ocrx_word' id='word_1_359' title='bbox 1440 2624 1596 2663; x_wconf 83' lang='lat' dir='ltr'><strong>Solonis</strong></span> <span class='ocrx_word' id='word_1_360' title='bbox 1630 2625 1724 2662; x_wconf 90' lang='lat' dir='ltr'><strong>sunt</strong></span> 
     </span>
     <span class='ocr_line' id='line_1_39' title="bbox 108 2684 1722 2742; baseline -0.001 -13"><span class='ocrx_word' id='word_1_361' title='bbox 108 2691 134 2735; x_wconf 52' lang='lat' dir='ltr'>s</span> <span class='ocrx_word' id='word_1_362' title='bbox 175 2703 223 2729; x_wconf 90' lang='lat' dir='ltr'><strong>ex</strong></span> <span class='ocrx_word' id='word_1_363' title='bbox 254 2691 415 2742; x_wconf 88' lang='lat' dir='ltr'><strong>legibus</strong></span> <span class='ocrx_word' id='word_1_364' title='bbox 447 2691 593 2742; x_wconf 87' lang='lat' dir='ltr'><strong>petita,</strong></span> <span class='ocrx_word' id='word_1_365' title='bbox 625 2691 704 2731; x_wconf 85' lang='lat' dir='ltr'><strong>vid.</strong></span> <span class='ocrx_word' id='word_1_366' title='bbox 737 2692 881 2730; x_wconf 85' lang='lat' dir='ltr'><strong>Pollux</strong></span> <span class='ocrx_word' id='word_1_367' title='bbox 913 2690 1014 2729; x_wconf 93' lang='lat' dir='ltr'><strong>VIII</strong></span> <span class='ocrx_word' id='word_1_368' title='bbox 1047 2692 1124 2730; x_wconf 89' lang='lat'><strong>34:</strong></span> <span class='ocrx_word' id='word_1_369' title='bbox 1163 2686 1306 2730; x_wconf 86' lang='grc' dir='ltr'><em>Σόλων</em></span> <span class='ocrx_word' id='word_1_370' title='bbox 1338 2688 1468 2741; x_wconf 84' lang='grc' dir='ltr'><em>μέντοι</em></span> <span class='ocrx_word' id='word_1_371' title='bbox 1499 2684 1541 2728; x_wconf 90' lang='grc' dir='ltr'><strong>τὸ</strong></span> <span class='ocrx_word' id='word_1_372' title='bbox 1572 2687 1722 2740; x_wconf 78' lang='grc' dir='ltr'><em>κλέμμα</em></span> 
     </span>
     <span class='ocr_line' id='line_1_40' title="bbox 173 2750 1715 2808; baseline -0.001 -13"><span class='ocrx_word' id='word_1_373' title='bbox 173 2753 314 2803; x_wconf 81' lang='grc' dir='ltr'><em>κλέπος</em></span> <span class='ocrx_word' id='word_1_374' title='bbox 347 2754 390 2795; x_wconf 76' lang='grc' dir='ltr'><strong>ἐν</strong></span> <span class='ocrx_word' id='word_1_375' title='bbox 414 2759 496 2804; x_wconf 86' lang='grc' dir='ltr'><em>τοῖς</em></span> <span class='ocrx_word' id='word_1_376' title='bbox 520 2750 678 2808; x_wconf 85' lang='grc' dir='ltr'><em>Νόμοις</em></span> <span class='ocrx_word' id='word_1_377' title='bbox 705 2752 922 2808; x_wconf 77' lang='grc' dir='ltr'><em>ὠνόμασεν.</em></span> <span class='ocrx_word' id='word_1_378' title='bbox 954 2756 1080 2796; x_wconf 85' lang='lat' dir='ltr'><strong>verba</strong></span> <span class='ocrx_word' id='word_1_379' title='bbox 1106 2769 1350 2806; x_wconf 88' lang='lat' dir='ltr'><strong>quamquam</strong></span> <span class='ocrx_word' id='word_1_380' title='bbox 1376 2768 1515 2795; x_wconf 90' lang='lat' dir='ltr'><strong>versus</strong></span> <span class='ocrx_word' id='word_1_381' title='bbox 1543 2755 1715 2805; x_wconf 88' lang='lat' dir='ltr'><strong>speciem</strong></span> 
     </span>
     <span class='ocr_line' id='line_1_41' title="bbox 172 2816 1720 2874; baseline -0.001 -14"><span class='ocrx_word' id='word_1_382' title='bbox 172 2821 355 2860; x_wconf 86' lang='lat' dir='ltr'><strong>referunt</strong></span> <span class='ocrx_word' id='word_1_383' title='bbox 375 2818 500 2874; x_wconf 89' lang='lat' dir='ltr'><strong>(unde</strong></span> <span class='ocrx_word' id='word_1_384' title='bbox 518 2835 599 2862; x_wconf 90' lang='lat' dir='ltr'><strong>non</strong></span> <span class='ocrx_word' id='word_1_385' title='bbox 617 2826 726 2862; x_wconf 90' lang='lat' dir='ltr'><strong>recte</strong></span> <span class='ocrx_word' id='word_1_386' title='bbox 747 2823 930 2861; x_wconf 88' lang='lat' dir='ltr'><strong>Meineke</strong></span> <span class='ocrx_word' id='word_1_387' title='bbox 952 2822 1196 2861; x_wconf 86' lang='lat' dir='ltr'><strong>Callimacho</strong></span> <span class='ocrx_word' id='word_1_388' title='bbox 1217 2816 1437 2873; x_wconf 90' lang='lat' dir='ltr'><strong>attribuit),</strong></span> <span class='ocrx_word' id='word_1_389' title='bbox 1465 2820 1566 2858; x_wconf 89' lang='lat' dir='ltr'><strong>nihil</strong></span> <span class='ocrx_word' id='word_1_390' title='bbox 1585 2822 1720 2859; x_wconf 87' lang='lat' dir='ltr'><strong>tamen</strong></span> 
     </span>
    </p>
   </div>
   <div class='ocr_carea' id='block_1_8' title="bbox 173 2880 1722 3006">
    <p class='ocr_par' dir='ltr' id='par_1_9' title="bbox 173 2880 1722 3006">
     <span class='ocr_line' id='line_1_42' title="bbox 174 2880 1722 2939; baseline -0.001 -13"><span class='ocrx_word' id='word_1_391' title='bbox 174 2887 323 2937; x_wconf 85' lang='lat' dir='ltr'><strong>obstat,</strong></span> <span class='ocrx_word' id='word_1_392' title='bbox 336 2889 555 2939; x_wconf 83' lang='lat' dir='ltr'><strong>quominus</strong></span> <span class='ocrx_word' id='word_1_393' title='bbox 575 2889 616 2927; x_wconf 92' lang='lat' dir='ltr'><strong>in</strong></span> <span class='ocrx_word' id='word_1_394' title='bbox 635 2889 727 2939; x_wconf 88' lang='lat' dir='ltr'><strong>lege</strong></span> <span class='ocrx_word' id='word_1_395' title='bbox 748 2889 942 2938; x_wconf 81' lang='lat' dir='ltr'><strong>scriptum</strong></span> <span class='ocrx_word' id='word_1_396' title='bbox 969 2888 1093 2926; x_wconf 90' lang='lat' dir='ltr'><strong>fuisse</strong></span> <span class='ocrx_word' id='word_1_397' title='bbox 1114 2886 1407 2925; x_wconf 87' lang='lat' dir='ltr'><strong>existimemus:</strong></span> <span class='ocrx_word' id='word_1_398' title='bbox 1437 2880 1476 2937; x_wconf 83' lang='grc' dir='ltr'><strong>(ε’</strong></span> <span class='ocrx_word' id='word_1_399' title='bbox 1484 2880 1560 2938; x_wconf 79' lang='grc' dir='ltr'><strong>ἂν)</strong></span> <span class='ocrx_word' id='word_1_400' title='bbox 1589 2884 1722 2936; x_wconf 85' lang='grc' dir='ltr'><em>οἴχη-</em></span> 
     </span>
     <span class='ocr_line' id='line_1_43' title="bbox 173 2949 1364 3006; baseline -0.002 -14"><span class='ocrx_word' id='word_1_401' title='bbox 173 2966 235 2992; x_wconf 86' lang='grc' dir='ltr'><strong>ται</strong></span> <span class='ocrx_word' id='word_1_402' title='bbox 265 2949 308 2993; x_wconf 83' lang='grc' dir='ltr'><strong>τὸ</strong></span> <span class='ocrx_word' id='word_1_403' title='bbox 339 2951 482 3002; x_wconf 81' lang='grc' dir='ltr'><em>κλέπος</em></span> <span class='ocrx_word' id='word_1_404' title='bbox 513 2950 646 3002; x_wconf 80' lang='grc' dir='ltr'><em>ἐντὸς</em></span> <span class='ocrx_word' id='word_1_405' title='bbox 677 2952 798 3006; x_wconf 75' lang='grc' dir='ltr'><em>ἔχων,</em></span> <span class='ocrx_word' id='word_1_406' title='bbox 829 2954 855 2992; x_wconf 94' lang='lat' dir='ltr'><strong>i.</strong></span> <span class='ocrx_word' id='word_1_407' title='bbox 887 2967 920 2994; x_wconf 84' lang='lat' dir='ltr'><strong>e.</strong></span> <span class='ocrx_word' id='word_1_408' title='bbox 953 2949 1063 3001; x_wconf 77' lang='grc' dir='ltr'><em>ἐντὸς</em></span> <span class='ocrx_word' id='word_1_409' title='bbox 1093 2954 1163 2992; x_wconf 82' lang='grc' dir='ltr'><strong>τοῦ</strong></span> <span class='ocrx_word' id='word_1_410' title='bbox 1195 2951 1364 3004; x_wconf 79' lang='grc' dir='ltr'><em>ἱματίου.</em></span> 
     </span>
    </p>
   </div>
   <div class='ocr_carea' id='block_1_9' title="bbox 786 3043 1107 3055">
    <p class='ocr_par' dir='ltr' id='par_1_10' title="bbox 786 3043 1107 3055">
     <span class='ocr_line' id='line_1_44' title="bbox 786 3043 1107 3055; baseline 0 0"><span class='ocrx_word' id='word_1_411' title='bbox 786 3043 1107 3055; x_wconf 95' lang='lat' dir='ltr'><strong> </strong></span> 
     </span>
    </p>
   </div>
  </div>
 </body>
</html>
