1890 3216
871 199 1125 237 AESCHRIO.
1673 199 1761 243 519

99 371 110 381 Γ
134 357 138 361 ,
215 310 416 363 Αἰσχρίων
450 307 551 365 (vit.
576 314 596 351 1
621 311 698 353 Giz.
720 312 810 353 Par.
831 308 1046 368 Αἰσχύλος)
1066 311 1109 354 ἐν
1129 309 1286 371 ἑβδόμῳ
1303 310 1523 366 Ἐφεσίδος.
1561 314 1645 356 cod.
1667 314 1757 355 Par.

210 371 447 429 Ἐφεσηΐδος
479 377 651 430 scripsit,
684 378 832 419 rectius
865 379 1047 420 Meineke
1074 376 1354 434 Ἐφημερίδος,
1386 374 1760 434 ΜίὶΙΙοτἘφημερί-

215 443 311 496 δων,
343 444 466 485 schol.
498 446 578 484 vet.
610 457 739 495 nuper
770 446 914 496 editus,
947 459 1066 497 quem
1097 447 1311 498 descripsit
1342 448 1522 498 Tzetzes,
1560 447 1762 501 Αἰσχρίων

214 507 258 549 ἐν
277 505 310 557 ξ
334 505 567 562 Ἐφεσίδων.
607 510 886 552 Schneidewin
904 512 946 552 in
963 513 1103 552 Museo
1123 513 1250 554 Rhen.
1269 511 1327 551 IV
1348 513 1434 553 475
1457 526 1538 565 seq.
1558 513 1763 554 existimat

214 575 321 616 idem
340 589 500 617 carmen
520 579 561 617 et
575 572 791 631 Ἐφημερὶς
811 581 852 618 et
865 573 1062 631 Ἐφεσηΐς
1081 579 1319 630 inscriptum
1337 579 1472 619 fuisse.
1776 580 1847 615 804

335 709 465 749 Schol.
486 710 583 749 Eur.
610 710 700 751 Tro.
724 712 826 751 230:
853 706 896 751 Ὁ
928 709 972 751 δὲ
1003 710 1205 765 Αἰσχρίων
1235 709 1361 763 φησὶν
1394 707 1453 751 ὅτι
1484 708 1529 751 ἐν
1559 713 1762 751 Πελοπον-

214 770 322 830 νήσῳ
354 767 407 828 ἦν
438 778 596 828 Κρᾶθις
627 773 870 830 καλούμενος
900 774 1092 830 ποταμός,
1122 772 1168 826 ὃς
1199 775 1322 817 ἐποίει
1352 772 1420 826 τὰς
1451 773 1576 831 κόμας
1608 772 1763 826 ξανθὰς

213 842 292 881 τῶν
310 839 551 894 λουομένων.
595 843 674 883 Sed
699 843 762 883 hic
786 844 994 894 Aeschrio,
1027 844 1096 895 qui
1121 843 1170 882 de
1200 844 1444 893 ayricultura
1470 843 1634 894 scripsit
1664 838 1762 896 (vid.

214 906 342 947 Varro
375 908 423 947 de
455 908 501 948 R.
527 909 572 948 R.
599 909 620 948 I
648 904 706 963 1),
737 909 816 949 dici
846 910 1018 950 videtur.
1045 931 1101 936 —
1129 909 1274 948 Strabo
1301 908 1403 947 VIII
1431 910 1516 949 378
1557 909 1605 948 de
1637 922 1762 949 mere-

214 973 382 1013 tricibus
403 973 621 1014 Corinizhiis
647 975 770 1014 verba
789 975 958 1015 faciens:
984 972 1051 1014 καὶ
1077 970 1127 1026 δὴ
1154 972 1218 1013 καὶ
1245 970 1534 1026 μνημονεύεταί
1554 990 1610 1023 τις
1630 972 1763 1026 ἑταίρα

216 1034 316 1092 πρὸς
346 1035 419 1091 τὴν
450 1034 742 1090 ὀνειδίζουσαν,
775 1035 834 1079 ‘'o'n
866 1032 913 1079 οὗ
948 1034 1133 1092 φιλεργὸς
1163 1038 1224 1091 εἴη
1256 1032 1348 1079 οὐδ’
1385 1037 1503 1091 ἐρίων
1534 1036 1708 1091 ἅπτοιτο,

429 1121 572 1162 εἰπεῖν·
604 1117 680 1175 ἐγὼ
713 1119 844 1174 μέντοι
875 1117 900 1176 ἡ
931 1118 1091 1176 τοιαύτη
1122 1125 1224 1176 τρεῖς
1254 1119 1335 1176 ἤδη

426 1189 618 1229 καθεῖλον
649 1184 781 1238 ἱστοὺς
813 1187 857 1229 ἕν
888 1189 1031 1243 βραχεῖ
1056 1185 1184 1245 χρόνῳ
1216 1185 1354 1245 τούτῳ.

210 1273 314 1312 hanc
345 1272 497 1311 chriam
535 1285 584 1312 ex
623 1274 826 1324 poematio
864 1274 1101 1324 repetivisse
1140 1274 1361 1314 censendus
1394 1276 1477 1315 est:
1515 1273 1763 1317 choliambos

210 1338 281 1388 qui
324 1338 478 1389 primus
531 1340 698 1390 agnovit
740 1339 925 1380 Meineke
967 1338 1199 1380 Aeschrioni
1242 1340 1441 1381 atu-ibuit.
1486 1362 1540 1368 --
1582 1340 1764 1382 Schmidt

210 1404 254 1443 in
285 1403 430 1444 Philol.
462 1404 481 1443 I
515 1405 602 1445 640
634 1407 675 1445 et
706 1405 866 1446 Hecker
896 1407 949 1447 ib.
983 1407 1018 1445 V
1051 1407 1136 1446 417
1178 1405 1438 1447 Aeschrionis
1470 1419 1615 1447 nomen
1646 1407 1763 1447 resti-

209 1471 407 1511 tuendum
438 1472 603 1511 censent>
633 1471 742 1522 apud
773 1473 894 1513 schol.
914 1472 1048 1524 Apoll.
1067 1473 1143 1512 Rh.
1163 1472 1205 1511 II
1230 1474 1313 1512 168
1347 1473 1417 1513 ubi
1447 1473 1616 1525 legitur:
1642 1469 1763 1526 Νύμ-

211 1551 282 1589 φις
313 1534 385 1589 μὲν
414 1531 491 1591 γάρ
524 1548 649 1589 φησιν
678 1537 846 1591 ἵστορεῖν
871 1534 1105 1592 Ἀκαρίωνα.
1156 1538 1227 1578 sed
1257 1539 1357 1579 haec
1389 1539 1618 1580 coniectura.
1648 1553 1763 1592 ptor-

211 1615 280 1643 sus
312 1603 603 1655 improbabilis.
