1890 3216
178 143 272 197 350
713 156 906 193 POETAE
933 155 1172 197 ELEGIAGI.

653 268 709 300 30.
740 264 831 312 [16.]
844 260 940 312 >Ἐπὶ
962 260 1221 312 Ἀγαπήνορος.

288 334 424 391 Ἀρχὸς
455 335 515 379 ὅδ’
551 338 594 378 ἐκ
629 338 773 393 Τεγέης
799 336 1053 393 Ἀγαπήνωρ,
1079 337 1265 395 Ἀγκαίου
1296 338 1401 392 υἱός,

351 400 456 443 κεῖθ’
491 400 560 444 ὑπ’
596 403 703 457 ἐμοί,
736 406 911 457 Παφίων
942 402 1198 458 πελτοφόρων
1228 403 1425 459 βασιλεύς.

531 546 589 579 31.
618 543 708 590 [17.]
731 540 815 579 Ἐπὶ
838 541 1067 591 Ἀμφιμάχου
1094 544 1159 580 καὶ
1185 542 1345 591 Διώρου.

290 613 426 670 ’Λρχός
456 613 489 657 τ’
520 614 786 672 Ἀμφίμαχος,
818 617 994 661 Κτεάτου
1025 618 1136 671 πάϊς,
1167 616 1239 672 ἠδὲ
1271 617 1429 674 Διώρης

354 679 496 723 ἐνθάδ’
531 682 589 723 ε’νὶ
625 685 746 739 Τροίῃ
778 689 922 738 μοῖραν
952 685 1086 739 ἔχουσι
1116 686 1219 740 βίου.

693 827 750 860 32.
778 824 867 870 [37.]
894 820 977 859 Ἐπὶ
1005 823 1189 866 Γουνέως.

296 901 416 951 Σῆμα
446 895 487 939 τὸ
521 897 591 951 μὲν
622 902 804 952 Γουνῆος
835 896 947 956 ὁρᾷς·
978 896 1090 953 ’ψυχὴ
1124 898 1167 940 δὲ
1197 897 1396 949 θανόντος

354 960 437 1016 ἀέρ’
473 963 512 1013 ἐς
543 960 667 1018 ὑγρὸν
698 964 790 1018 ἔβη,
823 968 934 1018 σῶμα
965 963 1008 1005 δὲ
1039 962 1182 1015 πόντος
1212 965 1299 1019 ἔχει.

449 1106 505 1138 33.
534 1103 601 1150 [4.]
627 1099 710 1138 Ἐπὶ
733 1100 999 1150 Ἐλεφήνορος,
1027 1104 1202 1151 κειμένου
1231 1102 1272 1140 έν
1302 1107 1430 1155 Τροίᾳ.

295 1171 441 1229 Νήσου
473 1174 542 1217 ἀπ’
578 1175 761 1232 Εὐβοίης
788 1176 1057 1234 Ἐλεφήνορα,
1088 1177 1211 1233 ἆρχὸν
1237 1176 1458 1234 Ἀβάντων,

356 1239 499 1283 ἐνθάδ’
535 1242 594 1283 ἐνὶ
628 1245 751 1299 Τροίῃ
782 1249 899 1297 μοῖρα
930 1244 1086 1298 κατέσχε
1118 1246 1220 1298 βίου.

447 1387 502 1418 34.
531 1383 597 1430 [5.]
623 1379 707 1418 Ἐπὶ
732 1383 986 1429 Μενεσθέως,
1013 1384 1192 1431 κειμένου
1220 1381 1261 1419 ἐν
1284 1380 1470 1430 Ἀθήναις.
1642 1387 1710 1419 655

300 1459 510 1512 Ταξίλοχος
541 1461 664 1511 λαῶν,
695 1455 782 1508 υἱὸς
815 1462 971 1500 Πετεῶο
1003 1457 1261 1511 Μενεσθεύς,

358 1521 502 1564 ἐνθάδ’
539 1524 597 1565 ἐνὶ
629 1528 761 1580 κλεινῇ
798 1526 955 1578 πατρίδι
986 1529 1129 1579 μοῖραν
1160 1525 1246 1579 ἔχει.

323 1666 379 1698 35.
409 1662 474 1710 [9.]
498 1659 585 1699 Ἐπὶ
610 1663 806 1700 Σθενέλου
833 1664 899 1699 καὶ
924 1659 1144 1710 Εὕρυάλου,
1170 1662 1354 1710 κειμένων
1382 1661 1424 1699 ἐν
1441 1661 1570 1711 Ἀργει.

297 1735 469 1793 Ἀργεῖος
501 1738 701 1788 Σθένελος
733 1737 969 1793 Καπανήϊος
1002 1733 1078 1780 ὧδε
1108 1739 1298 1780 τέθαπται

360 1802 518 1861 τύμβῳ,
549 1805 616 1846 καὶ
646 1802 785 1847 τούτου
817 1806 984 1859 πλησίον
1015 1802 1238 1859 Εὐρύαλος.

311 1950 366 1982 36.
395 1945 487 1992 [18.]
511 1942 595 1981 Ἐπὶ
624 1945 793 1981 Θαλπίου
820 1944 885 1980 καὶ
911 1944 1149 1990 Πολυξένου,
1175 1943 1361 1990 κειμένων
1389 1941 1430 1979 έν
1448 1941 1583 1980 ’Ἡλιδι.

303 2022 398 2062 Οἵδε
430 2018 674 2070 Πολύξεινος
704 2019 769 2060 καὶ
805 2017 981 2069 Θάλπιος
1001 2018 1136 2061 ’Ἡλιδι
1167 2020 1234 2075 δίῃ

364 2085 580 2140 δμηθέντες
610 2089 780 2140 κρυεροῦ
813 2083 911 2139 δῶμ’
947 2087 1077 2127 Αίδαο
1110 2085 1215 2139 ἔβαν.

279 2251 346 2296 Ep.
374 2255 432 2286 30.
482 2249 672 2285 Hermann
698 2249 892 2286 Aristoteli
917 2249 1118 2285 abiudicata.
1147 2269 1191 2275 -—
1218 2249 1262 2284 V.
1291 2253 1322 2285 1.
1349 2248 1595 2284 Friedemann
1621 2247 1716 2284 coni.

180 2296 349 2344 Ἀγκαίου
376 2302 478 2343 παῖς,
501 2293 726 2343 Ἀγαπήνωρ.
754 2318 799 2323 -
823 2297 867 2332 V.
895 2301 926 2334 2.
954 2298 1119 2342 Παφίων
1145 2296 1384 2342 Vindingiue,
1411 2308 1444 2332 v.
1474 2297 1643 2341 Ταφίων.

280 2364 347 2409 Ep.
375 2368 429 2398 31.
482 2363 526 2397 V.
555 2366 586 2398 1.
611 2359 726 2420 ἄρχός
751 2359 785 2397 τ’
814 2362 880 2406 Ε1.,
908 2358 1033 2408 ἅρχων
1059 2362 1181 2398 Tzetz.
1201 2366 1248 2397 44
1270 2361 1386 2397 Schir.
1415 2363 1453 2397 et
1478 2361 1609 2397 Iriarte
1639 2364 1717 2406 111,

189 2411 449 2447 Schneidewin
472 2407 640 2456 ἄρχοντ’.

279 2477 347 2523 ΕΡ.
375 2479 431 2512 32.
483 2476 526 2512 V.
555 2480 585 2511 1.
613 2472 655 2511 τὸ
682 2471 754 2512 oin.
780 2475 836 2511 Fl.
864 2496 904 2500 -
934 2472 1035 2524 ὁρᾷς,
1060 2474 1115 2509 Fl.
1142 2471 1225 2522 ὅρα.

280 2542 349 2588 Ep.
376 2545 432 2578 33.
484 2541 603 2577 Affert
629 2541 751 2576 Tzetz.
780 2544 837 2577 43.
890 2541 1000 2576 lusor.
1031 2542 1161 2590 Τροίᾳ,
1186 2540 1241 2579 Fl.
1271 2542 1398 2588 Τροίῃ.

282 2609 348 2654 Ep.
377 2611 433 2643 34.
483 2607 527 2642 V.
557 2611 587 2643 1.
615 2602 852 2651 Μενεσθεύς,
879 2606 976 2642 Flor.
1004 2603 1247 2652 μενευσθεύς.

283 2674 348 2720 Ep.
376 2677 433 2710 35.
483 2671 604 2708 Affert
640 2672 761 2708 Tzetz.
795 2674 850 2707 56.
894 2692 938 2696 —-
971 2672 1016 2708 V.
1050 2675 1080 2707 1.
1114 2668 1336 2717 Καπανήϊος
1373 2665 1466 2716 ὦδε,
1504 2672 1601 2708 Flor.
1633 2663 1720 2714 ωδε,

186 2722 283 2757 siout
297 2732 352 2767 ep.
369 2725 425 2765 37,
440 2725 473 2757 2.
501 2720 689 2755 Hermann
702 2719 911 2764 Καπανῆος
935 2719 1043 2767 τῷδε.
1066 2740 1108 2745 -
1129 2719 1263 2773 Aptius
1287 2719 1386 2755 foret
1409 2718 1629 2776 κέκρυπται,
1655 2719 1721 2754 sed

186 2770 282 2804 nihil
316 2768 541 2805 novandum.
581 2788 625 2793 -—
663 2767 707 2803 V.
735 2771 769 2803 2.
796 2756 1054 2803 Schneidewin
1092 2767 1186 2803 coni.
1224 2767 1290 2802 καὶ
1324 2764 1453 2815 τύμβῳ
1490 2763 1625 2802 τούτου
1664 2766 1721 2803 vel

186 2814 314 2865 τύμβῳ
342 2813 379 2851 δ’
409 2809 457 2851 αὖ
484 2812 631 2851 τούτου.

283 2881 349 2925 Ep
377 2886 433 2917 36.
483 2881 527 2916 V.
555 2884 587 2915 2.
612 2877 732 2916 Ἀίδαο
760 2878 871 2926 ῥ’,βαν
903 2879 1162 2917 Schneidewin
1187 2880 1279 2916 coni.
1308 2878 1401 2928 ἔβαν
1425 2876 1568 2926 Ἀΐδεω,
1599 2879 1721 2925 possis

187 2926 284 2974 δῶμ’
312 2927 434 2963 Ἀἰδεω
460 2926 637 2980 κατέβαν,
664 2928 853 2963 Hermann
880 2924 980 2973 δῶμ’
1010 2926 1102 2975 ἔβαν
1128 2927 1182 2970 εἰς
1198 2925 1328 2969 Ἄϊδος.
1466 2945 1471 2951 ·
