<?xml version="1.0" encoding="UTF-8"?>
<!DOCTYPE html PUBLIC "-//W3C//DTD XHTML 1.0 Transitional//EN"
    "http://www.w3.org/TR/xhtml1/DTD/xhtml1-transitional.dtd">
<html xmlns="http://www.w3.org/1999/xhtml" xml:lang="en" lang="en">
 <head>
  <title>
</title>
<meta http-equiv="Content-Type" content="text/html;charset=utf-8" />
  <meta name='ocr-system' content='tesseract 3.04.00' />
  <meta name='ocr-capabilities' content='ocr_page ocr_carea ocr_par ocr_line ocrx_word'/>
</head>
<body>
  <div class='ocr_page' id='page_1' title='image "./poetaelyricigrae02berguoft_0013.png"; bbox 0 0 1890 3184; ppageno 0'>
   <div class='ocr_carea' id='block_1_1' title="bbox 0 287 129 675">
    <p class='ocr_par' dir='ltr' id='par_1_1' title="bbox 0 287 66 675">
     <span class='ocr_line' id='line_1_1' title="bbox 0 295 41 675; textangle 90"><span class='ocrx_word' id='word_1_1' title='bbox 0 645 15 675; x_wconf 61' lang='lat' dir='ltr'>rs:</span> <span class='ocrx_word' id='word_1_2' title='bbox 0 612 12 629; x_wconf 54' lang='lat'>¹„-</span> <span class='ocrx_word' id='word_1_3' title='bbox 1 507 34 584; x_wconf 40' lang='lat'>7:5³</span> <span class='ocrx_word' id='word_1_4' title='bbox 5 327 41 482; x_wconf 36' lang='grc' dir='ltr'>’Ὰξῒξῇ-</span> <span class='ocrx_word' id='word_1_5' title='bbox 17 295 20 300; x_wconf 67' lang='grc'>,</span> 
     </span>
     <span class='ocr_line' id='line_1_2' title="bbox 41 287 66 580; textangle 90"><span class='ocrx_word' id='word_1_6' title='bbox 50 576 53 580; x_wconf 64' lang='lat'>.</span> <span class='ocrx_word' id='word_1_7' title='bbox 42 455 60 481; x_wconf 40' lang='lat' dir='ltr'>Q„</span> <span class='ocrx_word' id='word_1_8' title='bbox 45 411 47 414; x_wconf 53' lang='lat'>*</span> <span class='ocrx_word' id='word_1_9' title='bbox 60 362 63 363; x_wconf 20' lang='grc' dir='ltr'><strong>Ἴ</strong></span> <span class='ocrx_word' id='word_1_10' title='bbox 41 320 54 334; x_wconf 68' lang='lat'>¹.</span> <span class='ocrx_word' id='word_1_11' title='bbox 59 287 66 290; x_wconf 49' lang='grc' dir='ltr'>Ι</span> 
     </span>
    </p>

    <p class='ocr_par' dir='ltr' id='par_1_2' title="bbox 109 295 119 298">
     <span class='ocr_line' id='line_1_3' title="bbox 109 295 119 298; textangle 90"><span class='ocrx_word' id='word_1_12' title='bbox 109 295 119 298; x_wconf 69' lang='lat'><em>4</em></span> 
     </span>
    </p>

    <p class='ocr_par' dir='ltr' id='par_1_3' title="bbox 122 296 129 297">
     <span class='ocr_line' id='line_1_4' title="bbox 122 296 129 297; textangle 90"><span class='ocrx_word' id='word_1_13' title='bbox 122 296 129 297; x_wconf 39' lang='grc' dir='ltr'>η</span> 
     </span>
    </p>
   </div>
   <div class='ocr_carea' id='block_1_2' title="bbox 732 741 1747 1014">
    <p class='ocr_par' dir='ltr' id='par_1_4' title="bbox 732 741 1747 1014">
     <span class='ocr_line' id='line_1_5' title="bbox 956 741 1747 786; baseline 0.003 -2"><span class='ocrx_word' id='word_1_14' title='bbox 956 741 987 784; x_wconf 92' lang='grc' dir='ltr'>Ι.</span> <span class='ocrx_word' id='word_1_15' title='bbox 1297 752 1300 755; x_wconf 91' lang='grc'><em>·</em></span> <span class='ocrx_word' id='word_1_16' title='bbox 1679 755 1747 786; x_wconf 86' lang='lat'>389</span> 
     </span>
     <span class='ocr_line' id='line_1_6' title="bbox 732 836 1211 888; baseline 0 -1"><span class='ocrx_word' id='word_1_17' title='bbox 732 836 773 887; x_wconf 82' lang='lat' dir='ltr'>O</span> <span class='ocrx_word' id='word_1_18' title='bbox 793 837 839 886; x_wconf 91' lang='lat' dir='ltr'>A</span> <span class='ocrx_word' id='word_1_19' title='bbox 859 838 959 887; x_wconf 92' lang='lat' dir='ltr'>LL</span> <span class='ocrx_word' id='word_1_20' title='bbox 979 838 1005 887; x_wconf 95' lang='grc' dir='ltr'>Ι</span> <span class='ocrx_word' id='word_1_21' title='bbox 1024 838 1073 888; x_wconf 90' lang='lat' dir='ltr'>N</span> <span class='ocrx_word' id='word_1_22' title='bbox 1090 837 1142 888; x_wconf 90' lang='lat' dir='ltr'>U</span> <span class='ocrx_word' id='word_1_23' title='bbox 1163 837 1211 887; x_wconf 79' lang='lat' dir='ltr'>S.</span> 
     </span>
     <span class='ocr_line' id='line_1_7' title="bbox 873 953 1071 1014; baseline 0 -16"><span class='ocrx_word' id='word_1_24' title='bbox 873 957 909 998; x_wconf 92' lang='lat'>1.</span> <span class='ocrx_word' id='word_1_25' title='bbox 944 953 1071 1014; x_wconf 70' lang='grc'>[1.]*)</span> 
     </span>
    </p>
   </div>
   <div class='ocr_carea' id='block_1_3' title="bbox 269 1035 1577 1169">
    <p class='ocr_par' dir='ltr' id='par_1_5' title="bbox 269 1035 1577 1169">
     <span class='ocr_line' id='line_1_8' title="bbox 269 1035 1577 1096; baseline 0.002 -14"><span class='ocrx_word' id='word_1_26' title='bbox 269 1037 441 1096; x_wconf 80' lang='grc' dir='ltr'><strong><em>Μέχρις</em></strong></span> <span class='ocrx_word' id='word_1_27' title='bbox 471 1040 549 1082; x_wconf 82' lang='grc' dir='ltr'>τεῦ</span> <span class='ocrx_word' id='word_1_28' title='bbox 580 1036 869 1092; x_wconf 79' lang='grc' dir='ltr'><em>κατάκεισθε;</em></span> <span class='ocrx_word' id='word_1_29' title='bbox 900 1035 996 1083; x_wconf 81' lang='grc' dir='ltr'>κάτ’</span> <span class='ocrx_word' id='word_1_30' title='bbox 1033 1036 1225 1096; x_wconf 78' lang='grc' dir='ltr'><strong><em>ἄλκιμον</em></strong></span> <span class='ocrx_word' id='word_1_31' title='bbox 1259 1038 1375 1092; x_wconf 79' lang='grc' dir='ltr'><em>ἕξετε</em></span> <span class='ocrx_word' id='word_1_32' title='bbox 1405 1038 1577 1096; x_wconf 82' lang='grc' dir='ltr'><em>θυμόν,</em></span> 
     </span>
     <span class='ocr_line' id='line_1_9' title="bbox 328 1103 1340 1169; baseline 0 -15"><span class='ocrx_word' id='word_1_33' title='bbox 328 1103 368 1155; x_wconf 69' lang='grc' dir='ltr'>αἶ’</span> <span class='ocrx_word' id='word_1_34' title='bbox 395 1111 513 1164; x_wconf 71' lang='grc' dir='ltr'><strong><em>νέοις</em></strong></span> <span class='ocrx_word' id='word_1_35' title='bbox 546 1107 648 1155; x_wconf 79' lang='grc' dir='ltr'><strong><em>οὐδ’</em></strong></span> <span class='ocrx_word' id='word_1_36' title='bbox 685 1107 882 1155; x_wconf 77' lang='grc' dir='ltr'><em>αἰδεῖσθ’</em></span> <span class='ocrx_word' id='word_1_37' title='bbox 918 1107 1340 1169; x_wconf 78' lang='grc' dir='ltr'><strong><em>ἄμφιπερικτίονας,</em></strong></span> 
     </span>
    </p>
   </div>
   <div class='ocr_carea' id='block_1_4' title="bbox 192 1242 1747 1388">
    <p class='ocr_par' dir='ltr' id='par_1_6' title="bbox 192 1242 1747 1388">
     <span class='ocr_line' id='line_1_10' title="bbox 273 1242 1745 1289; baseline 0.001 -10"><span class='ocrx_word' id='word_1_38' title='bbox 273 1242 347 1279; x_wconf 76' lang='lat' dir='ltr'>&#39;De</span> <span class='ocrx_word' id='word_1_39' title='bbox 372 1242 543 1289; x_wconf 88' lang='lat' dir='ltr'>reliquiis</span> <span class='ocrx_word' id='word_1_40' title='bbox 568 1244 767 1289; x_wconf 86' lang='lat' dir='ltr'>poetarum</span> <span class='ocrx_word' id='word_1_41' title='bbox 785 1242 1054 1289; x_wconf 85' lang='lat' dir='ltr'>Elegiacorum</span> <span class='ocrx_word' id='word_1_42' title='bbox 1074 1242 1306 1289; x_wconf 85' lang='lat' dir='ltr'>seripserunt</span> <span class='ocrx_word' id='word_1_43' title='bbox 1323 1243 1368 1280; x_wconf 89' lang='lat' dir='ltr'>L.</span> <span class='ocrx_word' id='word_1_44' title='bbox 1384 1244 1530 1280; x_wconf 71' lang='lat' dir='ltr'>Ahrrens</span> <span class='ocrx_word' id='word_1_45' title='bbox 1548 1244 1590 1280; x_wconf 89' lang='lat' dir='ltr'>in</span> <span class='ocrx_word' id='word_1_46' title='bbox 1615 1244 1745 1280; x_wconf 85' lang='lat' dir='ltr'>Diario</span> 
     </span>
     <span class='ocr_line' id='line_1_11' title="bbox 192 1290 1747 1339; baseline 0.003 -13"><span class='ocrx_word' id='word_1_47' title='bbox 192 1290 444 1338; x_wconf 80' lang='lat' dir='ltr'>Antiquitatis</span> <span class='ocrx_word' id='word_1_48' title='bbox 470 1304 502 1328; x_wconf 87' lang='lat' dir='ltr'>a.</span> <span class='ocrx_word' id='word_1_49' title='bbox 519 1295 611 1328; x_wconf 90' lang='lat'>1841</span> <span class='ocrx_word' id='word_1_50' title='bbox 637 1304 674 1338; x_wconf 87' lang='lat' dir='ltr'>p.</span> <span class='ocrx_word' id='word_1_51' title='bbox 689 1295 758 1328; x_wconf 99' lang='lat'>518</span> <span class='ocrx_word' id='word_1_52' title='bbox 774 1302 877 1338; x_wconf 86' lang='lat' dir='ltr'>seqq.</span> <span class='ocrx_word' id='word_1_53' title='bbox 900 1295 993 1327; x_wconf 82' lang='lat'>1214</span> <span class='ocrx_word' id='word_1_54' title='bbox 1008 1303 1111 1337; x_wconf 86' lang='lat' dir='ltr'>seqq.</span> <span class='ocrx_word' id='word_1_55' title='bbox 1134 1293 1173 1327; x_wconf 87' lang='lat' dir='ltr'>et</span> <span class='ocrx_word' id='word_1_56' title='bbox 1192 1303 1224 1328; x_wconf 88' lang='lat' dir='ltr'>a.</span> <span class='ocrx_word' id='word_1_57' title='bbox 1248 1295 1339 1328; x_wconf 83' lang='lat'>1842</span> <span class='ocrx_word' id='word_1_58' title='bbox 1360 1305 1396 1339; x_wconf 89' lang='lat' dir='ltr'>p.</span> <span class='ocrx_word' id='word_1_59' title='bbox 1420 1296 1511 1328; x_wconf 91' lang='grc'>1012</span> <span class='ocrx_word' id='word_1_60' title='bbox 1527 1305 1631 1339; x_wconf 85' lang='lat' dir='ltr'>seqq.</span> <span class='ocrx_word' id='word_1_61' title='bbox 1651 1295 1747 1330; x_wconf 79' lang='lat' dir='ltr'>idem</span> 
     </span>
     <span class='ocr_line' id='line_1_12' title="bbox 193 1338 1746 1388; baseline 0.001 -13"><span class='ocrx_word' id='word_1_62' title='bbox 193 1338 235 1375; x_wconf 90' lang='lat' dir='ltr'>in</span> <span class='ocrx_word' id='word_1_63' title='bbox 252 1339 453 1386; x_wconf 83' lang='lat' dir='ltr'>Philologo</span> <span class='ocrx_word' id='word_1_64' title='bbox 469 1340 514 1377; x_wconf 84' lang='grc' dir='ltr'>Τ.</span> <span class='ocrx_word' id='word_1_65' title='bbox 535 1339 587 1375; x_wconf 91' lang='lat' dir='ltr'>III</span> <span class='ocrx_word' id='word_1_66' title='bbox 606 1352 643 1386; x_wconf 90' lang='lat' dir='ltr'>p.</span> <span class='ocrx_word' id='word_1_67' title='bbox 658 1344 728 1376; x_wconf 90' lang='grc'>222</span> <span class='ocrx_word' id='word_1_68' title='bbox 742 1351 819 1386; x_wconf 87' lang='lat' dir='ltr'>seq.</span> <span class='ocrx_word' id='word_1_69' title='bbox 846 1340 892 1376; x_wconf 88' lang='lat' dir='ltr'>de</span> <span class='ocrx_word' id='word_1_70' title='bbox 918 1339 1027 1376; x_wconf 86' lang='lat' dir='ltr'>hiatu</span> <span class='ocrx_word' id='word_1_71' title='bbox 1052 1340 1154 1386; x_wconf 88' lang='lat' dir='ltr'>apud</span> <span class='ocrx_word' id='word_1_72' title='bbox 1174 1340 1363 1386; x_wconf 82' lang='lat' dir='ltr'>elegiacos</span> <span class='ocrx_word' id='word_1_73' title='bbox 1383 1343 1517 1387; x_wconf 81' lang='lat' dir='ltr'>poetas</span> <span class='ocrx_word' id='word_1_74' title='bbox 1537 1341 1746 1388; x_wconf 88' lang='lat' dir='ltr'>disputans.</span> 
     </span>
    </p>
   </div>
   <div class='ocr_carea' id='block_1_5' title="bbox 132 1387 1754 1484">
    <p class='ocr_par' dir='ltr' id='par_1_7' title="bbox 132 1387 1754 1484">
     <span class='ocr_line' id='line_1_13' title="bbox 132 1387 1754 1435; baseline 0.002 -12"><span class='ocrx_word' id='word_1_75' title='bbox 132 1401 133 1404; x_wconf 48' lang='lat'>¹</span> <span class='ocrx_word' id='word_1_76' title='bbox 194 1387 420 1434; x_wconf 73' lang='lat' dir='ltr'>Bamberyer</span> <span class='ocrx_word' id='word_1_77' title='bbox 446 1388 699 1425; x_wconf 86' lang='lat' dir='ltr'>Coniectanea</span> <span class='ocrx_word' id='word_1_78' title='bbox 724 1389 764 1424; x_wconf 92' lang='lat' dir='ltr'>in</span> <span class='ocrx_word' id='word_1_79' title='bbox 790 1389 929 1424; x_wconf 77' lang='lat' dir='ltr'>Poetas</span> <span class='ocrx_word' id='word_1_80' title='bbox 956 1388 1120 1424; x_wconf 87' lang='lat' dir='ltr'>Graecos</span> <span class='ocrx_word' id='word_1_81' title='bbox 1139 1388 1374 1435; x_wconf 87' lang='lat' dir='ltr'>Brunsvigae</span> <span class='ocrx_word' id='word_1_82' title='bbox 1403 1393 1505 1425; x_wconf 89' lang='lat'>1841.</span> <span class='ocrx_word' id='word_1_83' title='bbox 1550 1390 1754 1435; x_wconf 73' lang='lat' dir='ltr'>Benndorf</span> 
     </span>
     <span class='ocr_line' id='line_1_14' title="bbox 148 1434 1747 1484; baseline 0.002 -13"><span class='ocrx_word' id='word_1_84' title='bbox 148 1451 150 1453; x_wconf 90' lang='grc'><em>·</em></span> <span class='ocrx_word' id='word_1_85' title='bbox 195 1434 242 1472; x_wconf 86' lang='lat' dir='ltr'>de</span> <span class='ocrx_word' id='word_1_86' title='bbox 267 1436 422 1473; x_wconf 87' lang='lat' dir='ltr'>Anthol.</span> <span class='ocrx_word' id='word_1_87' title='bbox 445 1435 506 1473; x_wconf 82' lang='lat' dir='ltr'>Gr.</span> <span class='ocrx_word' id='word_1_88' title='bbox 528 1436 815 1482; x_wconf 74' lang='lat' dir='ltr'>epigrammatis</span> <span class='ocrx_word' id='word_1_89' title='bbox 841 1447 937 1482; x_wconf 88' lang='lat' dir='ltr'>quae</span> <span class='ocrx_word' id='word_1_90' title='bbox 965 1437 1012 1471; x_wconf 81' lang='lat' dir='ltr'>ad</span> <span class='ocrx_word' id='word_1_91' title='bbox 1038 1438 1139 1472; x_wconf 85' lang='lat' dir='ltr'>artes</span> <span class='ocrx_word' id='word_1_92' title='bbox 1159 1437 1334 1482; x_wconf 86' lang='lat' dir='ltr'>spectant</span> <span class='ocrx_word' id='word_1_93' title='bbox 1353 1436 1454 1483; x_wconf 88' lang='lat' dir='ltr'>Lips.</span> <span class='ocrx_word' id='word_1_94' title='bbox 1481 1441 1582 1475; x_wconf 90' lang='grc'>1862.</span> <span class='ocrx_word' id='word_1_95' title='bbox 1609 1438 1747 1484; x_wconf 78' lang='lat' dir='ltr'>Empe-</span> 
     </span>
    </p>
   </div>
   <div class='ocr_carea' id='block_1_6' title="bbox 193 1483 1748 2830">
    <p class='ocr_par' dir='ltr' id='par_1_8' title="bbox 193 1483 1748 2301">
     <span class='ocr_line' id='line_1_15' title="bbox 193 1483 1745 1533; baseline 0.001 -13"><span class='ocrx_word' id='word_1_96' title='bbox 193 1484 276 1520; x_wconf 79' lang='lat' dir='ltr'>rius</span> <span class='ocrx_word' id='word_1_97' title='bbox 298 1483 339 1520; x_wconf 88' lang='lat' dir='ltr'>in</span> <span class='ocrx_word' id='word_1_98' title='bbox 358 1485 488 1521; x_wconf 88' lang='lat' dir='ltr'>Museo</span> <span class='ocrx_word' id='word_1_99' title='bbox 506 1484 625 1521; x_wconf 83' lang='lat' dir='ltr'>Rhen.</span> <span class='ocrx_word' id='word_1_100' title='bbox 647 1484 756 1529; x_wconf 71' lang='lat' dir='ltr'>Noyo</span> <span class='ocrx_word' id='word_1_101' title='bbox 777 1485 819 1521; x_wconf 85' lang='lat' dir='ltr'>T.</span> <span class='ocrx_word' id='word_1_102' title='bbox 839 1485 856 1519; x_wconf 94' lang='grc' dir='ltr'>Ι</span> <span class='ocrx_word' id='word_1_103' title='bbox 876 1497 911 1530; x_wconf 90' lang='lat' dir='ltr'>p.</span> <span class='ocrx_word' id='word_1_104' title='bbox 933 1488 1003 1520; x_wconf 89' lang='lat'>453</span> <span class='ocrx_word' id='word_1_105' title='bbox 1024 1495 1125 1529; x_wconf 85' lang='lat' dir='ltr'>seqq.</span> <span class='ocrx_word' id='word_1_106' title='bbox 1177 1485 1288 1530; x_wconf 82' lang='lat' dir='ltr'>Alph.</span> <span class='ocrx_word' id='word_1_107' title='bbox 1311 1485 1452 1521; x_wconf 77' lang='lat' dir='ltr'>Hecker</span> <span class='ocrx_word' id='word_1_108' title='bbox 1478 1485 1519 1520; x_wconf 90' lang='lat' dir='ltr'>in</span> <span class='ocrx_word' id='word_1_109' title='bbox 1543 1485 1745 1533; x_wconf 88' lang='lat' dir='ltr'>Philologo</span> 
     </span>
     <span class='ocr_line' id='line_1_16' title="bbox 194 1530 1739 1581; baseline 0.003 -14"><span class='ocrx_word' id='word_1_110' title='bbox 194 1530 234 1568; x_wconf 88' lang='lat' dir='ltr'>T.</span> <span class='ocrx_word' id='word_1_111' title='bbox 254 1531 290 1567; x_wconf 91' lang='lat' dir='ltr'><strong>V</strong></span> <span class='ocrx_word' id='word_1_112' title='bbox 308 1545 347 1579; x_wconf 90' lang='lat' dir='ltr'>p.</span> <span class='ocrx_word' id='word_1_113' title='bbox 367 1536 437 1568; x_wconf 89' lang='lat'>450</span> <span class='ocrx_word' id='word_1_114' title='bbox 451 1544 554 1578; x_wconf 89' lang='lat' dir='ltr'>seqq.</span> <span class='ocrx_word' id='word_1_115' title='bbox 603 1533 699 1569; x_wconf 77' lang='lat' dir='ltr'>idem</span> <span class='ocrx_word' id='word_1_116' title='bbox 722 1532 763 1568; x_wconf 88' lang='lat' dir='ltr'>in</span> <span class='ocrx_word' id='word_1_117' title='bbox 788 1532 1110 1568; x_wconf 87' lang='lat' dir='ltr'>commentatione</span> <span class='ocrx_word' id='word_1_118' title='bbox 1136 1533 1182 1568; x_wconf 89' lang='lat' dir='ltr'>de</span> <span class='ocrx_word' id='word_1_119' title='bbox 1202 1532 1437 1580; x_wconf 86' lang='lat' dir='ltr'>Anthologia</span> <span class='ocrx_word' id='word_1_120' title='bbox 1456 1533 1600 1570; x_wconf 87' lang='lat' dir='ltr'>Graeca</span> <span class='ocrx_word' id='word_1_121' title='bbox 1619 1535 1739 1581; x_wconf 86' lang='lat' dir='ltr'>Lugd.</span> 
     </span>
     <span class='ocr_line' id='line_1_17' title="bbox 197 1579 1743 1627; baseline 0.002 -12"><span class='ocrx_word' id='word_1_122' title='bbox 197 1583 301 1625; x_wconf 82' lang='lat'>1843,</span> <span class='ocrx_word' id='word_1_123' title='bbox 328 1592 441 1626; x_wconf 90' lang='lat' dir='ltr'>quem</span> <span class='ocrx_word' id='word_1_124' title='bbox 466 1579 605 1617; x_wconf 82' lang='lat' dir='ltr'>librum</span> <span class='ocrx_word' id='word_1_125' title='bbox 630 1582 765 1627; x_wconf 85' lang='lat' dir='ltr'>postea</span> <span class='ocrx_word' id='word_1_126' title='bbox 790 1580 963 1616; x_wconf 75' lang='lat' dir='ltr'>secu&#39;ndis</span> <span class='ocrx_word' id='word_1_127' title='bbox 990 1580 1088 1616; x_wconf 70' lang='lat' dir='ltr'>cui-is</span> <span class='ocrx_word' id='word_1_128' title='bbox 1109 1581 1331 1617; x_wconf 83' lang='lat' dir='ltr'>retractavit</span> <span class='ocrx_word' id='word_1_129' title='bbox 1351 1582 1644 1627; x_wconf 86' lang='lat' dir='ltr'>(Commentatio</span> <span class='ocrx_word' id='word_1_130' title='bbox 1672 1583 1743 1618; x_wconf 85' lang='lat' dir='ltr'>cri-</span> 
     </span>
     <span class='ocr_line' id='line_1_18' title="bbox 193 1627 1747 1676; baseline 0.001 -12"><span class='ocrx_word' id='word_1_131' title='bbox 193 1628 272 1664; x_wconf 76' lang='lat' dir='ltr'>tica</span> <span class='ocrx_word' id='word_1_132' title='bbox 309 1627 355 1665; x_wconf 86' lang='lat' dir='ltr'>de</span> <span class='ocrx_word' id='word_1_133' title='bbox 393 1629 547 1665; x_wconf 87' lang='lat' dir='ltr'>Anthol.</span> <span class='ocrx_word' id='word_1_134' title='bbox 584 1629 647 1665; x_wconf 84' lang='lat' dir='ltr'>Gr.</span> <span class='ocrx_word' id='word_1_135' title='bbox 682 1641 769 1675; x_wconf 87' lang='lat' dir='ltr'>pars</span> <span class='ocrx_word' id='word_1_136' title='bbox 805 1629 822 1663; x_wconf 92' lang='grc' dir='ltr'><strong>Ι</strong></span> <span class='ocrx_word' id='word_1_137' title='bbox 852 1628 969 1674; x_wconf 85' lang='lat' dir='ltr'>Lugd.</span> <span class='ocrx_word' id='word_1_138' title='bbox 1008 1631 1124 1674; x_wconf 83' lang='grc'>1852),</span> <span class='ocrx_word' id='word_1_139' title='bbox 1180 1628 1281 1664; x_wconf 61' lang='lat' dir='ltr'>Gall.</span> <span class='ocrx_word' id='word_1_140' title='bbox 1323 1630 1524 1676; x_wconf 71' lang='lat' dir='ltr'>licrtzbery</span> <span class='ocrx_word' id='word_1_141' title='bbox 1557 1630 1596 1665; x_wconf 89' lang='lat' dir='ltr'>in</span> <span class='ocrx_word' id='word_1_142' title='bbox 1634 1631 1747 1666; x_wconf 87' lang='lat' dir='ltr'>Prutz</span> 
     </span>
     <span class='ocr_line' id='line_1_19' title="bbox 194 1676 1747 1723; baseline 0.001 -11"><span class='ocrx_word' id='word_1_143' title='bbox 194 1676 432 1714; x_wconf 82' lang='lat' dir='ltr'>Literarhist.</span> <span class='ocrx_word' id='word_1_144' title='bbox 461 1676 738 1713; x_wconf 82' lang='lat' dir='ltr'>Taschenbnch&#39;</span> <span class='ocrx_word' id='word_1_145' title='bbox 762 1677 815 1712; x_wconf 89' lang='lat' dir='ltr'>III</span> <span class='ocrx_word' id='word_1_146' title='bbox 841 1689 878 1723; x_wconf 90' lang='lat' dir='ltr'>p.</span> <span class='ocrx_word' id='word_1_147' title='bbox 906 1681 975 1712; x_wconf 90' lang='grc'>209</span> <span class='ocrx_word' id='word_1_148' title='bbox 1003 1689 1104 1722; x_wconf 83' lang='lat' dir='ltr'>seqq.</span> <span class='ocrx_word' id='word_1_149' title='bbox 1160 1676 1206 1712; x_wconf 74' lang='lat' dir='ltr'>G.</span> <span class='ocrx_word' id='word_1_150' title='bbox 1234 1678 1432 1713; x_wconf 63' lang='lat' dir='ltr'>Hermann</span> <span class='ocrx_word' id='word_1_151' title='bbox 1457 1678 1495 1713; x_wconf 90' lang='lat' dir='ltr'>in</span> <span class='ocrx_word' id='word_1_152' title='bbox 1523 1678 1648 1714; x_wconf 88' lang='lat' dir='ltr'>Iahnii</span> <span class='ocrx_word' id='word_1_153' title='bbox 1672 1679 1747 1714; x_wconf 92' lang='lat' dir='ltr'>An-</span> 
     </span>
     <span class='ocr_line' id='line_1_20' title="bbox 193 1724 1748 1772; baseline 0.001 -11"><span class='ocrx_word' id='word_1_154' title='bbox 193 1724 344 1767; x_wconf 70' lang='lat' dir='ltr'>nalibus</span> <span class='ocrx_word' id='word_1_155' title='bbox 369 1724 454 1761; x_wconf 88' lang='lat' dir='ltr'>Vol.</span> <span class='ocrx_word' id='word_1_156' title='bbox 474 1725 615 1761; x_wconf 91' lang='lat' dir='ltr'>XXVII</span> <span class='ocrx_word' id='word_1_157' title='bbox 634 1738 670 1772; x_wconf 90' lang='lat' dir='ltr'>p.</span> <span class='ocrx_word' id='word_1_158' title='bbox 686 1729 731 1761; x_wconf 87' lang='grc'>26</span> <span class='ocrx_word' id='word_1_159' title='bbox 746 1737 861 1770; x_wconf 72' lang='lat' dir='ltr'>seqq,</span> <span class='ocrx_word' id='word_1_160' title='bbox 886 1726 1070 1761; x_wconf 40' lang='lat' dir='ltr'>nonnulla</span> <span class='ocrx_word' id='word_1_161' title='bbox 1089 1726 1222 1769; x_wconf 51' lang='lat' dir='ltr'>attigit</span> <span class='ocrx_word' id='word_1_162' title='bbox 1241 1726 1291 1761; x_wconf 89' lang='lat' dir='ltr'>N.</span> <span class='ocrx_word' id='word_1_163' title='bbox 1310 1726 1476 1762; x_wconf 57' lang='lat' dir='ltr'>Pie-colos</span> <span class='ocrx_word' id='word_1_164' title='bbox 1499 1726 1748 1772; x_wconf 71' lang='lat' dir='ltr'>Suppleinent</span> 
     </span>
     <span class='ocr_line' id='line_1_21' title="bbox 194 1772 1740 1820; baseline 0.001 -12"><span class='ocrx_word' id='word_1_165' title='bbox 194 1773 218 1808; x_wconf 71' lang='lat' dir='ltr'>a</span> <span class='ocrx_word' id='word_1_166' title='bbox 242 1772 505 1820; x_wconf 83' lang='lat' dir='ltr'>l’Anthologie</span> <span class='ocrx_word' id='word_1_167' title='bbox 532 1773 701 1818; x_wconf 83' lang='lat' dir='ltr'>Greoque</span> <span class='ocrx_word' id='word_1_168' title='bbox 733 1773 889 1809; x_wconf 87' lang='lat' dir='ltr'>Parisiis</span> <span class='ocrx_word' id='word_1_169' title='bbox 919 1777 1020 1809; x_wconf 87' lang='lat'>1853.</span> <span class='ocrx_word' id='word_1_170' title='bbox 1076 1777 1158 1808; x_wconf 72' lang='lat' dir='ltr'>(mo</span> <span class='ocrx_word' id='word_1_171' title='bbox 1185 1774 1382 1809; x_wconf 69' lang='lat' dir='ltr'>Sclemz&#39;der</span> <span class='ocrx_word' id='word_1_172' title='bbox 1415 1775 1451 1809; x_wconf 84' lang='lat' dir='ltr'>in</span> <span class='ocrx_word' id='word_1_173' title='bbox 1481 1775 1607 1810; x_wconf 78' lang='lat' dir='ltr'>Diario</span> <span class='ocrx_word' id='word_1_174' title='bbox 1642 1777 1740 1811; x_wconf 80' lang='lat' dir='ltr'>Anti-</span> 
     </span>
     <span class='ocr_line' id='line_1_22' title="bbox 194 1821 1744 1869; baseline 0.001 -13"><span class='ocrx_word' id='word_1_175' title='bbox 194 1821 352 1867; x_wconf 80' lang='lat' dir='ltr'>quitatis</span> <span class='ocrx_word' id='word_1_176' title='bbox 391 1833 424 1858; x_wconf 86' lang='lat' dir='ltr'>a.</span> <span class='ocrx_word' id='word_1_177' title='bbox 455 1825 546 1857; x_wconf 87' lang='grc'>1838</span> <span class='ocrx_word' id='word_1_178' title='bbox 571 1834 606 1868; x_wconf 88' lang='lat' dir='ltr'>p.</span> <span class='ocrx_word' id='word_1_179' title='bbox 641 1824 710 1857; x_wconf 84' lang='lat'>933</span> <span class='ocrx_word' id='word_1_180' title='bbox 738 1833 840 1868; x_wconf 82' lang='lat' dir='ltr'>seqq.</span> <span class='ocrx_word' id='word_1_181' title='bbox 891 1821 983 1857; x_wconf 69' lang='lat' dir='ltr'>Stoa</span> <span class='ocrx_word' id='word_1_182' title='bbox 1021 1821 1061 1856; x_wconf 88' lang='lat' dir='ltr'>in</span> <span class='ocrx_word' id='word_1_183' title='bbox 1103 1822 1235 1857; x_wconf 87' lang='lat' dir='ltr'>Philol.</span> <span class='ocrx_word' id='word_1_184' title='bbox 1268 1823 1332 1865; x_wconf 91' lang='lat' dir='ltr'>VI,</span> <span class='ocrx_word' id='word_1_185' title='bbox 1368 1826 1437 1858; x_wconf 88' lang='lat'>744</span> <span class='ocrx_word' id='word_1_186' title='bbox 1458 1835 1551 1868; x_wconf 71' lang='lat' dir='ltr'>seq,</span> <span class='ocrx_word' id='word_1_187' title='bbox 1585 1823 1744 1869; x_wconf 78' lang='lat' dir='ltr'>denique</span> 
     </span>
     <span class='ocr_line' id='line_1_23' title="bbox 194 1869 1742 1917; baseline 0.001 -12"><span class='ocrx_word' id='word_1_188' title='bbox 194 1869 244 1905; x_wconf 90' lang='lat' dir='ltr'>H.</span> <span class='ocrx_word' id='word_1_189' title='bbox 279 1869 376 1913; x_wconf 71' lang='lat' dir='ltr'>Weil</span> <span class='ocrx_word' id='word_1_190' title='bbox 401 1869 440 1905; x_wconf 89' lang='lat' dir='ltr'>in</span> <span class='ocrx_word' id='word_1_191' title='bbox 465 1869 562 1906; x_wconf 87' lang='lat' dir='ltr'>Mus.</span> <span class='ocrx_word' id='word_1_192' title='bbox 582 1870 702 1906; x_wconf 84' lang='lat' dir='ltr'>Rhen.</span> <span class='ocrx_word' id='word_1_193' title='bbox 724 1869 830 1905; x_wconf 91' lang='lat' dir='ltr'><strong>XVII</strong></span> <span class='ocrx_word' id='word_1_194' title='bbox 851 1873 869 1905; x_wconf 97' lang='lat'>1</span> <span class='ocrx_word' id='word_1_195' title='bbox 890 1881 992 1915; x_wconf 83' lang='lat' dir='ltr'>seqq.</span> <span class='ocrx_word' id='word_1_196' title='bbox 1023 1870 1207 1905; x_wconf 83' lang='lat' dir='ltr'>laudabili</span> <span class='ocrx_word' id='word_1_197' title='bbox 1241 1871 1426 1906; x_wconf 82' lang='lat' dir='ltr'>modestia</span> <span class='ocrx_word' id='word_1_198' title='bbox 1458 1883 1546 1906; x_wconf 63' lang='lat' dir='ltr'>usus</span> <span class='ocrx_word' id='word_1_199' title='bbox 1573 1872 1617 1907; x_wconf 86' lang='lat' dir='ltr'>de</span> <span class='ocrx_word' id='word_1_200' title='bbox 1645 1885 1742 1917; x_wconf 75' lang='lat' dir='ltr'>sym-</span> 
     </span>
     <span class='ocr_line' id='line_1_24' title="bbox 193 1916 1744 1964; baseline 0.001 -11"><span class='ocrx_word' id='word_1_201' title='bbox 193 1916 330 1953; x_wconf 84' lang='lat' dir='ltr'>metria</span> <span class='ocrx_word' id='word_1_202' title='bbox 355 1917 560 1962; x_wconf 88' lang='lat' dir='ltr'>disserens,</span> <span class='ocrx_word' id='word_1_203' title='bbox 591 1929 666 1964; x_wconf 89' lang='lat' dir='ltr'>quo</span> <span class='ocrx_word' id='word_1_204' title='bbox 699 1917 859 1954; x_wconf 83' lang='lat' dir='ltr'>artificio</span> <span class='ocrx_word' id='word_1_205' title='bbox 891 1930 990 1953; x_wconf 85' lang='lat' dir='ltr'>nunc</span> <span class='ocrx_word' id='word_1_206' title='bbox 1022 1918 1193 1954; x_wconf 75' lang='lat' dir='ltr'>homines</span> <span class='ocrx_word' id='word_1_207' title='bbox 1226 1919 1365 1954; x_wconf 61' lang='lat' dir='ltr'>inertes</span> <span class='ocrx_word' id='word_1_208' title='bbox 1397 1920 1618 1964; x_wconf 81' lang='lat' dir='ltr'>plerumque</span> <span class='ocrx_word' id='word_1_209' title='bbox 1653 1921 1744 1955; x_wconf 79' lang='lat' dir='ltr'>satis</span> 
     </span>
     <span class='ocr_line' id='line_1_25' title="bbox 193 1964 1744 2012; baseline 0.001 -12"><span class='ocrx_word' id='word_1_210' title='bbox 193 1964 458 2012; x_wconf 84' lang='lat' dir='ltr'>intempestive</span> <span class='ocrx_word' id='word_1_211' title='bbox 485 1966 701 2002; x_wconf 87' lang='lat' dir='ltr'>abutuntur.</span> <span class='ocrx_word' id='word_1_212' title='bbox 752 1966 806 2002; x_wconf 89' lang='lat' dir='ltr'>De</span> <span class='ocrx_word' id='word_1_213' title='bbox 832 1965 996 2002; x_wconf 86' lang='lat' dir='ltr'>dialecto</span> <span class='ocrx_word' id='word_1_214' title='bbox 1021 1971 1216 2012; x_wconf 75' lang='lat' dir='ltr'>poetarum</span> <span class='ocrx_word' id='word_1_215' title='bbox 1253 1967 1507 2012; x_wconf 68' lang='lat' dir='ltr'>elegiacorum</span> <span class='ocrx_word' id='word_1_216' title='bbox 1542 1974 1579 2002; x_wconf 87' lang='lat' dir='ltr'>et</span> <span class='ocrx_word' id='word_1_217' title='bbox 1611 1968 1744 2003; x_wconf 74' lang='lat' dir='ltr'>iambi-</span> 
     </span>
     <span class='ocr_line' id='line_1_26' title="bbox 194 2013 1742 2060; baseline 0.001 -11"><span class='ocrx_word' id='word_1_218' title='bbox 194 2014 323 2050; x_wconf 66' lang='lat' dir='ltr'>con‘im</span> <span class='ocrx_word' id='word_1_219' title='bbox 343 2015 432 2060; x_wconf 83' lang='lat' dir='ltr'>post</span> <span class='ocrx_word' id='word_1_220' title='bbox 443 2013 669 2051; x_wconf 72' lang='lat' dir='ltr'>Ahrerisium</span> <span class='ocrx_word' id='word_1_221' title='bbox 689 2014 769 2060; x_wconf 89' lang='lat' dir='ltr'>(qui</span> <span class='ocrx_word' id='word_1_222' title='bbox 786 2014 969 2050; x_wconf 83' lang='lat' dir='ltr'>tractavit</span> <span class='ocrx_word' id='word_1_223' title='bbox 988 2014 1089 2050; x_wconf 88' lang='lat' dir='ltr'>idem</span> <span class='ocrx_word' id='word_1_224' title='bbox 1111 2017 1372 2060; x_wconf 80' lang='lat' dir='ltr'>argumentum</span> <span class='ocrx_word' id='word_1_225' title='bbox 1394 2016 1431 2050; x_wconf 82' lang='lat' dir='ltr'>iu</span> <span class='ocrx_word' id='word_1_226' title='bbox 1449 2018 1553 2051; x_wconf 86' lang='lat' dir='ltr'>Act1s</span> <span class='ocrx_word' id='word_1_227' title='bbox 1574 2018 1742 2052; x_wconf 87' lang='lat' dir='ltr'>convent.</span> 
     </span>
     <span class='ocr_line' id='line_1_27' title="bbox 194 2061 1745 2109; baseline 0.001 -12"><span class='ocrx_word' id='word_1_228' title='bbox 194 2061 327 2107; x_wconf 88' lang='lat' dir='ltr'>philol.</span> <span class='ocrx_word' id='word_1_229' title='bbox 341 2062 429 2100; x_wconf 91' lang='lat' dir='ltr'>XIII</span> <span class='ocrx_word' id='word_1_230' title='bbox 443 2075 478 2108; x_wconf 92' lang='lat' dir='ltr'>p.</span> <span class='ocrx_word' id='word_1_231' title='bbox 495 2066 539 2098; x_wconf 90' lang='lat'>55</span> <span class='ocrx_word' id='word_1_232' title='bbox 555 2074 631 2108; x_wconf 87' lang='lat' dir='ltr'>seq.</span> <span class='ocrx_word' id='word_1_233' title='bbox 658 2063 748 2098; x_wconf 68' lang='lat' dir='ltr'>iiber</span> <span class='ocrx_word' id='word_1_234' title='bbox 767 2063 827 2098; x_wconf 81' lang='lat' dir='ltr'>dic</span> <span class='ocrx_word' id='word_1_235' title='bbox 846 2062 1048 2109; x_wconf 71' lang='lat' dir='ltr'>Misehuny</span> <span class='ocrx_word' id='word_1_236' title='bbox 1068 2063 1130 2098; x_wconf 81' lang='lat' dir='ltr'>der</span> <span class='ocrx_word' id='word_1_237' title='bbox 1151 2063 1317 2098; x_wconf 57' lang='lat' dir='ltr'>Dialecte</span> <span class='ocrx_word' id='word_1_238' title='bbox 1343 2065 1386 2099; x_wconf 72' lang='lat' dir='ltr'>in</span> <span class='ocrx_word' id='word_1_239' title='bbox 1411 2065 1474 2099; x_wconf 73' lang='lat' dir='ltr'>der</span> <span class='ocrx_word' id='word_1_240' title='bbox 1499 2065 1745 2108; x_wconf 51' lang='lat' dir='ltr'>griechischen</span> 
     </span>
     <span class='ocr_line' id='line_1_28' title="bbox 193 2109 1745 2157; baseline 0.001 -11"><span class='ocrx_word' id='word_1_241' title='bbox 193 2109 326 2156; x_wconf 74' lang='lat' dir='ltr'>Dyrik)</span> <span class='ocrx_word' id='word_1_242' title='bbox 353 2110 560 2157; x_wconf 86' lang='lat' dir='ltr'>disputavit</span> <span class='ocrx_word' id='word_1_243' title='bbox 580 2110 667 2147; x_wconf 79' lang='lat' dir='ltr'>Joh.</span> <span class='ocrx_word' id='word_1_244' title='bbox 691 2109 812 2147; x_wconf 76' lang='lat' dir='ltr'>Gotth.</span> <span class='ocrx_word' id='word_1_245' title='bbox 834 2110 984 2146; x_wconf 79' lang='lat' dir='ltr'>Rcwner</span> <span class='ocrx_word' id='word_1_246' title='bbox 1002 2110 1041 2146; x_wconf 91' lang='lat' dir='ltr'>in</span> <span class='ocrx_word' id='word_1_247' title='bbox 1062 2111 1183 2146; x_wconf 83' lang='lat' dir='ltr'>Curtii</span> <span class='ocrx_word' id='word_1_248' title='bbox 1211 2111 1342 2146; x_wconf 83' lang='lat' dir='ltr'>studiis</span> <span class='ocrx_word' id='word_1_249' title='bbox 1362 2123 1519 2157; x_wconf 84' lang='lat' dir='ltr'>gramm.</span> <span class='ocrx_word' id='word_1_250' title='bbox 1542 2113 1628 2154; x_wconf 57' lang='lat' dir='ltr'>&lt;vol.</span> <span class='ocrx_word' id='word_1_251' title='bbox 1651 2113 1680 2147; x_wconf 74' lang='grc' dir='ltr'>Ι)</span> <span class='ocrx_word' id='word_1_252' title='bbox 1705 2116 1745 2148; x_wconf 85' lang='lat' dir='ltr'>ut</span> 
     </span>
     <span class='ocr_line' id='line_1_29' title="bbox 194 2157 1742 2205; baseline 0 -10"><span class='ocrx_word' id='word_1_253' title='bbox 194 2159 234 2195; x_wconf 85' lang='lat' dir='ltr'>et</span> <span class='ocrx_word' id='word_1_254' title='bbox 266 2157 505 2205; x_wconf 77' lang='lat' dir='ltr'>diligentiam</span> <span class='ocrx_word' id='word_1_255' title='bbox 538 2160 576 2195; x_wconf 84' lang='lat' dir='ltr'>et</span> <span class='ocrx_word' id='word_1_256' title='bbox 607 2158 739 2194; x_wconf 86' lang='lat' dir='ltr'>iudicii</span> <span class='ocrx_word' id='word_1_257' title='bbox 774 2158 981 2194; x_wconf 70' lang='lat' dir='ltr'>sollertiam</span> <span class='ocrx_word' id='word_1_258' title='bbox 1016 2159 1107 2194; x_wconf 84' lang='lat' dir='ltr'>satis</span> <span class='ocrx_word' id='word_1_259' title='bbox 1142 2159 1375 2205; x_wconf 74' lang='lat' dir='ltr'>probaverit,</span> <span class='ocrx_word' id='word_1_260' title='bbox 1412 2160 1477 2195; x_wconf 79' lang='lat' dir='ltr'>sed</span> <span class='ocrx_word' id='word_1_261' title='bbox 1512 2172 1595 2195; x_wconf 79' lang='lat' dir='ltr'>Cum</span> <span class='ocrx_word' id='word_1_262' title='bbox 1631 2173 1742 2205; x_wconf 83' lang='lat' dir='ltr'>quam</span> 
     </span>
     <span class='ocr_line' id='line_1_30' title="bbox 193 2205 1745 2253; baseline 0.001 -11"><span class='ocrx_word' id='word_1_263' title='bbox 193 2205 398 2252; x_wconf 88' lang='lat' dir='ltr'>plurimum</span> <span class='ocrx_word' id='word_1_264' title='bbox 424 2207 474 2242; x_wconf 89' lang='lat' dir='ltr'>ad</span> <span class='ocrx_word' id='word_1_265' title='bbox 499 2206 738 2253; x_wconf 83' lang='lat' dir='ltr'>aequabilem</span> <span class='ocrx_word' id='word_1_266' title='bbox 764 2217 933 2242; x_wconf 89' lang='lat' dir='ltr'>normam</span> <span class='ocrx_word' id='word_1_267' title='bbox 961 2208 1088 2242; x_wconf 88' lang='lat' dir='ltr'>omnia</span> <span class='ocrx_word' id='word_1_268' title='bbox 1113 2208 1284 2253; x_wconf 85' lang='lat' dir='ltr'>redigere</span> <span class='ocrx_word' id='word_1_269' title='bbox 1310 2208 1506 2247; x_wconf 66' lang='lat' dir='ltr'>studuerit,</span> <span class='ocrx_word' id='word_1_270' title='bbox 1533 2221 1644 2253; x_wconf 81' lang='lat' dir='ltr'>quam</span> <span class='ocrx_word' id='word_1_271' title='bbox 1670 2210 1745 2244; x_wconf 88' lang='lat' dir='ltr'>mei</span> 
     </span>
     <span class='ocr_line' id='line_1_31' title="bbox 193 2254 1743 2301; baseline 0.003 -12"><span class='ocrx_word' id='word_1_272' title='bbox 193 2254 359 2290; x_wconf 83' lang='lat' dir='ltr'>instituti</span> <span class='ocrx_word' id='word_1_273' title='bbox 374 2255 539 2291; x_wconf 87' lang='lat' dir='ltr'>rationes</span> <span class='ocrx_word' id='word_1_274' title='bbox 558 2255 749 2300; x_wconf 84' lang='lat' dir='ltr'>arcebant,</span> <span class='ocrx_word' id='word_1_275' title='bbox 763 2255 905 2301; x_wconf 84' lang='lat' dir='ltr'>passim</span> <span class='ocrx_word' id='word_1_276' title='bbox 918 2257 1069 2290; x_wconf 78' lang='lat' dir='ltr'>tantum</span> <span class='ocrx_word' id='word_1_277' title='bbox 1089 2255 1160 2290; x_wconf 82' lang='lat' dir='ltr'>viri</span> <span class='ocrx_word' id='word_1_278' title='bbox 1181 2256 1390 2291; x_wconf 80' lang='lat' dir='ltr'>doctissimi</span> <span class='ocrx_word' id='word_1_279' title='bbox 1410 2257 1638 2292; x_wconf 79' lang='lat' dir='ltr'>mentionem</span> <span class='ocrx_word' id='word_1_280' title='bbox 1661 2257 1743 2293; x_wconf 80' lang='lat' dir='ltr'>feci.</span> 
     </span>
    </p>

    <p class='ocr_par' dir='ltr' id='par_1_9' title="bbox 193 2301 1744 2830">
     <span class='ocr_line' id='line_1_32' title="bbox 291 2301 1741 2350; baseline 0.002 -12"><span class='ocrx_word' id='word_1_281' title='bbox 291 2301 514 2339; x_wconf 83' lang='lat' dir='ltr'>Callinus.</span> <span class='ocrx_word' id='word_1_282' title='bbox 552 2303 612 2340; x_wconf 88' lang='lat' dir='ltr'>Fr.</span> <span class='ocrx_word' id='word_1_283' title='bbox 635 2307 665 2339; x_wconf 88' lang='lat'>1.</span> <span class='ocrx_word' id='word_1_284' title='bbox 688 2303 792 2339; x_wconf 86' lang='lat' dir='ltr'>Stob.</span> <span class='ocrx_word' id='word_1_285' title='bbox 814 2301 911 2339; x_wconf 88' lang='lat' dir='ltr'>Flor.</span> <span class='ocrx_word' id='word_1_286' title='bbox 935 2302 981 2337; x_wconf 87' lang='lat' dir='ltr'>Ll</span> <span class='ocrx_word' id='word_1_287' title='bbox 1006 2307 1065 2338; x_wconf 88' lang='lat'>19:</span> <span class='ocrx_word' id='word_1_288' title='bbox 1093 2305 1292 2340; x_wconf 82' lang='grc' dir='ltr'><strong><em>Καλλίνου.</em></strong></span> <span class='ocrx_word' id='word_1_289' title='bbox 1320 2304 1389 2346; x_wconf 83' lang='lat' dir='ltr'>(ita</span> <span class='ocrx_word' id='word_1_290' title='bbox 1410 2307 1440 2339; x_wconf 93' lang='lat' dir='ltr'><strong>A</strong></span> <span class='ocrx_word' id='word_1_291' title='bbox 1462 2303 1571 2341; x_wconf 79' lang='lat' dir='ltr'>de.</span> <span class='ocrx_word' id='word_1_292' title='bbox 1594 2305 1741 2350; x_wconf 81' lang='lat' dir='ltr'>Trinc.).</span> 
     </span>
     <span class='ocr_line' id='line_1_33' title="bbox 194 2350 1741 2398; baseline 0.001 -13"><span class='ocrx_word' id='word_1_293' title='bbox 194 2350 377 2387; x_wconf 84' lang='lat' dir='ltr'>Thiersch</span> <span class='ocrx_word' id='word_1_294' title='bbox 407 2351 447 2387; x_wconf 89' lang='lat' dir='ltr'>in</span> <span class='ocrx_word' id='word_1_295' title='bbox 478 2353 563 2387; x_wconf 83' lang='lat' dir='ltr'>Act.</span> <span class='ocrx_word' id='word_1_296' title='bbox 597 2351 732 2387; x_wconf 89' lang='lat' dir='ltr'>Philol.</span> <span class='ocrx_word' id='word_1_297' title='bbox 765 2351 912 2387; x_wconf 85' lang='lat' dir='ltr'>Monac.</span> <span class='ocrx_word' id='word_1_298' title='bbox 946 2351 997 2386; x_wconf 84' lang='grc' dir='ltr'>ΙΙΙ</span> <span class='ocrx_word' id='word_1_299' title='bbox 1030 2355 1098 2387; x_wconf 82' lang='grc'>577</span> <span class='ocrx_word' id='word_1_300' title='bbox 1127 2363 1228 2397; x_wconf 84' lang='lat' dir='ltr'>seqq.</span> <span class='ocrx_word' id='word_1_301' title='bbox 1263 2354 1302 2387; x_wconf 72' lang='lat' dir='ltr'>et</span> <span class='ocrx_word' id='word_1_302' title='bbox 1335 2357 1403 2388; x_wconf 82' lang='lat'>637</span> <span class='ocrx_word' id='word_1_303' title='bbox 1441 2354 1559 2387; x_wconf 82' lang='lat' dir='ltr'>solum</span> <span class='ocrx_word' id='word_1_304' title='bbox 1598 2353 1741 2398; x_wconf 75' lang='lat' dir='ltr'>elegiae</span> 
     </span>
     <span class='ocr_line' id='line_1_34' title="bbox 194 2398 1741 2445; baseline 0.001 -11"><span class='ocrx_word' id='word_1_305' title='bbox 194 2399 388 2434; x_wconf 88' lang='lat' dir='ltr'>exordium</span> <span class='ocrx_word' id='word_1_306' title='bbox 408 2400 587 2444; x_wconf 67' lang='lat' dir='ltr'>(vel—4)</span> <span class='ocrx_word' id='word_1_307' title='bbox 609 2398 748 2435; x_wconf 88' lang='lat' dir='ltr'>Callini</span> <span class='ocrx_word' id='word_1_308' title='bbox 773 2410 854 2435; x_wconf 90' lang='lat' dir='ltr'>esse</span> <span class='ocrx_word' id='word_1_309' title='bbox 880 2398 1082 2439; x_wconf 80' lang='lat' dir='ltr'>existimat,</span> <span class='ocrx_word' id='word_1_310' title='bbox 1110 2403 1235 2435; x_wconf 84' lang='lat' dir='ltr'>cetera</span> <span class='ocrx_word' id='word_1_311' title='bbox 1256 2400 1419 2445; x_wconf 64' lang='lat' dir='ltr'>Tyrtueo</span> <span class='ocrx_word' id='word_1_312' title='bbox 1446 2401 1636 2436; x_wconf 78' lang='lat' dir='ltr'>vindicare</span> <span class='ocrx_word' id='word_1_313' title='bbox 1666 2414 1741 2436; x_wconf 83' lang='lat' dir='ltr'>ma-</span> 
     </span>
     <span class='ocr_line' id='line_1_35' title="bbox 193 2446 1741 2494; baseline 0.001 -12"><span class='ocrx_word' id='word_1_314' title='bbox 193 2446 287 2483; x_wconf 84' lang='lat' dir='ltr'>vult.</span> <span class='ocrx_word' id='word_1_315' title='bbox 331 2446 506 2494; x_wconf 88' lang='lat' dir='ltr'>Hartung</span> <span class='ocrx_word' id='word_1_316' title='bbox 530 2448 747 2483; x_wconf 87' lang='lat' dir='ltr'>universum</span> <span class='ocrx_word' id='word_1_317' title='bbox 773 2459 925 2483; x_wconf 90' lang='lat' dir='ltr'>carmen</span> <span class='ocrx_word' id='word_1_318' title='bbox 950 2447 1114 2493; x_wconf 78' lang='lat' dir='ltr'>Tyrtaeo</span> <span class='ocrx_word' id='word_1_319' title='bbox 1140 2448 1284 2492; x_wconf 78' lang='lat' dir='ltr'>tribuit,</span> <span class='ocrx_word' id='word_1_320' title='bbox 1311 2459 1452 2494; x_wconf 78' lang='lat' dir='ltr'>negans</span> <span class='ocrx_word' id='word_1_321' title='bbox 1473 2449 1659 2484; x_wconf 72' lang='lat' dir='ltr'>Callinuun</span> <span class='ocrx_word' id='word_1_322' title='bbox 1685 2450 1741 2488; x_wconf 66' lang='lat' dir='ltr'>⁴in⁴</span> 
     </span>
     <span class='ocr_line' id='line_1_36' title="bbox 194 2494 1741 2542; baseline 0.001 -12"><span class='ocrx_word' id='word_1_323' title='bbox 194 2494 346 2531; x_wconf 83' lang='lat' dir='ltr'>centiva</span> <span class='ocrx_word' id='word_1_324' title='bbox 382 2497 550 2532; x_wconf 85' lang='lat' dir='ltr'>carmina</span> <span class='ocrx_word' id='word_1_325' title='bbox 584 2495 835 2532; x_wconf 85' lang='lat' dir='ltr'>militantibus</span> <span class='ocrx_word' id='word_1_326' title='bbox 866 2495 1068 2542; x_wconf 87' lang='lat' dir='ltr'>scripsisse.</span> <span class='ocrx_word' id='word_1_327' title='bbox 1120 2495 1338 2541; x_wconf 74' lang='lat' dir='ltr'>Bernhardy</span> <span class='ocrx_word' id='word_1_328' title='bbox 1372 2497 1467 2532; x_wconf 83' lang='lat' dir='ltr'>Hist.</span> <span class='ocrx_word' id='word_1_329' title='bbox 1494 2497 1584 2533; x_wconf 78' lang='lat' dir='ltr'>Litt.</span> <span class='ocrx_word' id='word_1_330' title='bbox 1613 2497 1741 2532; x_wconf 78' lang='lat' dir='ltr'>Graec.</span> 
     </span>
     <span class='ocr_line' id='line_1_37' title="bbox 194 2542 1743 2590; baseline 0.001 -12"><span class='ocrx_word' id='word_1_331' title='bbox 194 2542 230 2578; x_wconf 93' lang='lat' dir='ltr'>II</span> <span class='ocrx_word' id='word_1_332' title='bbox 254 2546 325 2579; x_wconf 90' lang='lat'>418</span> <span class='ocrx_word' id='word_1_333' title='bbox 352 2544 444 2579; x_wconf 84' lang='lat' dir='ltr'>satis</span> <span class='ocrx_word' id='word_1_334' title='bbox 469 2544 592 2579; x_wconf 82' lang='lat' dir='ltr'>multa</span> <span class='ocrx_word' id='word_1_335' title='bbox 616 2544 656 2579; x_wconf 93' lang='lat' dir='ltr'>in</span> <span class='ocrx_word' id='word_1_336' title='bbox 681 2543 812 2590; x_wconf 82' lang='lat' dir='ltr'>paucis</span> <span class='ocrx_word' id='word_1_337' title='bbox 838 2543 896 2579; x_wconf 88' lang='lat' dir='ltr'>his</span> <span class='ocrx_word' id='word_1_338' title='bbox 922 2542 1090 2579; x_wconf 86' lang='lat' dir='ltr'>versibus</span> <span class='ocrx_word' id='word_1_339' title='bbox 1116 2544 1368 2589; x_wconf 79' lang='lat' dir='ltr'>reprehendit,</span> <span class='ocrx_word' id='word_1_340' title='bbox 1396 2546 1460 2580; x_wconf 86' lang='lat' dir='ltr'>sed</span> <span class='ocrx_word' id='word_1_341' title='bbox 1488 2546 1567 2590; x_wconf 87' lang='lat' dir='ltr'>ipse</span> <span class='ocrx_word' id='word_1_342' title='bbox 1595 2546 1743 2581; x_wconf 75' lang='lat' dir='ltr'>videtur</span> 
     </span>
     <span class='ocr_line' id='line_1_38' title="bbox 193 2590 1741 2638; baseline 0.001 -13"><span class='ocrx_word' id='word_1_343' title='bbox 193 2590 359 2627; x_wconf 87' lang='lat' dir='ltr'>incertus</span> <span class='ocrx_word' id='word_1_344' title='bbox 383 2591 550 2637; x_wconf 81' lang='lat' dir='ltr'>haerere,</span> <span class='ocrx_word' id='word_1_345' title='bbox 576 2594 703 2628; x_wconf 88' lang='lat' dir='ltr'>utrum</span> <span class='ocrx_word' id='word_1_346' title='bbox 728 2593 844 2638; x_wconf 86' lang='lat' dir='ltr'>poeta</span> <span class='ocrx_word' id='word_1_347' title='bbox 870 2591 1077 2637; x_wconf 86' lang='lat' dir='ltr'>culpandus</span> <span class='ocrx_word' id='word_1_348' title='bbox 1104 2591 1155 2627; x_wconf 88' lang='lat' dir='ltr'>sit</span> <span class='ocrx_word' id='word_1_349' title='bbox 1179 2604 1227 2627; x_wconf 89' lang='lat' dir='ltr'>an</span> <span class='ocrx_word' id='word_1_350' title='bbox 1253 2593 1492 2628; x_wconf 59' lang='lat' dir='ltr'>diasceuasta</span> <span class='ocrx_word' id='word_1_351' title='bbox 1518 2593 1666 2638; x_wconf 69' lang='lat' dir='ltr'>aliquis,</span> <span class='ocrx_word' id='word_1_352' title='bbox 1695 2606 1741 2628; x_wconf 73' lang='lat' dir='ltr'>an</span> 
     </span>
     <span class='ocr_line' id='line_1_39' title="bbox 195 2638 1744 2686; baseline 0.001 -12"><span class='ocrx_word' id='word_1_353' title='bbox 195 2638 356 2684; x_wconf 88' lang='lat' dir='ltr'>denique</span> <span class='ocrx_word' id='word_1_354' title='bbox 375 2639 591 2676; x_wconf 85' lang='lat' dir='ltr'>universum</span> <span class='ocrx_word' id='word_1_355' title='bbox 611 2651 749 2686; x_wconf 91' lang='lat' dir='ltr'>poema</span> <span class='ocrx_word' id='word_1_356' title='bbox 769 2639 915 2675; x_wconf 89' lang='lat' dir='ltr'>Callino</span> <span class='ocrx_word' id='word_1_357' title='bbox 936 2639 986 2675; x_wconf 87' lang='lat' dir='ltr'>sit</span> <span class='ocrx_word' id='word_1_358' title='bbox 1005 2638 1304 2675; x_wconf 82' lang='lat' dir='ltr'>abiudicandum.</span> <span class='ocrx_word' id='word_1_359' title='bbox 1347 2640 1450 2683; x_wconf 74' lang='lat' dir='ltr'>Quae</span> <span class='ocrx_word' id='word_1_360' title='bbox 1473 2640 1744 2685; x_wconf 81' lang='lat' dir='ltr'>displicuerunt</span> 
     </span>
     <span class='ocr_line' id='line_1_40' title="bbox 194 2686 1742 2733; baseline 0.001 -12"><span class='ocrx_word' id='word_1_361' title='bbox 194 2686 449 2733; x_wconf 79' lang='lat' dir='ltr'>Bernhardyo‚</span> <span class='ocrx_word' id='word_1_362' title='bbox 475 2698 520 2723; x_wconf 87' lang='lat' dir='ltr'>ea</span> <span class='ocrx_word' id='word_1_363' title='bbox 539 2688 666 2724; x_wconf 89' lang='lat' dir='ltr'>omnia</span> <span class='ocrx_word' id='word_1_364' title='bbox 685 2688 798 2724; x_wconf 85' lang='lat' dir='ltr'>facile</span> <span class='ocrx_word' id='word_1_365' title='bbox 817 2686 969 2723; x_wconf 88' lang='lat' dir='ltr'>veniam</span> <span class='ocrx_word' id='word_1_366' title='bbox 988 2687 1256 2733; x_wconf 89' lang='lat' dir='ltr'>impetrabunt.</span> <span class='ocrx_word' id='word_1_367' title='bbox 1297 2688 1394 2723; x_wconf 86' lang='lat' dir='ltr'>Nam</span> <span class='ocrx_word' id='word_1_368' title='bbox 1421 2689 1521 2732; x_wconf 89' lang='lat' dir='ltr'>quod</span> <span class='ocrx_word' id='word_1_369' title='bbox 1549 2690 1742 2724; x_wconf 80' lang='lat' dir='ltr'>contendit</span> 
     </span>
     <span class='ocr_line' id='line_1_41' title="bbox 194 2731 1741 2782; baseline 0.001 -12"><span class='ocrx_word' id='word_1_370' title='bbox 194 2734 549 2772; x_wconf 76' lang='lat' dir='ltr'>ante&#39;Theocritum</span> <span class='ocrx_word' id='word_1_371' title='bbox 585 2735 946 2774; x_wconf 69' lang='lat' dir='ltr'>neminem-dixisse</span> <span class='ocrx_word' id='word_1_372' title='bbox 981 2731 1106 2782; x_wconf 77' lang='grc' dir='ltr'><strong><em>ὀλίγος</em></strong></span> <span class='ocrx_word' id='word_1_373' title='bbox 1140 2735 1206 2771; x_wconf 81' lang='grc' dir='ltr'>καὶ</span> <span class='ocrx_word' id='word_1_374' title='bbox 1237 2734 1371 2781; x_wconf 81' lang='grc' dir='ltr'><em>μέγας,</em></span> <span class='ocrx_word' id='word_1_375' title='bbox 1404 2737 1502 2781; x_wconf 83' lang='lat' dir='ltr'>quod</span> <span class='ocrx_word' id='word_1_376' title='bbox 1536 2737 1596 2772; x_wconf 88' lang='lat' dir='ltr'>hic</span> <span class='ocrx_word' id='word_1_377' title='bbox 1630 2740 1741 2781; x_wconf 76' lang='lat' dir='ltr'>poeta</span> 
     </span>
     <span class='ocr_line' id='line_1_42' title="bbox 194 2781 1739 2830; baseline 0.001 -12"><span class='ocrx_word' id='word_1_378' title='bbox 194 2794 228 2818; x_wconf 91' lang='lat' dir='ltr'>v.</span> <span class='ocrx_word' id='word_1_379' title='bbox 258 2786 301 2819; x_wconf 87' lang='lat'>17</span> <span class='ocrx_word' id='word_1_380' title='bbox 327 2784 542 2829; x_wconf 82' lang='lat' dir='ltr'>usurpavit,</span> <span class='ocrx_word' id='word_1_381' title='bbox 568 2784 681 2820; x_wconf 83' lang='lat' dir='ltr'>valde</span> <span class='ocrx_word' id='word_1_382' title='bbox 705 2784 838 2820; x_wconf 89' lang='lat' dir='ltr'>miror:</span> <span class='ocrx_word' id='word_1_383' title='bbox 871 2783 1010 2820; x_wconf 89' lang='lat' dir='ltr'>etenim</span> <span class='ocrx_word' id='word_1_384' title='bbox 1038 2781 1193 2830; x_wconf 82' lang='grc' dir='ltr'><strong><em>σμικρός</em></strong></span> <span class='ocrx_word' id='word_1_385' title='bbox 1217 2784 1291 2819; x_wconf 80' lang='lat' dir='ltr'>suit</span> <span class='ocrx_word' id='word_1_386' title='bbox 1323 2785 1514 2819; x_wconf 78' lang='lat' dir='ltr'>communi</span> <span class='ocrx_word' id='word_1_387' title='bbox 1541 2786 1739 2820; x_wconf 75' lang='lat' dir='ltr'>eonsuetu-</span> 
     </span>
    </p>
   </div>
   <div class='ocr_carea' id='block_1_7' title="bbox 196 2857 482 2864">
    <p class='ocr_par' dir='ltr' id='par_1_10' title="bbox 196 2857 482 2864">
     <span class='ocr_line' id='line_1_43' title="bbox 196 2857 482 2864; baseline 0 320"><span class='ocrx_word' id='word_1_388' title='bbox 196 2857 482 2864; x_wconf 95' lang='lat' dir='ltr'> </span> 
     </span>
    </p>
   </div>
   <div class='ocr_carea' id='block_1_8' title="bbox 197 2890 1741 2986">
    <p class='ocr_par' dir='ltr' id='par_1_11' title="bbox 197 2890 1741 2986">
     <span class='ocr_line' id='line_1_44' title="bbox 290 2890 1741 2938; baseline 0.001 -12"><span class='ocrx_word' id='word_1_389' title='bbox 290 2890 325 2936; x_wconf 84' lang='lat'>*)</span> <span class='ocrx_word' id='word_1_390' title='bbox 351 2891 508 2927; x_wconf 89' lang='lat' dir='ltr'>Numeri</span> <span class='ocrx_word' id='word_1_391' title='bbox 533 2891 673 2928; x_wconf 80' lang='lat' dir='ltr'>adiecti</span> <span class='ocrx_word' id='word_1_392' title='bbox 692 2894 780 2928; x_wconf 89' lang='lat' dir='ltr'>sunt</span> <span class='ocrx_word' id='word_1_393' title='bbox 811 2891 987 2928; x_wconf 85' lang='lat' dir='ltr'>editionis</span> <span class='ocrx_word' id='word_1_394' title='bbox 1006 2892 1231 2928; x_wconf 86' lang='lat' dir='ltr'>Bachianae.</span> <span class='ocrx_word' id='word_1_395' title='bbox 1258 2911 1304 2917; x_wconf 91' lang='grc'>--</span> <span class='ocrx_word' id='word_1_396' title='bbox 1331 2893 1369 2928; x_wconf 82' lang='grc' dir='ltr'>Ιι]</span> <span class='ocrx_word' id='word_1_397' title='bbox 1390 2892 1560 2938; x_wconf 85' lang='lat' dir='ltr'>margine</span> <span class='ocrx_word' id='word_1_398' title='bbox 1579 2894 1741 2938; x_wconf 81' lang='lat' dir='ltr'>paginae</span> 
     </span>
     <span class='ocr_line' id='line_1_45' title="bbox 197 2936 891 2986; baseline 0.004 -14"><span class='ocrx_word' id='word_1_399' title='bbox 197 2936 371 2974; x_wconf 87' lang='lat' dir='ltr'>editionis</span> <span class='ocrx_word' id='word_1_400' title='bbox 396 2939 532 2975; x_wconf 84' lang='lat' dir='ltr'>tertiae</span> <span class='ocrx_word' id='word_1_401' title='bbox 558 2940 770 2986; x_wconf 87' lang='lat' dir='ltr'>adscriptae</span> <span class='ocrx_word' id='word_1_402' title='bbox 795 2941 891 2975; x_wconf 87' lang='lat' dir='ltr'>sunt.</span> 
     </span>
    </p>
   </div>
   <div class='ocr_carea' id='block_1_9' title="bbox 1407 2999 1454 3034">
    <p class='ocr_par' dir='ltr' id='par_1_12' title="bbox 1407 2999 1454 3034">
     <span class='ocr_line' id='line_1_46' title="bbox 1407 2999 1454 3034; baseline 0 -14"><span class='ocrx_word' id='word_1_403' title='bbox 1407 2999 1454 3034; x_wconf 78' lang='lat'>1*</span> 
     </span>
    </p>
   </div>
  </div>
 </body>
</html>
