1890 3216
208 175 293 218 140
746 176 936 213 POETAE
964 176 1200 213 ELEGIACI.

205 295 272 327 215
300 283 550 328 Πουλύπου
583 282 723 341 ὀργὴν
755 289 861 342 ἴσχε·
880 283 1186 340 πολυπλόκου,
1219 281 1268 337 ὃς
1298 285 1398 330 ποτὶ
1430 285 1586 344 πέτρῃ,
1667 298 1735 331 500

360 357 412 413 τῇ
443 354 774 414 προσομιλήσῃ,
806 364 926 408 τοῖος
958 358 1073 405 ἰδεῖν
1106 354 1262 412 ἐφάνη.

302 429 389 470 νῦν
422 425 502 482 μὲν
534 425 630 484 τῇδ’
667 427 853 484 ἐφέπου,
885 426 983 472 τοτὲ
1016 425 1056 471 δ’
1093 425 1272 479 ἀλλοῖος
1302 427 1413 486 χρόα
1445 431 1587 485 γίνου.

357 497 558 555 κρέσσων
589 515 657 542 τοι
690 502 826 556 σοφίη
859 502 1027 555 γίνεται
1059 496 1284 556 ἀτροπίης.

300 603 461 660 ,Μηδὲν
493 603 609 661 ἄγαν
641 604 832 662 ἄσχαλλε
862 601 1209 663 ταρασσομένων
1239 607 1505 663 πολιητέων,

204 689 273 720 220
360 675 534 733 Κύρνε,
567 677 706 734 μέσην
739 675 779 721 δ’
816 680 944 735 ἔρχευ
974 675 1054 734 τὴν
1088 675 1220 734 ὁδόν,
1253 675 1399 735 ὥσπερ
1432 677 1530 734 ἐγώ.

290 782 436 836 Ὅστις
466 801 534 828 τοι
568 784 710 828 δοκέει
742 783 821 829 τὸν
840 774 1043 842 Ιπλησίον
1077 787 1254 842 ἴδμεναι
1286 781 1436 842 οὐδέν,

360 853 461 899 ἀλλ’
498 853 633 908 αὐτὸς
664 858 832 912 μοῦνος
863 860 1041 900 ποικίλα
1073 854 1195 913 ὃήνε’
1233 858 1362 913 ἔχειν,

300 926 448 979 κεῖνός
478 925 520 983 γ’
557 925 716 985 ἄφρων
748 929 861 985 ἐστί,
893 928 1006 972 νόου
1037 929 1342 986 βεβλαμμένος
1373 929 1552 972 ἐσθλοῦ.

360 1004 466 1051 ἴσως
497 997 582 1057 γὰρ
614 998 775 1052 πάντες
805 998 968 1044 ποικίλ’
1005 999 1298 1057 ἐπιστάμεθα,
1670 1011 1736 1044 501

205 1082 273 1114 225
300 1068 402 1115 ἀλλ’
439 1068 462 1114 ὁ
495 1069 576 1127 μὲν
609 1069 691 1115 οὐκ
723 1071 867 1115 ἐθέλει
899 1074 1262 1129 κακοκερδείῃσιν
1294 1071 1500 1127 ἕπεσθαι,

359 1144 419 1203 τῷ
454 1140 504 1186 δὲ
536 1144 823 1197 ὃολοπλοκίαι
856 1144 1028 1199 μᾶλλον
1059 1141 1237 1187 ἄπιστοι
1270 1140 1394 1186 ἅδον.

208 1273 335 1308 autem
360 1272 457 1308 illud
491 1284 574 1308 cum
600 1271 851 1318 Amphilocho
885 1273 1113 1318 colloquium
1142 1273 1291 1318 praeter
1321 1272 1523 1309 Pindarum
1556 1275 1595 1311 et
1618 1286 1641 1310 a
1665 1276 1741 1311 tra-

204 1320 297 1365 gicis
323 1319 445 1365 poetis
472 1321 510 1355 et
535 1320 582 1355 ab
609 1320 810 1356 artificibus
837 1332 1047 1366 expressum
1066 1321 1225 1364 videtur,
1246 1320 1292 1356 de
1313 1331 1387 1366 qua
1404 1332 1443 1356 re
1463 1321 1556 1357 alias
1577 1322 1732 1360 dicetur.

204 1368 285 1403 Hoc
311 1368 433 1413 ipsum
459 1369 700 1422 praeceptum
725 1367 865 1404 imitati
898 1371 985 1403 sunt
1019 1368 1146 1413 multi,
1180 1379 1255 1403 non
1286 1368 1405 1404 solum
1437 1369 1635 1414 Pindarus,
1674 1370 1739 1406 sed

205 1415 319 1450 etiam
353 1415 555 1460 Sophocles
589 1415 629 1450 in
666 1415 886 1472 Iphigenia,
912 1417 976 1460 qni
1009 1428 1136 1451 versus
1171 1415 1224 1450 sic
1256 1417 1348 1453 sunt
1377 1415 1603 1462 corrigendi:
1627 1398 1737 1453 Νόει

204 1460 298 1507 πρὸς
324 1459 436 1506 ανδρὶ
461 1463 589 1508 χρῶμα
623 1460 840 1504 πουλύπους
871 1460 974 1504 ὅπως
1005 1462 1132 1511 Πέτρᾳ
1164 1462 1379 1521 τραπέσθαι
1409 1465 1564 1520 γνησίου
1597 1463 1738 1523 φρονή-

205 1523 330 1566 ματος.
359 1511 396 1545 et
421 1511 485 1567 qui
509 1510 664 1546 invertit
688 1510 833 1546 Pseudo
836 1511 985 1556 p.hocyl
1006 1515 1068 1546 49:
1095 1499 1202 1556 Μηὸ’
1231 1508 1280 1552 ὡς
1304 1508 1522 1556 πετροφυὴς
1546 1510 1738 1553 πολύπους

204 1555 300 1593 κατὰ
316 1558 437 1613 χῶρον
453 1554 623 1604 ἀμείβου.
641 1578 683 1583 -—
699 1558 741 1592 In
761 1558 1011 1615 Theognideis
1032 1558 1199 1594 versibus
1219 1558 1361 1614 triplex
1376 1558 1558 1604 scriptura
1582 1559 1735 1604 tradita,

203 1602 459 1649 πολυπλόκου,
485 1603 714 1651 πολυχρόου,
739 1603 989 1651 πολύφρονος.
1041 1607 1165 1642 Το1100
1195 1602 1433 1642 πολυπλόκου
1459 1607 1558 1651 quod
1591 1608 1740 1652 praeter

205 1654 272 1688 Th.
300 1653 416 1688 libros
451 1633 586 1688 Athen.
621 1654 799 1697 testatur,
833 1656 891 1689 est
924 1654 1023 1689 enim
1056 1653 1466 1698 convenientissimum,
1499 1654 1737 1700 cf.'1'.heogn

203 1713 238 1735 v.
272 1705 315 1736 67
350 1702 615 1744 πολυπλοκίαι,
651 1704 766 1745 atque
802 1701 915 1736 etiam
952 1702 1018 1736 Ion
1054 1701 1220 1747 tragicus
1254 1682 1579 1746 .1Ρ.Α1·,11011.ῩΙΙ
1612 1706 1681 1738 318
1705 1702 1736 1748 Ε

204 1748 450 1783 commendat.
487 1748 629 1783 Coloris
658 1748 821 1786 varietas
854 1748 1082 1784 extrinsecus
1115 1749 1233 1784 ascita
1263 1748 1441 1793 proximis
1472 1747 1639 1784 versibus
1674 1761 1739 1785 no-

202 1797 306 1831 tatur
335 1794 465 1840 itaque
494 1788 754 1840 posthabenda
787 1795 899 1831 lectio
931 1799 1069 1841 πολυχρ
1074 1794 1158 1832 όουε
1191 1795 1348 1840 denique
1374 1793 1611 1840 πολύφρονος
1635 1797 1735 1842 quod

205 1843 319 1878 semel
346 1843 569 1878 Plutarchus
594 1842 755 1886 exhibet,
782 1842 961 1878 memoria
981 1854 1066 1879 eum
1085 1842 1230 1879 fefellit.
1269 1843 1470 1879 Praeterea
1494 1843 1737 1879 Plutarchum

204 1891 360 1935 apparet
390 1889 668 1926 hemistichium
700 1870 987 1930 πόυλὸποδος
1018 1888 1126 1926 νόον
1152 1892 1247 1935 ἴσχε
1274 1888 1485 1936 πολυχρόου
1516 1891 1736 1936 repperisse,

206 1937 520 1982 quemadmodum
547 1940 732 1973 corrector
758 1937 894 1983 aliquis
921 1938 1067 1973 videtur
1091 1937 1326 1982 immutasse,
1361 1949 1472 1984 quem
1498 1939 1672 1985 Hartung
1696 1943 1740 1974 ut

204 1997 329 2020 rerum
353 1996 535 2020 novarum
560 1985 745 2020 studiosus
771 1985 852 2029 fuit,
880 1985 1058 2030 sequitur.
1111 1985 1264 2021 Ceterae
1285 1965 1555 2031 discrepantiae
1581 1986 1739 2022 leviores

206 2033 372 2068 0111111-
401 2032 446 2068 V.
473 2037 553 2068 215.
566 2030 802 2090 Πουλύπου,
828 2031 998 2068 πολύπου
1025 2044 1084 2078 ap.
1112 2033 1197 2069 Ath.
1224 2035 1382 2089 utroque
1416 2034 1497 2069 1000
1531 2033 1604 2069 duo
1631 2034 1737 2070 codd.

205 2079 303 2125 (BP).
331 2101 374 2106 —
402 2076 530 2125 ὀργὴν,
557 2077 675 2126 ὁρμὴν
703 2081 748 2117 el.
776 2101 820 2107 ——
846 2077 1097 2126 πολυπλόκου,
1123 2077 1386 2116 πουλυπλόκου
1419 2092 1478 2125 ap.
1506 2081 1591 2115 Ath.
1617 2081 1736 2117 altero

202 2128 286 2163 loco
311 2139 406 2162 unus
433 2128 513 2163 cod.
540 2129 606 2172 (Β).
635 2149 678 2153 -
705 2128 804 2172 ποτὶ,
829 2141 918 2163 ποτε
946 2129 1002 2164 011.
1030 2149 1074 2155 —-
1103 2129 1145 2163 V.
1173 2132 1252 2164 216.
1280 2126 1531 2175 προσομιλήσῃ
1556 2141 1600 2174 g,
1625 2141 1736 2173 προσ-

205 2172 373 2221 ομιλήσει
404 2175 519 2211 ceteri
550 2178 588 2211 et
630 2176 753 2211 Schol.
785 2176 889 2220 Luc„
929 2177 1029 2220 apud
1060 2175 1147 2211 Ath.
1180 2177 1280 2211 recte
1305 2178 1567 2232 προσομιλησῃ
1600 2176 1678 2220 (sed
1709 2176 1735 2212 C

204 2220 495 2282 προσομιλήσει).
534 2223 700 2266 Eodosis‚
727 2235 801 2267 qua
826 2223 924 2259 Plut.
951 2234 1038 2258 usus
1065 2224 1131 2279 est,
1156 2223 1272 2270 τῇπερ
1299 2219 1457 2281 ὁμιλήσῃ
1484 2222 1736 2259 exhibuit.—

204 2269 249 2304 V.
277 2274 356 2306 217.
386 2267 550 2315 ἐφέπου,
585 2267 650 2315 ἐφ’
685 2270 778 2307 έπου
812 2282 841 2306 0.
870 2290 914 2296 —
940 2284 1042 2314 τοτε,
1073 2267 1156 2306 τότε
1185 2274 1231 2314 A,
1259 2269 1349 2305 ποτὲ
1377 2282 1411 2315 g.
1446 2290 1489 2295 —
1522 2271 1632 2327 γίνου
1659 2270 1735 2315 ΑΟ,

203 2317 401 2362 legebatur
420 2318 561 2363 γίγνου.
586 2340 626 2344 -
649 2318 692 2354 V.
714 2321 793 2354 218.
815 2332 859 2363 κρ
863 2329 980 2353 εσσων
1000 2319 1049 2362 Α,
1076 2321 1244 2362 κρεῖττον
1270 2331 1326 2362 γρ.
1347 2317 1376 2361 1,
1403 2315 1589 2363 κραιπνόν
1609 2317 1736 2362 ceteri,

205 2364 354 2400 Brunck
378 2365 518 2409 aliique
549 2370 722 2411 κρεῖσσον
748 2365 960 2409 ediderunt,
987 2365 1032 2402 cf.
1058 2365 1156 2400 infra
1180 2369 1415 2401 v.1073—4
1444 2386 1487 2390 —
1512 2378 1583 2408 τοι,
1606 2378 1642 2400 τι
1668 2365 1735 2401 On.

208 2433 252 2438 —
279 2413 424 2457 γίνεται
451 2413 497 2455 O,
524 2413 721 2458 legebatur
747 2414 914 2458 γίγνεται
940 2394 1008 2459 (ita
1027 2413 1083 2457 A).
1112 2433 1155 2438 —-
1182 2410 1377 2458 ἀτροπίης,
1403 2410 1602 2457 εὖτροπίης
1628 2423 1674 2458 cg
1699 2413 1738 2447 et

206 2473 260 2504 γρ
288 2460 310 2494 l.
344 2480 390 2485 —
421 2459 465 2494 V.
492 2464 572 2496 219.
605 2463 671 2506 Μη
676 2460 742 2496 δὲν
773 2460 806 2494 Α
838 2462 876 2496 et
907 2460 1099 2496 Turnebus
1131 2459 1170 2495 in
1203 2460 1321 2503 calce,
1361 2460 1475 2495 ceteri
1506 2460 1611 2495 codd.
1644 2456 1734 2504 μηδ’

209 2507 254 2552 (O
276 2504 368 2552 μηδ’
372 2508 398 2551 ).
426 2528 467 2533 —-
489 2475 697 2552 πολιητέων
716 2508 760 2551 Α,
785 2504 974 2543 πολιταων
996 2508 1036 2550 O,
1062 2507 1222 2542 πολιτῶν
1243 2507 1367 2544 ceteri.
1388 2528 1432 2532 —
1453 2507 1496 2542 V.
1518 2511 1598 2543 220.
1626 2519 1735 2552 ερχευ

205 2555 249 2598 Α,
277 2553 387 2600 ἔργου
414 2555 460 2599 01,
493 2553 604 2600 ἔρχου
636 2556 759 2591 ceteri.
793 2576 839 2581 —-
869 2555 913 2592 V.
939 2559 1060 2590 221-
1075 2558 1143 2590 226
1180 2554 1288 2590 affert
1319 2554 1500 2590 Stobaeus
1526 2554 1576 2589 IV
1601 2558 1657 2589 27.
1692 2575 1736 2579 —

206 2602 250 2636 V.
278 2606 358 2638 221.
385 2615 459 2647 τοι,
491 2614 549 2637 σοι
575 2615 605 2638 0.
638 2623 681 2628 -
717 2604 868 2646 ἴδμεναι
900 2599 1034 2646 οὐδέν,
1072 2603 1180 2648 ἴδμεν
1212 2604 1277 2637 καὶ
1309 2598 1424 2637 οὐδὲν
1457 2602 1552 2643 bfm,
1585 2602 1738 2646 ἴδμεναι

207 2646 365 2690 οὐδενὸς
398 2649 447 2694 Ο,
480 2647 638 2695 ἔμμεναι
671 2650 772 2686 Stob.
805 2651 877 2695 (ap.
912 2650 1042 2685 Schow
1077 2650 1123 2685 bc
1153 2650 1192 2684 ἴδ
1193 2650 1330 2695 μ.εναι)
1361 2670 1408 2675 -
1441 2649 1484 2684 V.
1510 2652 1590 2686 222.
1625 2647 1736 2694 ἔχειν,

206 2696 279 2732 litt.
305 2710 327 2731 ν
358 2696 399 2731 in
430 2699 462 2731 A
491 2697 556 2732 vix
588 2697 753 2743 conspici
783 2698 923 2742 potest,
956 2698 1076 2742 neque
1102 2698 1228 2732 tamen
1260 2696 1384 2732 deleta
1410 2697 1476 2733 est.
1502 2717 1550 2722 —
1581 2695 1625 2732 V.
1652 2699 1733 2731 223.

207 2741 334 2784 κεῖνός
359 2740 410 2789 γ,
450 2744 478 2779 Ο
511 2744 875 2802 κείνοσδ,1“ο1·1;3,800
906 2749 1030 2785 κεῖνος
1061 2740 1108 2789 δὴ
1142 2757 1277 2803 αφρων
1304 2740 1501 2788 (ὃᾶφρων).
1546 2742 1736 2778 Hermann

206 2793 450 2836 transponere
471 2789 706 2837 νι111ῑᾶφρων
721 2789 848 2832 κεινός
867 2789 916 2838 γ’.
933 2812 978 2818 -—
998 2790 1264 2837 βεβλαμμένος,
1285 2791 1544 2838 βεβλαμμένον
1559 2790 1733 2826 Odhfmn.

209 2859 253 2864 ——
292 2838 338 2874 V.
374 2842 454 2874 225.
488 2841 775 2898 κακοκερδείῃσι
818 2838 1009 2884 proletarii
1042 2839 1126 2874 libri
1157 2840 1302 2874 tantum
1342 2849 1419 2873 non
1453 2849 1580 2873 omnes
1622 2839 1735 2882 lecte,

210 2886 527 2930 quemadmodum
558 2883 739 2932 ἀκέρδεια
771 2886 1240 2933 ᾶ1011301,κακοκερδίησιν
1272 2884 1394 2930 ΑΟ111,
1430 2886 1468 2920 et
1499 2885 1603 2921 Stob.
1630 2885 1734 2921 codd.

211 2933 296 2977 (nisi
323 2934 423 2979 quod
443 2934 549 2971 Voss.
576 2935 891 2981 κακοκερὸίοισιν,
918 2922 1373 2979 Τ1·1110.κακοκερδίησιν).
1395 2953 1438 2958 —-
1468 2931 1506 2968 V.
1527 2935 1608 2968 226.
1628 2929 1735 2977 ἅδον,
