1890 3216
862 779 1043 822 XXXII.
1655 793 1723 825 609

686 886 721 936 S
750 886 794 935 O
823 886 864 937 C
890 887 934 936 R
959 886 1004 937 A
1030 888 1075 936 T
1098 886 1140 935 Ε
1172 887 1221 937 S.

934 1030 970 1071 1.

255 1108 465 1163 Αἴσωπός
496 1107 593 1154 ποτ’
629 1111 747 1164 ἔλεξε
778 1113 1037 1168 Κορίνθιον
1069 1109 1182 1156 ἅστυ
1213 1112 1449 1168 νέμουσιν,

314 1181 373 1240 μὴ
406 1185 578 1241 κρίνειν
609 1180 774 1240 ἀρετὴν
804 1184 1000 1244 λαοδίκῳ
1034 1186 1185 1242 σοφίῃ.

763 1327 1151 1363 ΠΡΟΟΙΜΙΟΝ.

936 1413 975 1457 2.

255 1492 388 1551 Δήλι’
413 1492 638 1539 ’Ἄπολλον
670 1502 795 1553 χαῖρε
825 1494 900 1539 καὶ
921 1493 1125 1553 Ἄρτεμι,
1156 1497 1288 1541 παῖδε
1319 1494 1515 1540 κλεεινώ.

936 1671 976 1715 3.

257 1753 316 1795 Οἳ
344 1749 394 1795 δὲ
425 1759 577 1809 χοροῖς
607 1749 821 1796 κάλλιστα
852 1750 1230 1811 θεοὺςτιμῶσιν,
1262 1751 1439 1813 ἄριστοι

254 1823 303 1868 ἐν
335 1823 523 1883 πολέμῳ.

278 1942 503 1979 Socrates.
557 1947 586 1978 1.
613 1942 722 1990 Diog.
750 1943 872 1979 Laert.
900 1944 933 1979 11
959 1948 1023 1980 42:
1051 1941 1203 1991 ἐποίησε
1232 1943 1274 1980 δὲ
1303 1942 1539 1991 (Σωκράτης)
1566 1944 1630 1980 καὶ
1656 1944 1724 1991 μῦ-

180 1992 257 2026 θον
283 1988 495 2026 Αἰσώπειον
521 1986 566 2026 οὗ
591 1987 694 2027 πάνυ
722 1987 1059 2038 ἐπιτετευγμένως,
1085 1986 1131 2029 οὖ
1159 1989 1181 2038 ἡ
1208 1989 1324 2039 άρχή·
1351 1993 1523 2034 Αἴσωπος
1549 1995 1624 2028 κτλ.
1670 1992 1722 2027 Cf.

182 2038 291 2121 {lato
326 2037 466 2121 lihaied.
499 2042 544 2074 60
579 2037 623 2074 D.
675 2038 773 2076 Plut.
810 2039 856 2075 de
892 2040 976 2076 aud.
1011 2042 1111 2086 poeb.
1150 2051 1180 2076 c.
1213 2045 1246 2077 2.
1304 2040 1502 2086 Augustin.
1540 2041 1586 2076 de
1626 2052 1724 2076 cons.

218 2096 292 2122 van
321 2097 340 2122 e
358 2114 366 2122 .
436 2090 469 2122 7.

278 2097 319 2170 28.
350 2133 519 2170 Diversis
544 2133 759 2171 nominibus
783 2135 1000 2182 appellatur
1030 2136 1102 2172 hoc
1134 2147 1303 2180 carmen,
1335 2147 1404 2172 nee
1436 2137 1563 2171 tamen
1595 2134 1642 2171 de
1669 2135 1725 2170 di-

182 2180 300 2217 versis
326 2181 553 2218 carminibus
579 2182 840 2229 cogitandum,
872 2184 915 2219 ut
941 2183 1194 2230 Wyttenbaeh
1227 2184 1319 2221 vult.
1374 2183 1607 2220 Prooemium
1634 2182 1726 2218 dicit

182 2227 292 2265 Plato
319 2228 458 2267 Phaed.
484 2241 520 2275 p.
548 2233 594 2266 60
627 2230 676 2266 D:
708 2230 796 2277 περὶ
826 2229 899 2277 γάρ
931 2244 989 2267 τοι
1020 2232 1096 2267 τῶν
1134 2229 1375 2278 ποιημάτων,
1413 2225 1466 2266 ὧν
1499 2231 1723 2276 πεποίηκας,

184 2273 355 2318 ἐντείνας
379 2274 468 2318 τοὺς
492 2277 559 2313 τοῦ
579 2275 753 2314 Αἰσώπου
778 2276 924 2324 λόγους,
951 2278 1016 2314 καὶ
1041 2277 1083 2315 τὸ
1112 2279 1166 2321 εἰς
1190 2278 1258 2315 τὸν
1282 2276 1437 2315 Ἀπόλλω
1463 2290 1518 2324 πρ
1529 2279 1723 2324 οοίμιον.

183 2325 222 2359 et
246 2324 427 2360 Themist.
454 2325 490 2360 II
514 2337 550 2371 p.
577 2329 639 2361 32:
671 2326 737 2362 καὶ
764 2324 839 2362 ἔστι
873 2324 1071 2373 Σωκράτει
1102 2329 1353 2373 προοίμιον
1384 2324 1641 2371 πεποιημένον
1677 2323 1723 2362 ἐν

184 2369 300 2420 τόνῳ
327 2368 562 2420 ἑξαμέτρῳ
588 2372 643 2414 εἰς
667 2371 734 2409 τὸν
758 2371 870 2410 θεόν.
894 2386 1071 2420 paeanem
1096 2377 1248 2421 praeter
1268 2375 1474 2421 Diogenem
1494 2374 1592 2417 (vide
1613 2373 1722 2416 infra)

183 2418 306 2455 minus
331 2420 630 2478 rectepppellaf,
655 2420 726 2458 Dio
753 2420 880 2468 Chrys.
908 2434 960 2459 or.
987 2427 1034 2458 43
1061 2423 1102 2460 T.
1125 2423 1158 2458 II
1185 2425 1272 2459 580:
1300 2422 1365 2458 καὶ
1391 2422 1569 2458 παιᾶνα
1596 2418 1720 2466 ἐποίη-

124 2503 128 2509 Λ
183 2479 249 2503 σεν
275 2466 330 2508 εἰς
353 2465 421 2504 τὸν
447 2470 600 2504 Απολλω
627 2468 692 2504 καὶ
716 2466 786 2515 τὴν
804 2466 982 2516 Ἄρτεμιν.
1011 2469 1064 2506 Cf.
1092 2470 1211 2516 Epict.
1238 2471 1270 2506 11
1298 2475 1330 2515 6,
1353 2474 1410 2505 26.
1437 2469 1487 2504 IV
1515 2474 1547 2514 4,
1568 2473 1625 2504 23.
1654 2468 1723 2503 De-

183 2514 296 2562 nique
322 2514 458 2552 Suidas
482 2529 515 2552 v.
542 2514 749 2562 Σωκράτης
774 2517 927 2563 (Endon.
955 2520 1038 2562 390)
1073 2514 1217 2565 ὕμνον
1255 2517 1310 2558 εἰς
1331 2514 1538 2553 Ἀπόλλωνα
1564 2516 1629 2551 καὶ
1647 2513 1723 2561 ’Ἀρ-

182 2575 289 2609 τεμιν
314 2562 379 2598 καὶ
404 2563 532 2610 μῦθον
559 2562 768 2600 Αἰσώπειον
794 2561 854 2600 δι’
883 2562 1012 2603 ἐπῶν.
1041 2586 1087 2592 --
1113 2565 1220 2611 Diog.
1243 2566 1364 2601 Laert.
1386 2564 1419 2599 11
1440 2568 1506 2599 42:
1532 2560 1630 2599 Ἀλλὰ
1660 2563 1724 2598 καὶ

182 2610 362 2646 παιᾶνα
387 2609 484 2646 κατά
511 2625 616 2653 τινας
642 2609 819 2658 ἐποίησεν
844 2610 1098 2659 (Σωκράτης),
1131 2607 1175 2649 οὗ
1208 2609 1231 2658 ἡ
1264 2609 1378 2658 ἀρχή·
1415 2608 1523 2656 Δήλι’
1546 2609 1621 2647 Cin.
1648 2614 1722 2646 κτλ.

185 2655 474 2705 Διονυσόδωρος
499 2658 543 2695 δέ
569 2672 662 2706 φησι
687 2657 737 2706 μὴ
774 2658 875 2696 εἶναι
907 2658 1026 2697 αὐτοῦ
1058 2659 1124 2696 τὸν
1157 2660 1315 2695 παιᾶνα.
1345 2682 1384 2686 -
1407 2657 1598 2703 Ἄπολλον,
1633 2658 1721 2694 Ood.

184 2741 282 2778 Mon.
309 2719 495 2778 ἅπολλοοον.
524 2763 566 2769 -
594 2741 768 2788 κλεεινώ,
794 2742 883 2780 Cod.
911 2743 1017 2778 Cant.
1045 2744 1108 2778 Ar.
1135 2743 1233 2779 Mon.
1261 2739 1415 2787 κλεινιό,
1441 2742 1551 2778 vind.
1579 2739 1720 2778 κλεινά.

279 2793 312 2825 3.
362 2790 499 2826 Athen.
527 2790 611 2826 XIV
643 2803 678 2838 p.
707 2794 775 2827 628
802 2792 848 2827 F:
881 2788 977 2826 ὅθεν
1010 2790 1075 2825 καὶ
1099 2787 1308 2835 Σωκράτης
1345 2787 1386 2826 ἐν
1424 2794 1504 2830 τοῖς
1540 2788 1723 2836 ποιήμασι

183 2833 272 2878 τοὺς
295 2834 473 2873 κάλλιστα
499 2836 730 2884 χορεύοντας
754 2835 931 2884 ἀρίστους
956 2837 1073 2883 φησὶν
1101 2835 1201 2873 εἶναι
1226 2834 1272 2872 τά
1298 2835 1480 2884 πολέμια,
1511 2836 1630 2884 λέγων
1657 2833 1722 2874 οὕ-

183 2896 270 2925 τως·
298 2882 350 2921 Οἷ
372 2883 414 2921 δὲ
441 2888 516 2922 κτλ.
555 2886 655 2922 Fort.
682 2897 727 2922 ex
752 2885 946 2932 prooemio
971 2884 1011 2919 in
1035 2884 1261 2931 Apollinem.

281 2931 427 2968 Socrati
452 2933 566 2969 etiam
593 2932 813 2969 tribuendos
839 2943 970 2968 censeo
997 2943 1137 2978 vei-sue,
1163 2944 1257 2977 quos
1278 2943 1321 2968 ex
1342 2932 1526 2970 Hei-odico
1546 2932 1721 2970 Crateteo

186 2978 385 3026 descripsit
410 2981 625 3017 Asshenaeus
654 2981 683 3015 V
711 2985 779 3016 219
807 2980 851 3015 C:
