1890 3216
855 889 1054 932 XLVIII.
1649 902 1717 935 667

763 1021 1152 1097 ORATEs

844 1175 1058 1209 ΠΑΙΓΝΙΑ.

804 1255 1100 1315 ΕΑΕΓΕ.ΙΑ.

939 1391 976 1433 1.

260 1494 572 1553 Μνημοσύνης
602 1496 675 1540 καὶ
708 1494 854 1554 Ζηνὸς
883 1495 1122 1555 Ὀλυμπίου
1154 1495 1296 1554 ἀγλαὰ
1329 1497 1481 1552 τέκνα,

322 1570 507 1612 Μοῦσαι
540 1571 769 1626 Πιερίδες,
802 1569 936 1614 κλῦτέ
963 1587 1038 1626 μοι
1071 1566 1314 1628 εὐχομένῳ·

259 1638 423 1696 χόρτον
457 1641 536 1698 ἐμῇ
570 1643 767 1697 συνεχῶς
799 1642 899 1684 δότε
931 1641 1130 1698 γαστέρι,
1163 1638 1238 1697 ἥτε
1271 1657 1346 1697 μοι
1378 1641 1468 1683 αἰεί

319 1709 454 1768 χωρὶς
485 1710 764 1768 δουλοσύνης
795 1710 922 1755 λιτὸν
955 1714 1091 1768 ἔθηκε
1123 1714 1237 1767 βίον.

824 1809 847 1834 ὃς
1054 1807 1079 1834 ἦε

938 1841 961 1865 ἢ(

213 1912 232 1943 5
319 1899 548 1960 ὠφέλιμον
581 1902 630 1946 δὲ
662 1906 831 1959 φίλοις,
865 1901 922 1959 μὴ
956 1900 1175 1958 γλυκερὸν
1206 1902 1365 1945 τίθετε.

259 1971 460 2029 χρήματα
493 1971 534 2017 δ’
572 1972 653 2018 οὐκ
686 1974 827 2018 ἐθέλω
861 1972 1075 2030 συνάγειν
1106 1971 1262 2028 κλυτά,
1294 1971 1529 2030 κανθάρου
1561 1970 1700 2029 ὄλβον

318 2043 549 2102 μύρμηκάς
580 2044 618 2089 τ’
653 2044 821 2102 ἄφενος
852 2044 1053 2103 χρήματα
1085 2043 1347 2101 μαιόμενος,-

259 2114 373 2161 ἀλλὰ
407 2116 698 2174 δικαιοσύνης
729 2117 923 2174 μετέχειν
955 2116 1029 2159 καὶ
1061 2117 1256 2159 πλοῦτον
1289 2113 1463 2171 ἀγινεῖν

319 2185 518 2245 εὔφορον
551 2185 786 2244 εὔκτητον,
818 2191 966 2244 τίμιον
998 2189 1060 2239 είς
1092 2184 1267 2245 ἀρετήν.

189 2271 232 2303 10
258 2261 348 2303 τῶν
381 2258 430 2302 δὲ
461 2257 608 2316 τυχὼν
634 2259 800 2317 Ἑρμῆν
831 2258 905 2302 καὶ
938 2257 1128 2310 Μούσας
1161 2255 1336 2315 ἰλάσομ’
1371 2256 1512 2315 ἁγνάς

319 2328 373 2374 οὐ
407 2329 627 2383 δαπάναις
657 2339 919 2389 τρυφεραῖς,
952 2328 1052 2374 ἀλλ’
1088 2327 1263 2388 ἀρεταῖς
1295 2327 1450 2382 ὁσίαις.

284 2521 453 2557 Crates.
505 2522 672 2566 Παίγνια
698 2520 871 2567 inscripsi
895 2520 963 2556 has
989 2520 1182 2566 reliquias,
1215 2532 1289 2566 quo
1314 2519 1464 2557 nomine
1496 2521 1586 2556 satis
1617 2532 1715 2557 com—

186 2570 295 2605 mode
321 2571 466 2605 veteres
488 2568 612 2604 omnia
638 2568 797 2604 Cratessis
822 2568 1012 2614 poematia
1038 2568 1362 2628 comprehendisse
1388 2568 1577 2611 videntur,
1605 2569 1649 2604 cf.
1669 2568 1714 2605 fr.

189 2622 206 2652 1
236 2619 273 2653 ef,
301 2621 332 2652 7.
366 2637 410 2642 —
443 2617 501 2653 Fr.
537 2621 566 2651 1.
618 2616 748 2651 Iulian.
783 2616 841 2652 Or.
869 2616 921 2651 VI
954 2620 1021 2652 199
1055 2615 1098 2651 C:
1134 2617 1198 2652 ἵνα
1233 2614 1275 2652 δε
1314 2613 1421 2674 μήτις
1457 2613 1629 2665 ὑπολάβῃ
1669 2629 1713 2662 με

186 2665 304 2700 ταῦτα
336 2661 455 2705 αλλως
485 2662 627 2720 λέγειν,
662 2661 703 2699 ἐκ
735 2664 808 2699 τῶν
841 2665 1068 2721 παιγνίων
1100 2662 1336 2709 Κράτητος
1369 2660 1476 2709 ὀλίγα
1511 2662 1568 2699 σοὶ
1593 2677 1714 2708 παρα-
1752 2669 1754 2671 “

186 2710 338 2757 γράψω·
377 2693 684 2758 Μνημοσύνης
721 2712 798 2747 καὶ
837 2709 979 2757 Ζηνὸς
1017 2714 1090 2747 κτλ.
1140 2711 1282 2747 Eadem
1318 2711 1493 2757 leguntur
1525 2710 1614 2746 ibid
1646 2710 1715 2746 VII

187 2764 255 2795 213
283 2760 322 2796 Β.
351 2780 395 2785 -
428 2759 471 2796 V.
501 2764 531 2796 1.
566 2759 618 2795 cf
647 2758 769 2795 Solon.
796 2759 900 2805 Eleg.
936 2763 978 2794 13
1010 2771 1044 2795 v.
1074 2763 1091 2794 1
1126 2770 1226 2818 seffiq.
1261 2779 1303 2784 —
1335 2759 1380 2794 V.
1407 2762 1439 2794 3
1473 2755 1560 2805 ἐμῇ,
1592 2758 1714 2804 pliore

187 2808 270 2843 loco
297 2804 368 2844 αεί.
398 2827 440 2833 —-
468 2807 643 2853 συνεχῶς,
669 2807 786 2842 altero
812 2807 894 2843 loco
921 2807 1070 2852 συνεχῆ.
1094 2827 1142 2833 ·-
1165 2819 1231 2852 ητε
1258 2819 1321 2863 μοι
1346 2805 1423 2842 αἰεὶ
1447 2807 1557 2851 χωρὶς
1582 2807 1711 2842 δουλο-

186 2852 317 2900 σύνης,
349 2855 468 2890 altero
501 2855 600 2890 loco:
633 2854 698 2889 καὶ
729 2851 815 2889 δότε
852 2854 961 2899 χωρὶς
989 2853 1239 2913 δουλοσύνης,
1266 2849 1288 2898 ἣ
1322 2850 1388 2899 δὶ,
1419 2853 1517 2889 unde
1542 2854 1715 2911 Harbung

186 2901 250 2937 καὶ
283 2900 366 2937 δότε
401 2902 510 2947 χωρὶς
543 2899 771 2960 δουλοσύνης
802 2901 896 2937 αἰεὶ
927 2900 1027 2937 λιτὸν
1061 2900 1185 2958 ἔχειν
1220 2901 1353 2949 βι’.οτον
1390 2921 1432 2927 ——
1461 2901 1502 2937 V.
1532 2906 1563 2938 6.
1589 2898 1714 2948 ὄλβον,

189 2949 361 2996 priorel.
389 2954 502 2986 οἱτον
530 2970 574 2975 —-
601 2950 644 2985 V.
671 2954 703 2986 8.
731 2947 890 2996 ἀγινεῖν,
915 2949 1084 2986 alterol
1110 2946 1234 2995 ἀσινῆ.
