1890 3216
213 171 302 214 490
804 149 1156 208 IAMBOGRAPHI.

836 266 838 268 ’
874 281 1082 334 86.[82]

718 365 775 406 Τί
802 379 854 419 με
886 361 1124 432 σκιράφοις
1154 361 1420 417 ἀτιτάλλεις;

874 472 943 515 87.
976 471 1082 526 [50]

307 555 414 606 Πῶς
445 552 564 612 παρὰ
596 555 790 607 Κυψοῦν
824 547 957 610 ἧλθε;

945 664 1014 706 88.

308 742 435 801 Ληόν
471 742 687 802 ἀθρήσας.

839 925 1113 981 *89.[114]

298 1006 437 1066 Ἑρμῆ
470 1008 638 1067 μάκαρ,
673 1007 750 1068 (σὺ
782 1007 888 1066 γὰρ)
921 1007 1016 1052 κατ’
1052 1007 1198 1054 ὕπνον
1232 1008 1357 1063 οἶδας
1389 1009 1636 1068 ἐγρήσσειν.

209 1152 330 1187 minus
361 1153 504 1196 ψηφῖδι
538 1163 622 1187 cum
654 1153 816 1201 δημοσίᾳ
850 1152 1115 1198 coniungatur,
1149 1153 1465 1198 quemadmodum
1497 1153 1588 1188 olim
1620 1153 1745 1189 existi—

209 1200 376 1243 mabam,
403 1199 579 1234 mendum
606 1189 824 1235 delitescere
850 1199 889 1234 in
914 1211 1004 1235 voce
1033 1201 1146 1254 βουλῇ
1174 1203 1294 1244 ratus,
1322 1201 1519 1236 verborum
1546 1201 1745 1241 collocatio

210 1248 351 1283 obstat·
387 1258 508 1292 neque
533 1248 657 1292 ψηφίς
687 1247 781 1282 alias
807 1259 874 1293 pro
900 1248 1030 1303 ψῆφος
1058 1247 1209 1284 dictum
1248 1269 1292 1274 -——
1332 1246 1450 1289 κακὸς
1475 1245 1596 1284 κακὸν
1629 1248 1748 1285 Cobet

210 1295 311 1332 Orat.
339 1295 384 1331 de
417 1297 496 1331 arte
521 1295 646 1340 interp
648 1296 716 1331 ret.
744 1298 830 1339 108,
866 1292 986 1330 κακὸν
1018 1296 1165 1330 tantum
1191 1296 1300 1340 ABP,
1331 1297 1427 1343 κακῇ
1455 1293 1573 1331 κακὸν
1599 1295 1672 1332 VL.
1700 1318 1745 1323 -

208 1340 356 1388 ὄληται,
394 1342 514 1378 Cobet
539 1308 691 1378 ὀλεῖται.
727 1364 767 1368 —
805 1343 848 1378 V.
876 1347 908 1379 4.
947 1343 1060 1399 βουλῇ
1088 1342 1248 1390 δημοσίῃ
1274 1343 1358 1379 vitii
1383 1344 1547 1379 immune
1573 1343 1745 1390 arbitror,

207 1391 292 1427 vide
320 1391 368 1426 ad
394 1403 428 1426 v.
452 1395 483 1426 3.
537 1390 655 1426 Cobet
680 1390 829 1426 videtur
856 1391 970 1438 βουλῇ
1004 1391 1226 1427 eiiciendum
1254 1402 1420 1435 censere,
1454 1391 1554 1436 quod
1587 1402 1662 1427 non
1687 1393 1746 1427 est

207 1438 498 1480 admittendum3
525 1449 645 1483 neque
673 1439 809 1494 βουλῆς
835 1439 900 1474 aut
926 1439 1047 1484 φυλῆς
1073 1440 1213 1493 aptum.
1260 1438 1381 1475 Antea
1408 1439 1616 1485 suspicatus
1641 1450 1744 1475 eram

209 1486 270 1522 hic
296 1486 514 1522 delitesceie
541 1486 663 1532 ipsum
688 1485 850 1522 hominis
871 1498 1007 1522 nomen
1028 1486 1161 1527 Βοῦλις
1181 1487 1259 1521 sive
1280 1487 1423 1531 Βουλῆς
1443 1487 1480 1531 (i.
1502 1499 1532 1523 e
1555 1484 1744 1533 Βουλέας).

207 1534 379 1580 Hartung
400 1533 555 1581 βληθεὶς
579 1534 749 1580 scripsit,
776 1534 821 1570 de
848 1534 998 1570 homine
1024 1534 1213 1580 lapidibus
1240 1535 1372 1570 obruto
1398 1534 1677 1580 interpretatus.
1701 1555 1743 1562 —-

208 1563 385 1628 ὃημοσίγῗ,
414 1582 440 1616 Β
468 1583 641 1627 δημοσία.

302 1630 361 1665 Fr.
389 1634 446 1666 86.
497 1630 600 1665 Eust.
629 1629 695 1665 Od.
726 1634 828 1675 1397,
855 1634 918 1665 26:
956 1626 995 1673 ἐξ
1030 1643 1083 1665 ων
1115 1629 1180 1665 καὶ
1211 1627 1335 1665 πάντα
1367 1627 1413 1665 τὰ
1446 1626 1744 1688 πανουργήματα
1778 1632 1783 1641 ‘

207 1676 271 1712 διὰ
298 1675 367 1722 τὴν
393 1675 434 1713 ἐν
461 1679 698 1723 σκιραφείοις
723 1675 971 1726 ρᾳδιουργίαν
1006 1679 1185 1723 σκίραφοι
1217 1675 1439 1714 ἐκαλοῦντο·
1473 1675 1676 1721 Ιππῶναξ·
1709 1679 1749 1713 τί

235 1739 250 1761 ἓ
280 1737 338 1760 σκι
400 1739 458 1761 αῖ.

207 1738 231 1771 μ
303 1739 373 1808 Ff
384 1776 440 1808 87.
479 1773 583 1808 Hort.
606 1772 764 1808 Adonid
786 1785 820 1830 P.
843 1774 970 1809 268Β·
998 1771 1037 1808 οἷ
1053 1771 1095 1808 δὲ
1115 1770 1242 1813 Ἴωνες
1267 1770 1387 1829 αὐτὴν
1406 1772 1461 1814 εἰς
1480 1786 1548 1808 ουν
1575 1770 1743 1830 ἐποίουν,

207 1821 399 1878 Σαπφοῦν
424 1819 489 1855 καὶ
514 1820 664 1866 Λητοῦν
691 1848 698 1855 .
721 1848 727 1855 .
751 1848 758 1855 .
787 1822 924 1866 ομοιως
949 1820 1014 1855 καὶ
1039 1818 1142 1863 παρὰ
1164 1817 1407 1855 Ιππώνακτι·
1434 1821 1513 1861 πῶς
1537 1817 1641 1866 παρὰ
1667 1823 1740 1856 Κυ-

207 1869 310 1913 ψοῦν
336 1862 443 1911 ἦλθε.
495 1868 687 1913 corrigunt
711 1869 938 1912 Καλυψοῦν,
965 1868 1029 1903 sed
1056 1864 1176 1912 Κυψω
1202 1867 1351 1903 videtur
1375 1867 1581 1903 meretricis
1605 1879 1743 1903 nomen

206 1927 297 1951 esse.
342 1915 414 1950 Pro
440 1916 519 1955 πῶς
543 1916 736 1960 exspectes
763 1916 853 1960 κῶς,
880 1915 927 1952 cf.
954 1915 1073 1951 Cram.
1099 1915 1168 1950 An
1198 1916 1262 1950 Ox.
1285 1916 1388 1950 1247
1415 1915 1479 1950 ubi
1505 1915 1580 1956 κῶς
1603 1915 1741 1951 adscri-

205 1963 308 1999 bitur
326 1963 527 1999 recentiori
545 1963 626 1998 Iadi
653 1960 764 2008 (κατὰ
785 1962 871 2004 τοὺς
891 1962 1231 2009 μεταγενεστέρους
1248 1959 1393 2008 Ἴωνας)
1419 1962 1549 1998 addito
1569 1963 1740 2009 exemplo

205 2011 279 2052 κῶς
305 2009 347 2046 δὲ
374 2011 485 2054 θεαίς
512 2011 611 2055 quod
637 2010 722 2046 fort.
749 2011 1000 2056 Hipponactis
1025 2012 1091 2046 est.

297 2059 356 2094 Fr.
383 2063 438 2094 88.
486 2058 650 2094 Gramm.
678 2058 797 2094 Cram
824 2059 892 2094 An.
921 2058 985 2094 Ox.
1013 2058 1030 2092 Ι
1054 2062 1133 2102 265,
1155 2062 1194 2093 6:
1221 2054 1262 2093 τὸ
1289 2055 1379 2098 λαὸς
1404 2054 1589 2116 ἄτρεπτος
1615 2056 1740 2115 ἔμεινε

205 2105 296 2150 παρ’
328 2103 492 2152 Ὁμήρῳ,
531 2106 656 2141 καίτοι
690 2107 732 2153 τῇ
767 2104 1064 2155 μεταγενεστέρα
1094 2103 1186 2141 Ἰάδι
1214 2104 1374 2163 τραπὲν·
1412 2103 1516 2150 Ληὸν
1555 2102 1740 2151 ἀθρήσας.

199 2151 399 2196 Ιππώναξ.
439 2153 564 2189 Possis
590 2154 637 2189 ad
663 2152 808 2189 iambos
834 2165 1025 2198 revocare,
1053 2154 1084 2189 si
1103 2151 1206 2198 Ληὸν
1231 2150 1268 2188 δ’
1298 2153 1500 2199 scripseris.
1541 2153 1740 2189 Schneide-

207 2201 278 2237 win
306 2202 400 2237 coni
428 2198 625 2246 αθροίσ.ας

300 2249 358 2284 Fr.
379 2253 436 2285 89.
475 2248 621 2284 Plotius
641 2252 727 2284 275:
755 2249 1055 2294 „Tetrametrum
1075 2249 1225 2284 clodum
1242 2248 1621 2305 brachycatalectum,
1641 2249 1742 2306 quod
1778 2267 1785 2272 -

205 2300 244 2332 et
277 2293 479 2354 ἐπισκάζον
510 2297 723 2356 trimetrum
754 2277 927 2340 'v'ocatur‚
963 2297 1005 2331 fit
1036 2297 1106 2332 hoc
1138 2296 1249 2331 modo
1274 2317 1321 2322 -
1341 2292 1458 2341 Ερμῆ
1492 2293 1741 2341 μακάταθᾎ

205 2340 254 2384 ὃς
279 2340 375 2379 καθ’
398 2341 520 2379 ’ὕπνον
540 2342 647 2385 οἶδας
667 2341 887 2389 ἐκρήσσειν“
891 2373 900 2389 ,
926 2344 982 2379 ita
1000 2343 1199 2379 Putschius
1225 2355 1270 2379 ex
1292 2343 1515 2385 coniectura,
1540 2355 1628 2379 nam
1653 2325 1741 2379 libri

204 2405 330 2437 μακαρ
368 2391 566 2436 exhihent,
603 2393 635 2426 A
673 2390 1739 2437 ΘΡΜΗΜΑΚΑΡΚΑΘΤΠΝΟΝΟΙΔΛΟΘΤΡΗΟΟΕΙΝ,

204 2441 234 2474 Β
261 2438 1085 2475 ΘΡΜΘΜΑΚΑΡΚΑΤΙΙΤΝΟΝΟΙΔΛΟΘΤ
1102 2438 1325 2474 ΡΗΟΟΘΝΙ
1350 2438 1535 2483 (Gaisford
1559 2450 1642 2474 cum
1663 2419 1740 2474 alisi

204 2497 399 2533 perperam
425 2488 596 2531 testatur,
621 2488 703 2522 tum
723 2489 960 2522 MAKAKAP
973 2486 1029 2522 -de
1053 2486 1126 2522 hoc
1151 2486 1272 2531 libro).
1313 2486 1498 2521 Germana
1523 2486 1639 2532 igitur
1658 2497 1738 2522 ver-

204 2547 265 2570 sus
292 2534 436 2580 species
461 2534 550 2570 fuit:

413 2591 530 2640 Ἑρμῆ
557 2591 703 2640 μάκαρ,
729 2591 816 2629 κατ’
843 2607 966 2630 υπνον
993 2591 1100 2634 οἶδας
1125 2590 1333 2639 ἔγρήσσειν.

204 2653 269 2688 sed
293 2654 561 2710 grammaticus
587 2652 675 2688 inde
701 2653 870 2689 edolavit
893 2654 1156 2689 tetrametrum
1190 2653 1331 2698 brachy
1333 2653 1574 2696 catalectum,
1608 2652 1737 2698 itaque

204 2698 248 2736 σύ
283 2699 354 2746 γὰρ
388 2702 539 2737 auctore
571 2701 760 2736 Meinekio
791 2701 949 2757 inserui,
969 2702 1106 2760 atque
1139 2700 1195 2736 ita
1225 2699 1397 2758 Hartung
1428 2700 1641 2756 dispescens
1672 2700 1737 2735 ille

205 2748 382 2806 quidem
380 2778 388 2785 .
404 2746 592 2804 ..Ερμῆ
616 2750 622 2794 Ι
644 2761 769 2794 μακαρ
790 2760 834 2783 συ
856 2762 888 2794 γ.
909 2762 943 2784 κ.
963 2744 998 2783 ῧ.
1020 2753 1065 2784 οἱ.
1088 2746 1166 2805 ε’γρ.
1201 2746 1372 2783 Meineke
1396 2748 1503 2804 Ερμῆ
1529 2744 1670 2800 μάκαρ,
1692 2745 1737 2782 τὺ

204 2809 276 2840 γαρ
297 2793 382 2831 κατ’
404 2791 528 2831 ὕπνον
549 2795 656 2837 οἶδας
676 2793 883 2841 ἐγρήσσειν,
902 2796 962 2832 vel
977 2794 1095 2854 Ερμῆ
1116 2793 1259 2851 μάκαρ,
1273 2792 1317 2830 τὺ
1337 2808 1409 2840 γαρ
1423 2808 1615 2830 κατυπνον
1630 2792 1737 2836 οἶδας

207 2841 445 2888 ἐκπρήσσειν.
492 2844 608 2879 Brink
632 2843 843 2879 trimetrum
869 2844 1034 2879 restituit
1053 2841 1129 2888 Ερ.
1098 2856 1185 2889 ρ.μ
1211 2855 1405 2878 κατυπνον
1431 2840 1477 2878 οἷ.
1499 2839 1735 2888 ἐκπρησσειν,

204 2890 295 2925 item
321 2891 420 2934 Keil,
447 2891 486 2926 id
514 2891 613 2936 quod
638 2891 876 2937 grammatici
901 2891 1056 2927 consilio
1083 2891 1310 2926 adversatur.
1340 2911 1379 2915 —-
1414 2890 1735 2933 Quemadmodum

205 2948 251 2972 ex
281 2938 451 2974 trimetro
483 2939 742 2984 Hipponacteo
773 2938 1042 2985 grammaticus
1072 2938 1172 2974 hunc
1203 2949 1352 2974 versum
1384 2937 1648 2983 conformavit,
1680 2937 1736 2973 ita
