<?xml version="1.0" encoding="UTF-8"?>
<!DOCTYPE html PUBLIC "-//W3C//DTD XHTML 1.0 Transitional//EN"
    "http://www.w3.org/TR/xhtml1/DTD/xhtml1-transitional.dtd">
<html xmlns="http://www.w3.org/1999/xhtml" xml:lang="en" lang="en">
 <head>
  <title>
</title>
<meta http-equiv="Content-Type" content="text/html;charset=utf-8" />
  <meta name='ocr-system' content='tesseract 3.04.00' />
  <meta name='ocr-capabilities' content='ocr_page ocr_carea ocr_par ocr_line ocrx_word'/>
</head>
<body>
  <div class='ocr_page' id='page_1' title='image "./poetaelyricigrae02berguoft_0223.png"; bbox 0 0 1890 3216; ppageno 0'>
   <div class='ocr_carea' id='block_1_1' title="bbox 835 160 1738 203">
    <p class='ocr_par' dir='ltr' id='par_1_1' title="bbox 835 160 1738 203">
     <span class='ocr_line' id='line_1_1' title="bbox 835 160 1738 203; baseline 0.008 -7"><span class='ocrx_word' id='word_1_1' title='bbox 835 160 1096 198; x_wconf 82' lang='lat' dir='ltr'><strong>THEOGNIS.</strong></span> <span class='ocrx_word' id='word_1_2' title='bbox 1650 161 1738 203; x_wconf 82' lang='grc'>213</span> 
     </span>
    </p>
   </div>
   <div class='ocr_carea' id='block_1_2' title="bbox 313 267 1618 401">
    <p class='ocr_par' dir='ltr' id='par_1_2' title="bbox 313 267 1618 401">
     <span class='ocr_line' id='line_1_2' title="bbox 313 267 1618 328; baseline -0.001 -12"><span class='ocrx_word' id='word_1_3' title='bbox 313 269 549 328; x_wconf 74' lang='grc' dir='ltr'><strong><em>γινώσκων</em></strong></span> <span class='ocrx_word' id='word_1_4' title='bbox 581 269 776 327; x_wconf 83' lang='grc' dir='ltr'><strong><em>χαλεπὸν</em></strong></span> <span class='ocrx_word' id='word_1_5' title='bbox 808 272 912 328; x_wconf 89' lang='grc' dir='ltr'><strong><em>μέν,</em></strong></span> <span class='ocrx_word' id='word_1_6' title='bbox 945 267 1054 315; x_wconf 79' lang='grc' dir='ltr'><strong><em>ὅταν</em></strong></span> <span class='ocrx_word' id='word_1_7' title='bbox 1086 273 1217 327; x_wconf 84' lang='grc' dir='ltr'><em>φίλος</em></span> <span class='ocrx_word' id='word_1_8' title='bbox 1249 270 1383 328; x_wconf 79' lang='grc' dir='ltr'><strong><em>ἀνδρὶ</em></strong></span> <span class='ocrx_word' id='word_1_9' title='bbox 1414 270 1618 328; x_wconf 81' lang='grc' dir='ltr'><strong><em>γένηται,</em></strong></span> 
     </span>
     <span class='ocr_line' id='line_1_3' title="bbox 371 340 1489 401; baseline 0 -14"><span class='ocrx_word' id='word_1_10' title='bbox 371 343 622 401; x_wconf 82' lang='grc' dir='ltr'><strong><em>ἐχθαίρειν,</em></strong></span> <span class='ocrx_word' id='word_1_11' title='bbox 655 341 849 401; x_wconf 85' lang='grc' dir='ltr'><strong><em>χαλεπὸν</em></strong></span> <span class='ocrx_word' id='word_1_12' title='bbox 881 340 923 387; x_wconf 81' lang='grc' dir='ltr'>δ’</span> <span class='ocrx_word' id='word_1_13' title='bbox 961 340 1042 387; x_wconf 86' lang='grc' dir='ltr'>οὐκ</span> <span class='ocrx_word' id='word_1_14' title='bbox 1076 342 1294 388; x_wconf 81' lang='grc' dir='ltr'><strong><em>ἐθέλοντα</em></strong></span> <span class='ocrx_word' id='word_1_15' title='bbox 1325 347 1489 400; x_wconf 80' lang='grc' dir='ltr'><em>φιλεῖν.</em></span> 
     </span>
    </p>
   </div>
   <div class='ocr_carea' id='block_1_3' title="bbox 193 460 1597 593">
    <p class='ocr_par' dir='ltr' id='par_1_3' title="bbox 193 460 1597 593">
     <span class='ocr_line' id='line_1_4' title="bbox 193 460 1597 521; baseline 0 -14"><span class='ocrx_word' id='word_1_16' title='bbox 193 474 284 508; x_wconf 84' lang='grc'>1095</span> <span class='ocrx_word' id='word_1_17' title='bbox 311 463 509 507; x_wconf 87' lang='grc' dir='ltr'><strong><em>Σκέπτεο</em></strong></span> <span class='ocrx_word' id='word_1_18' title='bbox 542 461 599 520; x_wconf 80' lang='grc' dir='ltr'>δὴ</span> <span class='ocrx_word' id='word_1_19' title='bbox 631 466 719 508; x_wconf 87' lang='grc' dir='ltr'>νῦν</span> <span class='ocrx_word' id='word_1_20' title='bbox 751 461 912 518; x_wconf 76' lang='grc' dir='ltr'><strong><em>ἄλλον,</em></strong></span> <span class='ocrx_word' id='word_1_21' title='bbox 945 463 1047 519; x_wconf 84' lang='grc' dir='ltr'><strong><em>ἐμοί</em></strong></span> <span class='ocrx_word' id='word_1_22' title='bbox 1075 480 1124 520; x_wconf 80' lang='grc' dir='ltr'>γε</span> <span class='ocrx_word' id='word_1_23' title='bbox 1156 462 1238 520; x_wconf 75' lang='grc' dir='ltr'>μὲν</span> <span class='ocrx_word' id='word_1_24' title='bbox 1271 461 1394 516; x_wconf 77' lang='grc' dir='ltr'><strong><em>οὔτις</em></strong></span> <span class='ocrx_word' id='word_1_25' title='bbox 1425 460 1597 521; x_wconf 80' lang='grc' dir='ltr'><strong><em>ἀνάγκη</em></strong></span> 
     </span>
     <span class='ocr_line' id='line_1_5' title="bbox 367 532 1508 593; baseline 0.001 -14"><span class='ocrx_word' id='word_1_26' title='bbox 367 532 503 580; x_wconf 84' lang='grc' dir='ltr'><strong><em>τοῦθ’</em></strong></span> <span class='ocrx_word' id='word_1_27' title='bbox 538 535 706 593; x_wconf 80' lang='grc' dir='ltr'><strong><em>ἕρδειν·</em></strong></span> <span class='ocrx_word' id='word_1_28' title='bbox 737 537 828 580; x_wconf 77' lang='grc' dir='ltr'>τῶν</span> <span class='ocrx_word' id='word_1_29' title='bbox 859 551 936 592; x_wconf 92' lang='grc' dir='ltr'>μοι</span> <span class='ocrx_word' id='word_1_30' title='bbox 967 533 1144 590; x_wconf 79' lang='grc' dir='ltr'><strong><em>πρόσθε</em></strong></span> <span class='ocrx_word' id='word_1_31' title='bbox 1175 533 1308 592; x_wconf 80' lang='grc' dir='ltr'><strong><em>χάριν</em></strong></span> <span class='ocrx_word' id='word_1_32' title='bbox 1339 538 1508 580; x_wconf 81' lang='grc' dir='ltr'><strong><em>τίθεσο.</em></strong></span> 
     </span>
    </p>
   </div>
   <div class='ocr_carea' id='block_1_4' title="bbox 190 664 1734 941">
    <p class='ocr_par' dir='ltr' id='par_1_4' title="bbox 190 664 1734 941">
     <span class='ocr_line' id='line_1_6' title="bbox 297 664 1501 725; baseline -0.001 -13"><span class='ocrx_word' id='word_1_33' title='bbox 297 666 414 725; x_wconf 57' lang='lat' dir='ltr'>”Han</span> <span class='ocrx_word' id='word_1_34' title='bbox 447 667 522 712; x_wconf 85' lang='grc' dir='ltr'>καὶ</span> <span class='ocrx_word' id='word_1_35' title='bbox 553 666 849 725; x_wconf 81' lang='grc' dir='ltr'><strong><em>πτερύγεσσιν</em></strong></span> <span class='ocrx_word' id='word_1_36' title='bbox 880 667 1119 725; x_wconf 77' lang='grc' dir='ltr'><strong><em>ἐπαίρομαι</em></strong></span> <span class='ocrx_word' id='word_1_37' title='bbox 1151 664 1265 712; x_wconf 71' lang='grc' dir='ltr'><strong><em>ὥστε</em></strong></span> <span class='ocrx_word' id='word_1_38' title='bbox 1296 666 1501 712; x_wconf 84' lang='grc' dir='ltr'><strong><em>πετεινόν</em></strong></span> 
     </span>
     <span class='ocr_line' id='line_1_7' title="bbox 366 737 1734 798; baseline 0 -14"><span class='ocrx_word' id='word_1_39' title='bbox 366 740 414 784; x_wconf 84' lang='grc' dir='ltr'>ἐκ</span> <span class='ocrx_word' id='word_1_40' title='bbox 446 743 606 798; x_wconf 86' lang='grc' dir='ltr'><strong><em>λίμνης</em></strong></span> <span class='ocrx_word' id='word_1_41' title='bbox 636 738 849 797; x_wconf 79' lang='grc' dir='ltr'><strong><em>μεγάλης,</em></strong></span> <span class='ocrx_word' id='word_1_42' title='bbox 880 737 1027 796; x_wconf 76' lang='grc' dir='ltr'><strong><em>ἄνδρα</em></strong></span> <span class='ocrx_word' id='word_1_43' title='bbox 1059 737 1200 783; x_wconf 80' lang='grc' dir='ltr'><strong><em>κακὸν</em></strong></span> <span class='ocrx_word' id='word_1_44' title='bbox 1230 738 1494 797; x_wconf 76' lang='grc' dir='ltr'><strong><em>προφυγών,</em></strong></span> <span class='ocrx_word' id='word_1_45' title='bbox 1665 752 1734 784; x_wconf 81' lang='lat'>552</span> 
     </span>
     <span class='ocr_line' id='line_1_8' title="bbox 304 808 1625 870; baseline 0 -14"><span class='ocrx_word' id='word_1_46' title='bbox 304 810 498 870; x_wconf 81' lang='grc' dir='ltr'><strong><em>βρόκχον</em></strong></span> <span class='ocrx_word' id='word_1_47' title='bbox 529 809 801 869; x_wconf 80' lang='grc' dir='ltr'><strong><em>ἀπορρήξας·</em></strong></span> <span class='ocrx_word' id='word_1_48' title='bbox 833 808 892 855; x_wconf 82' lang='grc' dir='ltr'>σὺ</span> <span class='ocrx_word' id='word_1_49' title='bbox 924 808 965 854; x_wconf 82' lang='grc' dir='ltr'>δ’</span> <span class='ocrx_word' id='word_1_50' title='bbox 1002 811 1109 867; x_wconf 84' lang='grc' dir='ltr'><strong><em>ἐμῆς</em></strong></span> <span class='ocrx_word' id='word_1_51' title='bbox 1141 809 1382 867; x_wconf 78' lang='grc' dir='ltr'><strong><em>φιλότητος</em></strong></span> <span class='ocrx_word' id='word_1_52' title='bbox 1412 809 1625 869; x_wconf 79' lang='grc' dir='ltr'><strong><em>ἁμαρτών</em></strong></span> 
     </span>
     <span class='ocr_line' id='line_1_9' title="bbox 190 881 1348 941; baseline -0.003 -12"><span class='ocrx_word' id='word_1_53' title='bbox 190 892 281 929; x_wconf 89' lang='grc'>1100</span> <span class='ocrx_word' id='word_1_54' title='bbox 366 882 557 941; x_wconf 81' lang='grc' dir='ltr'><strong><em>ὕστερον</em></strong></span> <span class='ocrx_word' id='word_1_55' title='bbox 587 881 806 940; x_wconf 81' lang='grc' dir='ltr'><strong><em>ἡμετέρην</em></strong></span> <span class='ocrx_word' id='word_1_56' title='bbox 836 881 991 940; x_wconf 79' lang='grc' dir='ltr'><strong><em>γνώσῃ</em></strong></span> <span class='ocrx_word' id='word_1_57' title='bbox 1023 881 1348 939; x_wconf 83' lang='grc' dir='ltr'><strong><em>ἐπιφροσύνην.</em></strong></span> 
     </span>
    </p>
   </div>
   <div class='ocr_carea' id='block_1_5' title="bbox 184 1023 1733 1178">
    <p class='ocr_par' dir='ltr' id='par_1_5' title="bbox 184 1023 1733 1169">
     <span class='ocr_line' id='line_1_10' title="bbox 279 1023 1731 1073; baseline 0.001 -11"><span class='ocrx_word' id='word_1_58' title='bbox 279 1026 323 1063; x_wconf 91' lang='lat' dir='ltr'>V.</span> <span class='ocrx_word' id='word_1_59' title='bbox 354 1030 459 1062; x_wconf 89' lang='grc'><strong>1093.</strong></span> <span class='ocrx_word' id='word_1_60' title='bbox 491 1024 686 1072; x_wconf 73' lang='grc' dir='ltr'><strong><em>γινώσκων</em></strong></span> <span class='ocrx_word' id='word_1_61' title='bbox 713 1025 762 1069; x_wconf 93' lang='lat' dir='ltr'>O,</span> <span class='ocrx_word' id='word_1_62' title='bbox 795 1025 861 1061; x_wconf 86' lang='lat' dir='ltr'>sed</span> <span class='ocrx_word' id='word_1_63' title='bbox 885 1024 920 1060; x_wconf 90' lang='lat' dir='ltr'>A</span> <span class='ocrx_word' id='word_1_64' title='bbox 944 1037 1135 1071; x_wconf 85' lang='grc' dir='ltr'><strong><em>γινωσκω,</em></strong></span> <span class='ocrx_word' id='word_1_65' title='bbox 1166 1037 1193 1071; x_wconf 88' lang='lat' dir='ltr'>g</span> <span class='ocrx_word' id='word_1_66' title='bbox 1217 1023 1424 1071; x_wconf 79' lang='grc' dir='ltr'><strong><em>γιγνώσκω,</em></strong></span> <span class='ocrx_word' id='word_1_67' title='bbox 1455 1026 1571 1073; x_wconf 87' lang='lat' dir='ltr'>vulgo</span> <span class='ocrx_word' id='word_1_68' title='bbox 1598 1025 1731 1073; x_wconf 79' lang='grc' dir='ltr'><strong><em>γιγνώ-</em></strong></span> 
     </span>
     <span class='ocr_line' id='line_1_11' title="bbox 184 1070 1733 1128; baseline 0 -17"><span class='ocrx_word' id='word_1_69' title='bbox 184 1087 296 1111; x_wconf 85' lang='grc' dir='ltr'><strong><em>σκων.</em></strong></span> <span class='ocrx_word' id='word_1_70' title='bbox 323 1095 368 1101; x_wconf 89' lang='lat'>-—</span> <span class='ocrx_word' id='word_1_71' title='bbox 401 1072 471 1121; x_wconf 79' lang='grc' dir='ltr'>μὲν</span> <span class='ocrx_word' id='word_1_72' title='bbox 504 1084 623 1119; x_wconf 89' lang='lat' dir='ltr'>usque</span> <span class='ocrx_word' id='word_1_73' title='bbox 655 1073 704 1109; x_wconf 88' lang='lat' dir='ltr'>ad</span> <span class='ocrx_word' id='word_1_74' title='bbox 734 1070 901 1119; x_wconf 82' lang='grc' dir='ltr'><strong><em>χαλεπὸν</em></strong></span> <span class='ocrx_word' id='word_1_75' title='bbox 934 1085 1005 1110; x_wconf 93' lang='lat' dir='ltr'>om.</span> <span class='ocrx_word' id='word_1_76' title='bbox 1033 1086 1073 1128; x_wconf 75' lang='lat' dir='ltr'>g:</span> <span class='ocrx_word' id='word_1_77' title='bbox 1103 1095 1149 1099; x_wconf 92' lang='lat'><em>-</em></span> <span class='ocrx_word' id='word_1_78' title='bbox 1182 1073 1224 1110; x_wconf 91' lang='lat' dir='ltr'>V.</span> <span class='ocrx_word' id='word_1_79' title='bbox 1254 1077 1419 1110; x_wconf 83' lang='lat'>1095—6</span> <span class='ocrx_word' id='word_1_80' title='bbox 1450 1086 1474 1110; x_wconf 89' lang='lat' dir='ltr'>a</span> <span class='ocrx_word' id='word_1_81' title='bbox 1504 1077 1733 1121; x_wconf 77' lang='lat' dir='ltr'>praegressis</span> 
     </span>
     <span class='ocr_line' id='line_1_12' title="bbox 187 1121 1729 1178; baseline 0.001 -20"><span class='ocrx_word' id='word_1_82' title='bbox 187 1122 379 1169; x_wconf 85' lang='lat' dir='ltr'>separavi,</span> <span class='ocrx_word' id='word_1_83' title='bbox 418 1121 596 1158; x_wconf 89' lang='lat' dir='ltr'>Welcker</span> <span class='ocrx_word' id='word_1_84' title='bbox 634 1133 717 1157; x_wconf 90' lang='lat' dir='ltr'>cum</span> <span class='ocrx_word' id='word_1_85' title='bbox 741 1132 861 1178; x_wconf 89' lang='lat' dir='ltr'>seqq</span> <span class='ocrx_word' id='word_1_86' title='bbox 897 1121 1110 1168; x_wconf 87' lang='lat' dir='ltr'>coniungit,</span> <span class='ocrx_word' id='word_1_87' title='bbox 1149 1121 1250 1167; x_wconf 87' lang='lat' dir='ltr'>quod</span> <span class='ocrx_word' id='word_1_88' title='bbox 1287 1122 1465 1167; x_wconf 89' lang='lat' dir='ltr'>probavit</span> <span class='ocrx_word' id='word_1_89' title='bbox 1509 1122 1729 1160; x_wconf 84' lang='lat' dir='ltr'>Heimsoeth</span> 
     </span>
    </p>
   </div>
   <div class='ocr_carea' id='block_1_6' title="bbox 116 1164 1729 1228">
    <p class='ocr_par' dir='ltr' id='par_1_6' title="bbox 116 1164 1729 1228">
     <span class='ocr_line' id='line_1_13' title="bbox 116 1164 1729 1228; baseline 0.001 -22"><span class='ocrx_word' id='word_1_90' title='bbox 116 1210 120 1215; x_wconf 55' lang='grc'><strong><em>,</em></strong></span> <span class='ocrx_word' id='word_1_91' title='bbox 184 1170 376 1216; x_wconf 85' lang='lat' dir='ltr'>corrigens</span> <span class='ocrx_word' id='word_1_92' title='bbox 403 1164 498 1206; x_wconf 82' lang='grc' dir='ltr'><strong><em>αὖθ’</em></strong></span> <span class='ocrx_word' id='word_1_93' title='bbox 529 1168 674 1225; x_wconf 80' lang='grc' dir='ltr'><strong><em>ερδειν,</em></strong></span> <span class='ocrx_word' id='word_1_94' title='bbox 708 1169 783 1205; x_wconf 77' lang='grc' dir='ltr'>τῶν</span> <span class='ocrx_word' id='word_1_95' title='bbox 816 1166 866 1215; x_wconf 90' lang='grc' dir='ltr'><strong><em>μὴ</em></strong></span> <span class='ocrx_word' id='word_1_96' title='bbox 898 1182 936 1206; x_wconf 84' lang='grc' dir='ltr'>π.</span> <span class='ocrx_word' id='word_1_97' title='bbox 964 1183 995 1215; x_wconf 82' lang='grc' dir='ltr'>χ.</span> <span class='ocrx_word' id='word_1_98' title='bbox 1022 1183 1051 1206; x_wconf 86' lang='grc' dir='ltr'>τ.</span> <span class='ocrx_word' id='word_1_99' title='bbox 1103 1170 1185 1206; x_wconf 85' lang='grc' dir='ltr'>Ηοο</span> <span class='ocrx_word' id='word_1_100' title='bbox 1220 1169 1407 1206; x_wconf 71' lang='lat' dir='ltr'>distichon</span> <span class='ocrx_word' id='word_1_101' title='bbox 1441 1170 1539 1206; x_wconf 87' lang='lat' dir='ltr'>infra</span> <span class='ocrx_word' id='word_1_102' title='bbox 1573 1173 1660 1228; x_wconf 87' lang='lat' dir='ltr'>post</span> <span class='ocrx_word' id='word_1_103' title='bbox 1695 1183 1729 1207; x_wconf 85' lang='lat' dir='ltr'><strong>v.</strong></span> 
     </span>
    </p>
   </div>
   <div class='ocr_carea' id='block_1_7' title="bbox 180 1214 1732 1455">
    <p class='ocr_par' dir='ltr' id='par_1_7' title="bbox 180 1214 1732 1455">
     <span class='ocr_line' id='line_1_14' title="bbox 185 1214 1732 1278; baseline 0.001 -24"><span class='ocrx_word' id='word_1_104' title='bbox 185 1222 283 1254; x_wconf 87' lang='grc'>1160</span> <span class='ocrx_word' id='word_1_105' title='bbox 309 1230 394 1254; x_wconf 89' lang='lat' dir='ltr'>cum</span> <span class='ocrx_word' id='word_1_106' title='bbox 431 1217 571 1264; x_wconf 85' lang='lat' dir='ltr'>insigni</span> <span class='ocrx_word' id='word_1_107' title='bbox 603 1217 777 1254; x_wconf 88' lang='lat' dir='ltr'>lectionis</span> <span class='ocrx_word' id='word_1_108' title='bbox 808 1217 992 1253; x_wconf 85' lang='lat' dir='ltr'>varietate</span> <span class='ocrx_word' id='word_1_109' title='bbox 1025 1219 1201 1264; x_wconf 87' lang='lat' dir='ltr'>repetunt</span> <span class='ocrx_word' id='word_1_110' title='bbox 1221 1217 1538 1278; x_wconf 86' lang='lat' dir='ltr'>AObdefghlmn:</span> <span class='ocrx_word' id='word_1_111' title='bbox 1571 1214 1599 1254; x_wconf 80' lang='grc' dir='ltr'><em>ὦ</em></span> <span class='ocrx_word' id='word_1_112' title='bbox 1631 1218 1732 1257; x_wconf 86' lang='grc' dir='ltr'><strong><em>νέοι</em></strong></span> 
     </span>
     <span class='ocr_line' id='line_1_15' title="bbox 183 1262 1728 1325; baseline 0.001 -22"><span class='ocrx_word' id='word_1_113' title='bbox 183 1265 230 1303; x_wconf 82' lang='grc' dir='ltr'>οἷ</span> <span class='ocrx_word' id='word_1_114' title='bbox 258 1266 343 1302; x_wconf 78' lang='grc' dir='ltr'>νῦν</span> <span class='ocrx_word' id='word_1_115' title='bbox 376 1262 493 1324; x_wconf 76' lang='grc' dir='ltr'><strong><em>ἅνὸρ</em></strong></span> <span class='ocrx_word' id='word_1_116' title='bbox 503 1279 548 1307; x_wconf 85' lang='grc' dir='ltr'><strong><em>ες</em></strong></span> <span class='ocrx_word' id='word_1_117' title='bbox 580 1264 626 1312; x_wconf 88' lang='lat' dir='ltr'>(A</span> <span class='ocrx_word' id='word_1_118' title='bbox 659 1280 687 1301; x_wconf 86' lang='grc' dir='ltr'><strong>ω</strong></span> <span class='ocrx_word' id='word_1_119' title='bbox 718 1278 817 1301; x_wconf 84' lang='grc' dir='ltr'><strong><em>νεοι·</em></strong></span> <span class='ocrx_word' id='word_1_120' title='bbox 851 1263 890 1300; x_wconf 82' lang='grc' dir='ltr'>οἷ</span> <span class='ocrx_word' id='word_1_121' title='bbox 919 1266 990 1301; x_wconf 79' lang='grc' dir='ltr'>νῦν</span> <span class='ocrx_word' id='word_1_122' title='bbox 1022 1267 1175 1323; x_wconf 79' lang='grc' dir='ltr'><strong><em>ανδρες)</em></strong></span> <span class='ocrx_word' id='word_1_123' title='bbox 1214 1263 1303 1311; x_wconf 88' lang='grc' dir='ltr'><strong><em>ε’μοί</em></strong></span> <span class='ocrx_word' id='word_1_124' title='bbox 1329 1279 1370 1311; x_wconf 82' lang='grc' dir='ltr'>γε</span> <span class='ocrx_word' id='word_1_125' title='bbox 1407 1265 1462 1325; x_wconf 90' lang='grc' dir='ltr'>(Α</span> <span class='ocrx_word' id='word_1_126' title='bbox 1486 1279 1571 1312; x_wconf 86' lang='grc' dir='ltr'><strong><em>εμοι</em></strong></span> <span class='ocrx_word' id='word_1_127' title='bbox 1601 1280 1662 1312; x_wconf 82' lang='grc' dir='ltr'><strong><em>γε,</em></strong></span> <span class='ocrx_word' id='word_1_128' title='bbox 1699 1268 1728 1304; x_wconf 93' lang='grc' dir='ltr'>Ο</span> 
     </span>
     <span class='ocr_line' id='line_1_16' title="bbox 183 1310 1729 1361; baseline 0.001 -10"><span class='ocrx_word' id='word_1_129' title='bbox 183 1313 326 1361; x_wconf 76' lang='grc' dir='ltr'><strong><em>ἔμοιγε)</em></strong></span> <span class='ocrx_word' id='word_1_130' title='bbox 353 1327 388 1361; x_wconf 92' lang='grc' dir='ltr'>μ.</span> <span class='ocrx_word' id='word_1_131' title='bbox 416 1311 472 1351; x_wconf 79' lang='grc' dir='ltr'>οὔ.</span> <span class='ocrx_word' id='word_1_132' title='bbox 499 1311 559 1351; x_wconf 73' lang='grc' dir='ltr'>ἄν.</span> <span class='ocrx_word' id='word_1_133' title='bbox 587 1310 702 1349; x_wconf 83' lang='grc' dir='ltr'><strong><em>τοῦθ’</em></strong></span> <span class='ocrx_word' id='word_1_134' title='bbox 732 1312 858 1358; x_wconf 79' lang='grc' dir='ltr'><strong><em>έρδειν</em></strong></span> <span class='ocrx_word' id='word_1_135' title='bbox 884 1312 933 1359; x_wconf 82' lang='grc' dir='ltr'>(Α</span> <span class='ocrx_word' id='word_1_136' title='bbox 957 1310 1077 1350; x_wconf 79' lang='grc' dir='ltr'><strong><em>ταῦθ’</em></strong></span> <span class='ocrx_word' id='word_1_137' title='bbox 1105 1315 1243 1359; x_wconf 83' lang='grc' dir='ltr'><strong><em>ερὸειν,</em></strong></span> <span class='ocrx_word' id='word_1_138' title='bbox 1270 1327 1300 1349; x_wconf 90' lang='grc' dir='ltr'>τ.</span> <span class='ocrx_word' id='word_1_139' title='bbox 1328 1328 1363 1360; x_wconf 90' lang='grc' dir='ltr'>μ.</span> <span class='ocrx_word' id='word_1_140' title='bbox 1390 1312 1537 1360; x_wconf 86' lang='grc' dir='ltr'><strong><em>πρόσθε</em></strong></span> <span class='ocrx_word' id='word_1_141' title='bbox 1565 1315 1610 1361; x_wconf 93' lang='grc' dir='ltr'>(Ο</span> <span class='ocrx_word' id='word_1_142' title='bbox 1637 1313 1729 1360; x_wconf 88' lang='grc' dir='ltr'><strong><em>πρό-</em></strong></span> 
     </span>
     <span class='ocr_line' id='line_1_17' title="bbox 181 1361 1727 1409; baseline 0.001 -10"><span class='ocrx_word' id='word_1_143' title='bbox 181 1364 292 1409; x_wconf 86' lang='grc' dir='ltr'><strong><em>σθεν)</em></strong></span> <span class='ocrx_word' id='word_1_144' title='bbox 317 1376 348 1408; x_wconf 86' lang='grc' dir='ltr'>χ.</span> <span class='ocrx_word' id='word_1_145' title='bbox 376 1363 521 1398; x_wconf 80' lang='grc' dir='ltr'><strong><em>τίθεσο.</em></strong></span> <span class='ocrx_word' id='word_1_146' title='bbox 572 1361 813 1398; x_wconf 73' lang='lat' dir='ltr'><strong>Manifestum</strong></span> <span class='ocrx_word' id='word_1_147' title='bbox 845 1363 904 1398; x_wconf 90' lang='lat' dir='ltr'>est</span> <span class='ocrx_word' id='word_1_148' title='bbox 935 1361 997 1398; x_wconf 93' lang='lat' dir='ltr'>hic</span> <span class='ocrx_word' id='word_1_149' title='bbox 1029 1373 1178 1408; x_wconf 88' lang='lat' dir='ltr'>quoque</span> <span class='ocrx_word' id='word_1_150' title='bbox 1211 1361 1379 1398; x_wconf 85' lang='lat' dir='ltr'>diversas</span> <span class='ocrx_word' id='word_1_151' title='bbox 1407 1362 1559 1409; x_wconf 83' lang='lat' dir='ltr'>eclogas</span> <span class='ocrx_word' id='word_1_152' title='bbox 1585 1366 1727 1400; x_wconf 88' lang='lat' dir='ltr'>temere</span> 
     </span>
     <span class='ocr_line' id='line_1_18' title="bbox 180 1410 698 1455; baseline -0.002 -9"><span class='ocrx_word' id='word_1_153' title='bbox 180 1411 219 1447; x_wconf 89' lang='lat' dir='ltr'>in</span> <span class='ocrx_word' id='word_1_154' title='bbox 244 1423 360 1447; x_wconf 89' lang='lat' dir='ltr'>unum</span> <span class='ocrx_word' id='word_1_155' title='bbox 386 1410 583 1455; x_wconf 79' lang='lat' dir='ltr'>coaluisse,</span> <span class='ocrx_word' id='word_1_156' title='bbox 610 1421 698 1445; x_wconf 87' lang='lat' dir='ltr'>nam</span> 
     </span>
    </p>
   </div>
   <div class='ocr_carea' id='block_1_8' title="bbox 653 1475 1175 1527">
    <p class='ocr_par' dir='ltr' id='par_1_8' title="bbox 653 1475 1175 1527">
     <span class='ocr_line' id='line_1_19' title="bbox 653 1475 1175 1527; baseline 0.002 -10"><span class='ocrx_word' id='word_1_157' title='bbox 653 1475 695 1517; x_wconf 77' lang='grc' dir='ltr'><em>Ὦ</em></span> <span class='ocrx_word' id='word_1_158' title='bbox 720 1479 882 1527; x_wconf 82' lang='grc' dir='ltr'><strong><em>νέοι,οἴ</em></strong></span> <span class='ocrx_word' id='word_1_159' title='bbox 904 1495 975 1517; x_wconf 86' lang='grc' dir='ltr'>νυν</span> <span class='ocrx_word' id='word_1_160' title='bbox 1001 1478 1175 1527; x_wconf 79' lang='grc' dir='ltr'><strong><em>ἄνδρες.</em></strong></span> 
     </span>
    </p>
   </div>
   <div class='ocr_carea' id='block_1_9' title="bbox 178 1552 1728 1902">
    <p class='ocr_par' dir='ltr' id='par_1_9' title="bbox 178 1552 1728 1889">
     <span class='ocr_line' id='line_1_20' title="bbox 180 1552 1726 1601; baseline 0.001 -10"><span class='ocrx_word' id='word_1_161' title='bbox 180 1565 300 1591; x_wconf 87' lang='lat' dir='ltr'>novae</span> <span class='ocrx_word' id='word_1_162' title='bbox 326 1553 535 1590; x_wconf 76' lang='lat' dir='ltr'>sententiae</span> <span class='ocrx_word' id='word_1_163' title='bbox 563 1554 619 1588; x_wconf 88' lang='lat' dir='ltr'>est</span> <span class='ocrx_word' id='word_1_164' title='bbox 643 1552 839 1589; x_wconf 87' lang='lat' dir='ltr'>exordium</span> <span class='ocrx_word' id='word_1_165' title='bbox 865 1552 1100 1598; x_wconf 88' lang='lat' dir='ltr'>(Heimsoeth</span> <span class='ocrx_word' id='word_1_166' title='bbox 1133 1553 1277 1590; x_wconf 87' lang='lat' dir='ltr'>librarii</span> <span class='ocrx_word' id='word_1_167' title='bbox 1309 1553 1610 1601; x_wconf 81' lang='grc' dir='ltr'><strong><em>παρεπιγραφὴν</em></strong></span> <span class='ocrx_word' id='word_1_168' title='bbox 1646 1567 1726 1592; x_wconf 87' lang='lat' dir='ltr'>esse</span> 
     </span>
     <span class='ocr_line' id='line_1_21' title="bbox 180 1598 1728 1650; baseline 0.001 -11"><span class='ocrx_word' id='word_1_169' title='bbox 180 1600 262 1639; x_wconf 83' lang='grc' dir='ltr'><strong><em>νέοι</em></strong></span> <span class='ocrx_word' id='word_1_170' title='bbox 288 1600 327 1638; x_wconf 86' lang='grc' dir='ltr'>οἷ</span> <span class='ocrx_word' id='word_1_171' title='bbox 343 1602 414 1638; x_wconf 77' lang='grc' dir='ltr'>νῦν</span> <span class='ocrx_word' id='word_1_172' title='bbox 434 1598 572 1647; x_wconf 78' lang='grc' dir='ltr'><strong><em>ἄνδρες</em></strong></span> <span class='ocrx_word' id='word_1_173' title='bbox 592 1600 736 1645; x_wconf 89' lang='lat' dir='ltr'>credit),</span> <span class='ocrx_word' id='word_1_174' title='bbox 756 1600 903 1646; x_wconf 87' lang='lat' dir='ltr'>reliqna</span> <span class='ocrx_word' id='word_1_175' title='bbox 921 1601 1133 1648; x_wconf 87' lang='lat' dir='ltr'>intercepta</span> <span class='ocrx_word' id='word_1_176' title='bbox 1152 1603 1250 1646; x_wconf 87' lang='lat' dir='ltr'>sunt,</span> <span class='ocrx_word' id='word_1_177' title='bbox 1270 1615 1355 1638; x_wconf 90' lang='lat' dir='ltr'>cum</span> <span class='ocrx_word' id='word_1_178' title='bbox 1374 1602 1551 1639; x_wconf 87' lang='lat' dir='ltr'>librarius</span> <span class='ocrx_word' id='word_1_179' title='bbox 1571 1605 1728 1650; x_wconf 88' lang='lat' dir='ltr'>propter</span> 
     </span>
     <span class='ocr_line' id='line_1_22' title="bbox 180 1648 1726 1697; baseline 0.001 -11"><span class='ocrx_word' id='word_1_180' title='bbox 180 1650 351 1686; x_wconf 86' lang='lat' dir='ltr'>voculam</span> <span class='ocrx_word' id='word_1_181' title='bbox 385 1650 456 1685; x_wconf 84' lang='grc' dir='ltr'>νῦν</span> <span class='ocrx_word' id='word_1_182' title='bbox 494 1649 685 1685; x_wconf 84' lang='lat' dir='ltr'>deerraret</span> <span class='ocrx_word' id='word_1_183' title='bbox 715 1649 756 1684; x_wconf 91' lang='lat' dir='ltr'>in</span> <span class='ocrx_word' id='word_1_184' title='bbox 787 1648 998 1696; x_wconf 82' lang='lat' dir='ltr'>proximam</span> <span class='ocrx_word' id='word_1_185' title='bbox 1030 1650 1219 1696; x_wconf 77' lang='lat' dir='ltr'>eclogam3</span> <span class='ocrx_word' id='word_1_186' title='bbox 1259 1652 1297 1686; x_wconf 88' lang='lat' dir='ltr'>et</span> <span class='ocrx_word' id='word_1_187' title='bbox 1335 1651 1446 1686; x_wconf 88' lang='lat' dir='ltr'>huius</span> <span class='ocrx_word' id='word_1_188' title='bbox 1479 1651 1630 1697; x_wconf 88' lang='lat' dir='ltr'>quidem</span> <span class='ocrx_word' id='word_1_189' title='bbox 1664 1652 1726 1688; x_wconf 87' lang='lat' dir='ltr'>de-</span> 
     </span>
     <span class='ocr_line' id='line_1_23' title="bbox 178 1696 1722 1744; baseline 0.001 -10"><span class='ocrx_word' id='word_1_190' title='bbox 178 1698 400 1734; x_wconf 85' lang='lat' dir='ltr'>trimentum</span> <span class='ocrx_word' id='word_1_191' title='bbox 431 1696 610 1733; x_wconf 88' lang='lat' dir='ltr'>resarcire</span> <span class='ocrx_word' id='word_1_192' title='bbox 647 1696 757 1743; x_wconf 87' lang='lat' dir='ltr'>licet,</span> <span class='ocrx_word' id='word_1_193' title='bbox 789 1697 970 1742; x_wconf 86' lang='lat' dir='ltr'>quoniam</span> <span class='ocrx_word' id='word_1_194' title='bbox 1004 1698 1155 1734; x_wconf 86' lang='lat' dir='ltr'>sedulus</span> <span class='ocrx_word' id='word_1_195' title='bbox 1188 1698 1326 1744; x_wconf 86' lang='lat' dir='ltr'>aliquis</span> <span class='ocrx_word' id='word_1_196' title='bbox 1357 1699 1454 1735; x_wconf 88' lang='lat' dir='ltr'>libro</span> <span class='ocrx_word' id='word_1_197' title='bbox 1476 1699 1601 1735; x_wconf 90' lang='lat' dir='ltr'>etiam</span> <span class='ocrx_word' id='word_1_198' title='bbox 1632 1700 1722 1736; x_wconf 89' lang='lat' dir='ltr'>tunc</span> 
     </span>
     <span class='ocr_line' id='line_1_24' title="bbox 182 1744 1724 1792; baseline 0.001 -10"><span class='ocrx_word' id='word_1_199' title='bbox 182 1745 330 1792; x_wconf 83' lang='lat' dir='ltr'>integro</span> <span class='ocrx_word' id='word_1_200' title='bbox 355 1746 443 1791; x_wconf 84' lang='lat' dir='ltr'>post</span> <span class='ocrx_word' id='word_1_201' title='bbox 467 1757 500 1781; x_wconf 94' lang='lat' dir='ltr'><strong>v.</strong></span> <span class='ocrx_word' id='word_1_202' title='bbox 530 1749 622 1781; x_wconf 90' lang='grc'>1160</span> <span class='ocrx_word' id='word_1_203' title='bbox 648 1756 737 1780; x_wconf 86' lang='lat' dir='ltr'>usus</span> <span class='ocrx_word' id='word_1_204' title='bbox 763 1744 924 1781; x_wconf 85' lang='lat' dir='ltr'>alterum</span> <span class='ocrx_word' id='word_1_205' title='bbox 951 1746 1022 1782; x_wconf 90' lang='lat' dir='ltr'>hoc</span> <span class='ocrx_word' id='word_1_206' title='bbox 1049 1745 1238 1782; x_wconf 80' lang='lat' dir='ltr'>distichon</span> <span class='ocrx_word' id='word_1_207' title='bbox 1264 1749 1350 1792; x_wconf 89' lang='lat' dir='ltr'>post</span> <span class='ocrx_word' id='word_1_208' title='bbox 1375 1751 1531 1784; x_wconf 82' lang='lat' dir='ltr'><strong>v.1094</strong></span> <span class='ocrx_word' id='word_1_209' title='bbox 1556 1747 1724 1792; x_wconf 87' lang='lat' dir='ltr'>inseruit,</span> 
     </span>
     <span class='ocr_line' id='line_1_25' title="bbox 179 1793 1725 1839; baseline 0.002 -10"><span class='ocrx_word' id='word_1_210' title='bbox 179 1805 263 1830; x_wconf 87' lang='lat' dir='ltr'>cum</span> <span class='ocrx_word' id='word_1_211' title='bbox 295 1794 344 1829; x_wconf 80' lang='lat' dir='ltr'>ab</span> <span class='ocrx_word' id='word_1_212' title='bbox 381 1793 483 1831; x_wconf 82' lang='lat' dir='ltr'>iuius</span> <span class='ocrx_word' id='word_1_213' title='bbox 521 1793 596 1829; x_wconf 91' lang='lat' dir='ltr'>loci</span> <span class='ocrx_word' id='word_1_214' title='bbox 628 1795 851 1839; x_wconf 74' lang='lat' dir='ltr'>argumento</span> <span class='ocrx_word' id='word_1_215' title='bbox 889 1805 965 1830; x_wconf 92' lang='lat' dir='ltr'>non</span> <span class='ocrx_word' id='word_1_216' title='bbox 997 1793 1199 1830; x_wconf 86' lang='lat' dir='ltr'>abhorrere</span> <span class='ocrx_word' id='word_1_217' title='bbox 1226 1793 1573 1831; x_wconf 87' lang='lat' dir='ltr'>animadvertisset:</span> <span class='ocrx_word' id='word_1_218' title='bbox 1607 1796 1725 1832; x_wconf 86' lang='lat' dir='ltr'>mani-</span> 
     </span>
     <span class='ocr_line' id='line_1_26' title="bbox 178 1840 1727 1902; baseline 0.001 -24"><span class='ocrx_word' id='word_1_219' title='bbox 178 1842 317 1878; x_wconf 86' lang='lat' dir='ltr'>festum</span> <span class='ocrx_word' id='word_1_220' title='bbox 343 1840 444 1878; x_wconf 85' lang='lat' dir='ltr'>enim</span> <span class='ocrx_word' id='word_1_221' title='bbox 470 1852 515 1877; x_wconf 87' lang='lat' dir='ltr'>ex</span> <span class='ocrx_word' id='word_1_222' title='bbox 540 1840 717 1877; x_wconf 82' lang='lat' dir='ltr'>inferiore</span> <span class='ocrx_word' id='word_1_223' title='bbox 742 1841 826 1877; x_wconf 90' lang='lat' dir='ltr'>loco</span> <span class='ocrx_word' id='word_1_224' title='bbox 846 1841 942 1877; x_wconf 89' lang='lat' dir='ltr'>hanc</span> <span class='ocrx_word' id='word_1_225' title='bbox 963 1842 1135 1900; x_wconf 82' lang='lat' dir='ltr'>eclogam</span> <span class='ocrx_word' id='word_1_226' title='bbox 1161 1842 1199 1877; x_wconf 92' lang='lat' dir='ltr'>in</span> <span class='ocrx_word' id='word_1_227' title='bbox 1228 1843 1458 1902; x_wconf 87' lang='lat' dir='ltr'>superiorem</span> <span class='ocrx_word' id='word_1_228' title='bbox 1484 1844 1584 1879; x_wconf 87' lang='lat' dir='ltr'>hunc</span> <span class='ocrx_word' id='word_1_229' title='bbox 1603 1845 1727 1880; x_wconf 89' lang='lat' dir='ltr'>trans-</span> 
     </span>
    </p>
   </div>
   <div class='ocr_carea' id='block_1_10' title="bbox 177 1888 1724 2081">
    <p class='ocr_par' dir='ltr' id='par_1_10' title="bbox 177 1888 1722 2081">
     <span class='ocr_line' id='line_1_27' title="bbox 178 1888 1722 1937; baseline 0.001 -11"><span class='ocrx_word' id='word_1_230' title='bbox 178 1890 299 1926; x_wconf 85' lang='lat' dir='ltr'>latum</span> <span class='ocrx_word' id='word_1_231' title='bbox 325 1900 425 1935; x_wconf 89' lang='lat' dir='ltr'>esse,</span> <span class='ocrx_word' id='word_1_232' title='bbox 450 1901 527 1925; x_wconf 87' lang='lat' dir='ltr'>non</span> <span class='ocrx_word' id='word_1_233' title='bbox 552 1888 729 1926; x_wconf 82' lang='lat' dir='ltr'>vicissim.</span> <span class='ocrx_word' id='word_1_234' title='bbox 757 1911 798 1915; x_wconf 88' lang='lat'><strong>—</strong></span> <span class='ocrx_word' id='word_1_235' title='bbox 827 1888 871 1924; x_wconf 90' lang='lat' dir='ltr'><strong>V.</strong></span> <span class='ocrx_word' id='word_1_236' title='bbox 900 1893 1003 1926; x_wconf 83' lang='grc'>1095.</span> <span class='ocrx_word' id='word_1_237' title='bbox 1031 1888 1210 1936; x_wconf 80' lang='grc' dir='ltr'><strong><em>σκέπτεο,</em></strong></span> <span class='ocrx_word' id='word_1_238' title='bbox 1244 1890 1274 1926; x_wconf 93' lang='grc' dir='ltr'><strong>Ο</strong></span> <span class='ocrx_word' id='word_1_239' title='bbox 1301 1889 1449 1927; x_wconf 80' lang='grc' dir='ltr'><strong><em>σκέπτε.</em></strong></span> <span class='ocrx_word' id='word_1_240' title='bbox 1477 1913 1522 1917; x_wconf 94' lang='grc'><strong>-</strong></span> <span class='ocrx_word' id='word_1_241' title='bbox 1549 1888 1676 1937; x_wconf 77' lang='grc' dir='ltr'><strong><em>ἄλλον,</em></strong></span> <span class='ocrx_word' id='word_1_242' title='bbox 1703 1906 1722 1928; x_wconf 92' lang='grc' dir='ltr'><strong><em>ο</em></strong></span> 
     </span>
     <span class='ocr_line' id='line_1_28' title="bbox 178 1919 1724 1995; baseline 0.001 -21"><span class='ocrx_word' id='word_1_243' title='bbox 178 1949 271 1974; x_wconf 87' lang='lat' dir='ltr'>corr.</span> <span class='ocrx_word' id='word_1_244' title='bbox 306 1949 351 1974; x_wconf 83' lang='lat' dir='ltr'>ex</span> <span class='ocrx_word' id='word_1_245' title='bbox 383 1951 411 1973; x_wconf 87' lang='grc' dir='ltr'><strong><em>ω</em></strong></span> <span class='ocrx_word' id='word_1_246' title='bbox 438 1937 482 1972; x_wconf 89' lang='lat' dir='ltr'>ut</span> <span class='ocrx_word' id='word_1_247' title='bbox 511 1936 587 1973; x_wconf 86' lang='lat' dir='ltr'>vid.</span> <span class='ocrx_word' id='word_1_248' title='bbox 613 1936 656 1972; x_wconf 93' lang='lat' dir='ltr'>A.</span> <span class='ocrx_word' id='word_1_249' title='bbox 697 1958 742 1963; x_wconf 93' lang='lat'>—-</span> <span class='ocrx_word' id='word_1_250' title='bbox 781 1934 882 1983; x_wconf 78' lang='grc' dir='ltr'><strong><em>ἐμοί,</em></strong></span> <span class='ocrx_word' id='word_1_251' title='bbox 917 1935 1000 1995; x_wconf 77' lang='grc' dir='ltr'><strong><em>ἔμοι</em></strong></span> <span class='ocrx_word' id='word_1_252' title='bbox 1033 1939 1075 1975; x_wconf 91' lang='lat' dir='ltr'>A.</span> <span class='ocrx_word' id='word_1_253' title='bbox 1121 1959 1161 1964; x_wconf 87' lang='lat'>—</span> <span class='ocrx_word' id='word_1_254' title='bbox 1201 1919 1246 1975; x_wconf 92' lang='lat' dir='ltr'><strong>V.</strong></span> <span class='ocrx_word' id='word_1_255' title='bbox 1278 1943 1379 1975; x_wconf 89' lang='grc'>1096.</span> <span class='ocrx_word' id='word_1_256' title='bbox 1415 1939 1506 1984; x_wconf 79' lang='grc' dir='ltr'><strong><em>τῶν,</em></strong></span> <span class='ocrx_word' id='word_1_257' title='bbox 1541 1939 1571 1976; x_wconf 91' lang='grc' dir='ltr'><strong>Ο</strong></span> <span class='ocrx_word' id='word_1_258' title='bbox 1605 1950 1724 1985; x_wconf 87' lang='lat' dir='ltr'>evan,</span> 
     </span>
     <span class='ocr_line' id='line_1_29' title="bbox 177 1982 1722 2034; baseline 0.001 -12"><span class='ocrx_word' id='word_1_259' title='bbox 177 1986 241 2022; x_wconf 88' lang='lat' dir='ltr'>sed</span> <span class='ocrx_word' id='word_1_260' title='bbox 265 1985 365 2021; x_wconf 84' lang='lat' dir='ltr'>infra</span> <span class='ocrx_word' id='word_1_261' title='bbox 389 1985 475 2020; x_wconf 73' lang='grc' dir='ltr'><strong><em>τῶν.</em></strong></span> <span class='ocrx_word' id='word_1_262' title='bbox 514 2006 561 2012; x_wconf 94' lang='lat'>—-</span> <span class='ocrx_word' id='word_1_263' title='bbox 599 1982 758 2030; x_wconf 82' lang='grc' dir='ltr'><strong><em>πρόσθε,</em></strong></span> <span class='ocrx_word' id='word_1_264' title='bbox 789 1984 839 2021; x_wconf 91' lang='lat' dir='ltr'>Ac</span> <span class='ocrx_word' id='word_1_265' title='bbox 865 1982 1050 2031; x_wconf 83' lang='grc' dir='ltr'><strong><em>πρόσθεν.</em></strong></span> <span class='ocrx_word' id='word_1_266' title='bbox 1090 2007 1134 2012; x_wconf 87' lang='lat'>—-</span> <span class='ocrx_word' id='word_1_267' title='bbox 1173 1983 1300 2033; x_wconf 77' lang='grc' dir='ltr'><strong><em>χάριν,</em></strong></span> <span class='ocrx_word' id='word_1_268' title='bbox 1333 1985 1421 2032; x_wconf 82' lang='grc' dir='ltr'><strong><em>χάρι</em></strong></span> <span class='ocrx_word' id='word_1_269' title='bbox 1447 1999 1503 2034; x_wconf 89' lang='lat' dir='ltr'>cg.</span> <span class='ocrx_word' id='word_1_270' title='bbox 1532 1988 1722 2024; x_wconf 87' lang='lat' dir='ltr'>Hermann</span> 
     </span>
     <span class='ocr_line' id='line_1_30' title="bbox 177 1999 1720 2081; baseline 0.002 -12"><span class='ocrx_word' id='word_1_271' title='bbox 177 2032 338 2070; x_wconf 78' lang='grc' dir='ltr'><strong><em>σκέπτεο</em></strong></span> <span class='ocrx_word' id='word_1_272' title='bbox 364 2031 411 2079; x_wconf 78' lang='grc' dir='ltr'>δὴ</span> <span class='ocrx_word' id='word_1_273' title='bbox 438 2033 510 2068; x_wconf 81' lang='grc' dir='ltr'>νῦν</span> <span class='ocrx_word' id='word_1_274' title='bbox 543 2029 657 2069; x_wconf 80' lang='grc' dir='ltr'><strong><em>ἄλλον</em></strong></span> <span class='ocrx_word' id='word_1_275' title='bbox 685 2030 818 2079; x_wconf 77' lang='grc' dir='ltr'><strong><em>(ἐμοί.</em></strong></span> <span class='ocrx_word' id='word_1_276' title='bbox 840 2062 847 2069; x_wconf 94' lang='grc'>.</span> <span class='ocrx_word' id='word_1_277' title='bbox 871 2063 878 2070; x_wconf 90' lang='grc'>.</span> <span class='ocrx_word' id='word_1_278' title='bbox 895 1999 1054 2079; x_wconf 69' lang='grc' dir='ltr'><strong><em>ρερδειν)</em></strong></span> <span class='ocrx_word' id='word_1_279' title='bbox 1085 2034 1160 2070; x_wconf 80' lang='grc' dir='ltr'>τῶν</span> <span class='ocrx_word' id='word_1_280' title='bbox 1194 2048 1278 2081; x_wconf 88' lang='grc' dir='ltr'><strong><em>μου</em></strong></span> <span class='ocrx_word' id='word_1_281' title='bbox 1304 2038 1379 2071; x_wconf 81' lang='grc' dir='ltr'><strong><em>κτλ.</em></strong></span> <span class='ocrx_word' id='word_1_282' title='bbox 1430 2036 1575 2071; x_wconf 89' lang='lat' dir='ltr'>Ahrens</span> <span class='ocrx_word' id='word_1_283' title='bbox 1602 2033 1720 2072; x_wconf 86' lang='grc' dir='ltr'><strong><em>τοῦθ’</em></strong></span> 
     </span>
    </p>
   </div>
   <div class='ocr_carea' id='block_1_11' title="bbox 168 2080 1725 2474">
    <p class='ocr_par' dir='ltr' id='par_1_11' title="bbox 168 2080 1725 2465">
     <span class='ocr_line' id='line_1_31' title="bbox 179 2080 1725 2128; baseline 0.001 -10"><span class='ocrx_word' id='word_1_284' title='bbox 179 2080 322 2127; x_wconf 75' lang='grc' dir='ltr'><strong><em>ἕρδειν,</em></strong></span> <span class='ocrx_word' id='word_1_285' title='bbox 360 2081 427 2117; x_wconf 83' lang='grc' dir='ltr'>τοῦ</span> <span class='ocrx_word' id='word_1_286' title='bbox 459 2094 533 2127; x_wconf 88' lang='grc' dir='ltr'><strong><em>μοι.</em></strong></span> <span class='ocrx_word' id='word_1_287' title='bbox 591 2080 698 2116; x_wconf 89' lang='lat' dir='ltr'>Nihil</span> <span class='ocrx_word' id='word_1_288' title='bbox 733 2081 966 2125; x_wconf 88' lang='lat' dir='ltr'>novandum;</span> <span class='ocrx_word' id='word_1_289' title='bbox 1009 2083 1125 2128; x_wconf 88' lang='lat' dir='ltr'>poeta</span> <span class='ocrx_word' id='word_1_290' title='bbox 1160 2082 1269 2118; x_wconf 87' lang='lat' dir='ltr'>dicit:</span> <span class='ocrx_word' id='word_1_291' title='bbox 1306 2094 1442 2128; x_wconf 88' lang='lat' dir='ltr'>quaere</span> <span class='ocrx_word' id='word_1_292' title='bbox 1479 2083 1596 2119; x_wconf 84' lang='lat' dir='ltr'>alium</span> <span class='ocrx_word' id='word_1_293' title='bbox 1632 2084 1725 2120; x_wconf 90' lang='lat' dir='ltr'>ami-</span> 
     </span>
     <span class='ocr_line' id='line_1_32' title="bbox 168 2128 1720 2174; baseline 0.001 -9"><span class='ocrx_word' id='word_1_294' title='bbox 168 2141 281 2174; x_wconf 87' lang='lat' dir='ltr'>cum,</span> <span class='ocrx_word' id='word_1_295' title='bbox 307 2129 372 2174; x_wconf 90' lang='lat' dir='ltr'>qui</span> <span class='ocrx_word' id='word_1_296' title='bbox 389 2128 463 2165; x_wconf 88' lang='lat' dir='ltr'>tibi</span> <span class='ocrx_word' id='word_1_297' title='bbox 489 2129 735 2174; x_wconf 79' lang='lat' dir='ltr'>obsequatur,</span> <span class='ocrx_word' id='word_1_298' title='bbox 762 2141 822 2165; x_wconf 90' lang='lat' dir='ltr'>me</span> <span class='ocrx_word' id='word_1_299' title='bbox 848 2128 945 2164; x_wconf 88' lang='lat' dir='ltr'>nihil</span> <span class='ocrx_word' id='word_1_300' title='bbox 969 2140 1121 2166; x_wconf 87' lang='lat' dir='ltr'>necesse</span> <span class='ocrx_word' id='word_1_301' title='bbox 1147 2129 1221 2166; x_wconf 65' lang='lat' dir='ltr'>tibi</span> <span class='ocrx_word' id='word_1_302' title='bbox 1247 2131 1350 2167; x_wconf 86' lang='lat' dir='ltr'>dicto</span> <span class='ocrx_word' id='word_1_303' title='bbox 1382 2131 1598 2167; x_wconf 88' lang='lat' dir='ltr'>audientem</span> <span class='ocrx_word' id='word_1_304' title='bbox 1626 2143 1720 2168; x_wconf 86' lang='lat' dir='ltr'>esse:</span> 
     </span>
     <span class='ocr_line' id='line_1_33' title="bbox 176 2175 1723 2226; baseline 0.001 -13"><span class='ocrx_word' id='word_1_305' title='bbox 176 2177 344 2223; x_wconf 85' lang='lat' dir='ltr'>priorum</span> <span class='ocrx_word' id='word_1_306' title='bbox 370 2176 635 2213; x_wconf 86' lang='lat' dir='ltr'>beneficiorum</span> <span class='ocrx_word' id='word_1_307' title='bbox 662 2176 756 2213; x_wconf 87' lang='lat' dir='ltr'>mihi</span> <span class='ocrx_word' id='word_1_308' title='bbox 782 2175 947 2223; x_wconf 85' lang='lat' dir='ltr'>gratiam</span> <span class='ocrx_word' id='word_1_309' title='bbox 978 2177 1086 2214; x_wconf 91' lang='lat' dir='ltr'>refer.</span> <span class='ocrx_word' id='word_1_310' title='bbox 1114 2199 1155 2204; x_wconf 75' lang='lat'><strong>—</strong></span> <span class='ocrx_word' id='word_1_311' title='bbox 1184 2179 1230 2214; x_wconf 90' lang='lat' dir='ltr'>V.</span> <span class='ocrx_word' id='word_1_312' title='bbox 1254 2182 1356 2215; x_wconf 84' lang='lat'><strong>1098.</strong></span> <span class='ocrx_word' id='word_1_313' title='bbox 1385 2176 1428 2215; x_wconf 78' lang='grc' dir='ltr'>ἐκ</span> <span class='ocrx_word' id='word_1_314' title='bbox 1453 2181 1585 2226; x_wconf 83' lang='grc' dir='ltr'><strong><em>λίμνης</em></strong></span> <span class='ocrx_word' id='word_1_315' title='bbox 1611 2177 1723 2226; x_wconf 80' lang='grc' dir='ltr'><strong><em>μεγά-</em></strong></span> 
     </span>
     <span class='ocr_line' id='line_1_34' title="bbox 177 2222 1723 2284; baseline 0.001 -23"><span class='ocrx_word' id='word_1_316' title='bbox 177 2228 259 2271; x_wconf 86' lang='grc' dir='ltr'><strong><em>λης,</em></strong></span> <span class='ocrx_word' id='word_1_317' title='bbox 290 2226 406 2271; x_wconf 89' lang='lat' dir='ltr'>poeta</span> <span class='ocrx_word' id='word_1_318' title='bbox 431 2224 624 2271; x_wconf 84' lang='lat' dir='ltr'>scripsisse</span> <span class='ocrx_word' id='word_1_319' title='bbox 649 2224 799 2261; x_wconf 89' lang='lat' dir='ltr'>videtur</span> <span class='ocrx_word' id='word_1_320' title='bbox 833 2222 882 2261; x_wconf 76' lang='grc' dir='ltr'>ἐκ</span> <span class='ocrx_word' id='word_1_321' title='bbox 913 2223 1069 2271; x_wconf 87' lang='grc' dir='ltr'><strong><em>λινέης</em></strong></span> <span class='ocrx_word' id='word_1_322' title='bbox 1100 2224 1316 2284; x_wconf 81' lang='grc' dir='ltr'><strong><em>νεφέλης,</em></strong></span> <span class='ocrx_word' id='word_1_323' title='bbox 1342 2227 1440 2272; x_wconf 90' lang='lat' dir='ltr'>quod</span> <span class='ocrx_word' id='word_1_324' title='bbox 1476 2227 1610 2263; x_wconf 79' lang='lat' dir='ltr'>Graefe</span> <span class='ocrx_word' id='word_1_325' title='bbox 1636 2239 1723 2273; x_wconf 85' lang='lat' dir='ltr'>pro-</span> 
     </span>
     <span class='ocr_line' id='line_1_35' title="bbox 176 2269 1722 2332; baseline 0.001 -23"><span class='ocrx_word' id='word_1_326' title='bbox 176 2272 312 2319; x_wconf 83' lang='lat' dir='ltr'>posuit.</span> <span class='ocrx_word' id='word_1_327' title='bbox 363 2273 554 2308; x_wconf 86' lang='lat' dir='ltr'>Hermann</span> <span class='ocrx_word' id='word_1_328' title='bbox 587 2270 630 2309; x_wconf 80' lang='grc' dir='ltr'>ἐκ</span> <span class='ocrx_word' id='word_1_329' title='bbox 657 2269 806 2330; x_wconf 84' lang='grc' dir='ltr'><strong><em>λόχμης</em></strong></span> <span class='ocrx_word' id='word_1_330' title='bbox 844 2286 899 2318; x_wconf 90' lang='grc' dir='ltr'>μ.,</span> <span class='ocrx_word' id='word_1_331' title='bbox 939 2272 1056 2309; x_wconf 90' lang='lat' dir='ltr'>Orelli</span> <span class='ocrx_word' id='word_1_332' title='bbox 1096 2270 1138 2310; x_wconf 76' lang='grc' dir='ltr'>ἐκ</span> <span class='ocrx_word' id='word_1_333' title='bbox 1176 2271 1295 2332; x_wconf 82' lang='grc' dir='ltr'><strong><em>λύμης</em></strong></span> <span class='ocrx_word' id='word_1_334' title='bbox 1333 2288 1368 2321; x_wconf 92' lang='grc' dir='ltr'>μ.</span> <span class='ocrx_word' id='word_1_335' title='bbox 1408 2276 1592 2321; x_wconf 88' lang='lat' dir='ltr'>probante</span> <span class='ocrx_word' id='word_1_336' title='bbox 1627 2276 1722 2311; x_wconf 84' lang='lat' dir='ltr'>Her-</span> 
     </span>
     <span class='ocr_line' id='line_1_36' title="bbox 176 2317 1721 2379; baseline 0.002 -23"><span class='ocrx_word' id='word_1_337' title='bbox 176 2321 363 2366; x_wconf 86' lang='lat' dir='ltr'>werdeno,</span> <span class='ocrx_word' id='word_1_338' title='bbox 389 2321 474 2378; x_wconf 85' lang='lat' dir='ltr'>Mey</span> <span class='ocrx_word' id='word_1_339' title='bbox 501 2318 545 2357; x_wconf 77' lang='grc' dir='ltr'>ἐκ</span> <span class='ocrx_word' id='word_1_340' title='bbox 570 2317 714 2370; x_wconf 87' lang='grc' dir='ltr'><strong><em>Λιβύης</em></strong></span> <span class='ocrx_word' id='word_1_341' title='bbox 739 2318 913 2379; x_wconf 80' lang='grc' dir='ltr'><strong><em>μεγάλης.</em></strong></span> <span class='ocrx_word' id='word_1_342' title='bbox 942 2341 988 2347; x_wconf 91' lang='grc'><strong>-</strong></span> <span class='ocrx_word' id='word_1_343' title='bbox 1012 2320 1056 2357; x_wconf 92' lang='lat' dir='ltr'>V.</span> <span class='ocrx_word' id='word_1_344' title='bbox 1087 2325 1190 2358; x_wconf 89' lang='grc'>1099.</span> <span class='ocrx_word' id='word_1_345' title='bbox 1225 2324 1268 2379; x_wconf 85' lang='grc' dir='ltr'><strong><em>βρ</em></strong></span> <span class='ocrx_word' id='word_1_346' title='bbox 1248 2320 1385 2368; x_wconf 80' lang='grc' dir='ltr'><strong><em>ρόκχον</em></strong></span> <span class='ocrx_word' id='word_1_347' title='bbox 1417 2334 1503 2359; x_wconf 89' lang='lat' dir='ltr'>cum</span> <span class='ocrx_word' id='word_1_348' title='bbox 1530 2323 1721 2368; x_wconf 85' lang='lat' dir='ltr'>Scaligero</span> 
     </span>
     <span class='ocr_line' id='line_1_37' title="bbox 175 2349 1723 2474; baseline 0.003 -23"><span class='ocrx_word' id='word_1_349' title='bbox 175 2380 326 2452; x_wconf 48' lang='lat'>3333&amp;</span> <span class='ocrx_word' id='word_1_350' title='bbox 345 2349 529 2463; x_wconf 55' lang='grc' dir='ltr'>ἒρέγὲοέα</span> <span class='ocrx_word' id='word_1_351' title='bbox 533 2366 1176 2474; x_wconf 46' lang='grc' dir='ltr'>Οῗὲὲηεῖἓῖχέζῖχοῗ«ξὲἓγῖῗὶ.</span> <span class='ocrx_word' id='word_1_352' title='bbox 1206 2383 1362 2454; x_wconf 53' lang='lat' dir='ltr'>sss.</span> <span class='ocrx_word' id='word_1_353' title='bbox 1387 2369 1723 2455; x_wconf 58' lang='lat' dir='ltr'>3332251.„ssh3{*</span> 
     </span>
    </p>
   </div>
   <div class='ocr_carea' id='block_1_12' title="bbox 106 2462 1720 2512">
    <p class='ocr_par' dir='ltr' id='par_1_12' title="bbox 106 2462 1720 2512">
     <span class='ocr_line' id='line_1_38' title="bbox 106 2462 1720 2512; baseline 0.001 -12"><span class='ocrx_word' id='word_1_354' title='bbox 106 2464 109 2469; x_wconf 84' lang='lat'>&#39;</span> <span class='ocrx_word' id='word_1_355' title='bbox 176 2464 329 2510; x_wconf 79' lang='lat' dir='ltr'>ciderit,</span> <span class='ocrx_word' id='word_1_356' title='bbox 374 2475 459 2500; x_wconf 89' lang='lat' dir='ltr'>cum</span> <span class='ocrx_word' id='word_1_357' title='bbox 490 2465 551 2501; x_wconf 87' lang='lat' dir='ltr'>vel</span> <span class='ocrx_word' id='word_1_358' title='bbox 588 2464 904 2511; x_wconf 49' lang='lat' dir='ltr'>Aristophanem*</span> <span class='ocrx_word' id='word_1_359' title='bbox 922 2462 1138 2511; x_wconf 87' lang='grc' dir='ltr'><strong><em>φιλόσὸφον</em></strong></span> <span class='ocrx_word' id='word_1_360' title='bbox 1176 2465 1410 2512; x_wconf 78' lang='lat' dir='ltr'>paenultima</span> <span class='ocrx_word' id='word_1_361' title='bbox 1441 2467 1625 2512; x_wconf 86' lang='lat' dir='ltr'>producta</span> <span class='ocrx_word' id='word_1_362' title='bbox 1659 2479 1720 2502; x_wconf 87' lang='lat' dir='ltr'>ex-</span> 
     </span>
    </p>
   </div>
   <div class='ocr_carea' id='block_1_13' title="bbox 173 2511 1722 2990">
    <p class='ocr_par' dir='ltr' id='par_1_13' title="bbox 173 2511 1722 2990">
     <span class='ocr_line' id='line_1_39' title="bbox 175 2511 1720 2572; baseline 0.001 -24"><span class='ocrx_word' id='word_1_363' title='bbox 175 2511 308 2548; x_wconf 87' lang='lat' dir='ltr'>tulisse</span> <span class='ocrx_word' id='word_1_364' title='bbox 345 2511 538 2558; x_wconf 82' lang='lat' dir='ltr'>opinetur,</span> <span class='ocrx_word' id='word_1_365' title='bbox 578 2512 617 2548; x_wconf 89' lang='lat' dir='ltr'>id</span> <span class='ocrx_word' id='word_1_366' title='bbox 653 2513 754 2569; x_wconf 90' lang='lat' dir='ltr'>quod</span> <span class='ocrx_word' id='word_1_367' title='bbox 792 2513 884 2548; x_wconf 88' lang='lat' dir='ltr'>artis</span> <span class='ocrx_word' id='word_1_368' title='bbox 919 2512 1099 2549; x_wconf 84' lang='lat' dir='ltr'>metricae</span> <span class='ocrx_word' id='word_1_369' title='bbox 1131 2513 1360 2550; x_wconf 86' lang='lat' dir='ltr'>Graecorum</span> <span class='ocrx_word' id='word_1_370' title='bbox 1395 2514 1543 2561; x_wconf 87' lang='lat' dir='ltr'>legibus</span> <span class='ocrx_word' id='word_1_371' title='bbox 1582 2514 1720 2572; x_wconf 89' lang='lat' dir='ltr'>planis—</span> 
     </span>
     <span class='ocr_line' id='line_1_40' title="bbox 175 2557 1719 2615; baseline 0.002 -20"><span class='ocrx_word' id='word_1_372' title='bbox 175 2559 268 2596; x_wconf 88' lang='lat' dir='ltr'>sime</span> <span class='ocrx_word' id='word_1_373' title='bbox 306 2561 536 2596; x_wconf 87' lang='lat' dir='ltr'>adversatur.</span> <span class='ocrx_word' id='word_1_374' title='bbox 582 2582 627 2587; x_wconf 92' lang='lat'>—</span> <span class='ocrx_word' id='word_1_375' title='bbox 672 2557 736 2604; x_wconf 83' lang='grc' dir='ltr'>σὺ,</span> <span class='ocrx_word' id='word_1_376' title='bbox 776 2561 801 2596; x_wconf 90' lang='lat' dir='ltr'>h</span> <span class='ocrx_word' id='word_1_377' title='bbox 841 2557 897 2615; x_wconf 79' lang='grc' dir='ltr'>σῄ.</span> <span class='ocrx_word' id='word_1_378' title='bbox 941 2582 982 2587; x_wconf 87' lang='grc'>-</span> <span class='ocrx_word' id='word_1_379' title='bbox 1021 2560 1066 2597; x_wconf 92' lang='lat' dir='ltr'>V.</span> <span class='ocrx_word' id='word_1_380' title='bbox 1108 2565 1210 2597; x_wconf 90' lang='lat'><strong>1100.</strong></span> <span class='ocrx_word' id='word_1_381' title='bbox 1248 2558 1452 2608; x_wconf 81' lang='grc' dir='ltr'><strong><em>ἡμετέρην,</em></strong></span> <span class='ocrx_word' id='word_1_382' title='bbox 1491 2563 1552 2597; x_wconf 88' lang='lat' dir='ltr'>bm</span> <span class='ocrx_word' id='word_1_383' title='bbox 1587 2560 1719 2607; x_wconf 84' lang='grc' dir='ltr'><strong><em>ὑμετέ-</em></strong></span> 
     </span>
     <span class='ocr_line' id='line_1_41' title="bbox 175 2608 1720 2663; baseline 0.003 -21"><span class='ocrx_word' id='word_1_384' title='bbox 175 2621 257 2662; x_wconf 78' lang='grc' dir='ltr'><strong><em>ρην,</em></strong></span> <span class='ocrx_word' id='word_1_385' title='bbox 284 2608 384 2654; x_wconf 89' lang='lat' dir='ltr'>quod</span> <span class='ocrx_word' id='word_1_386' title='bbox 409 2608 586 2662; x_wconf 85' lang='lat' dir='ltr'>probavit</span> <span class='ocrx_word' id='word_1_387' title='bbox 604 2609 789 2663; x_wconf 82' lang='lat' dir='ltr'>Hartung,</span> <span class='ocrx_word' id='word_1_388' title='bbox 810 2608 875 2654; x_wconf 90' lang='lat' dir='ltr'>qui</span> <span class='ocrx_word' id='word_1_389' title='bbox 895 2611 1041 2644; x_wconf 84' lang='lat' dir='ltr'>veteres</span> <span class='ocrx_word' id='word_1_390' title='bbox 1061 2608 1246 2645; x_wconf 86' lang='lat' dir='ltr'>editiones</span> <span class='ocrx_word' id='word_1_391' title='bbox 1267 2611 1416 2646; x_wconf 87' lang='lat' dir='ltr'>secutus</span> <span class='ocrx_word' id='word_1_392' title='bbox 1436 2609 1615 2645; x_wconf 88' lang='lat' dir='ltr'>continuo</span> <span class='ocrx_word' id='word_1_393' title='bbox 1635 2610 1720 2646; x_wconf 86' lang='lat' dir='ltr'>sub-</span> 
     </span>
     <span class='ocr_line' id='line_1_42' title="bbox 175 2654 1722 2713; baseline 0.002 -23"><span class='ocrx_word' id='word_1_394' title='bbox 175 2655 298 2691; x_wconf 87' lang='lat' dir='ltr'>iunxit</span> <span class='ocrx_word' id='word_1_395' title='bbox 322 2655 532 2702; x_wconf 87' lang='lat' dir='ltr'>proximum</span> <span class='ocrx_word' id='word_1_396' title='bbox 559 2655 750 2692; x_wconf 84' lang='lat' dir='ltr'>distichon</span> <span class='ocrx_word' id='word_1_397' title='bbox 777 2656 1094 2713; x_wconf 88' lang='lat' dir='ltr'>quemadmodum</span> <span class='ocrx_word' id='word_1_398' title='bbox 1117 2657 1334 2710; x_wconf 66' lang='lat' dir='ltr'>Emperius,</span> <span class='ocrx_word' id='word_1_399' title='bbox 1362 2658 1426 2703; x_wconf 89' lang='lat' dir='ltr'>qui</span> <span class='ocrx_word' id='word_1_400' title='bbox 1451 2654 1656 2703; x_wconf 81' lang='grc' dir='ltr'><strong><em>ἠλεμάτην</em></strong></span> <span class='ocrx_word' id='word_1_401' title='bbox 1682 2660 1722 2694; x_wconf 89' lang='lat' dir='ltr'>et</span> 
     </span>
     <span class='ocr_line' id='line_1_43' title="bbox 175 2699 1719 2751; baseline 0.003 -13"><span class='ocrx_word' id='word_1_402' title='bbox 175 2702 403 2740; x_wconf 86' lang='lat' dir='ltr'>Boissonade</span> <span class='ocrx_word' id='word_1_403' title='bbox 429 2704 494 2749; x_wconf 88' lang='lat' dir='ltr'>qui</span> <span class='ocrx_word' id='word_1_404' title='bbox 520 2717 554 2739; x_wconf 86' lang='lat' dir='ltr'><strong>v.</strong></span> <span class='ocrx_word' id='word_1_405' title='bbox 587 2708 673 2741; x_wconf 82' lang='lat'>1101</span> <span class='ocrx_word' id='word_1_406' title='bbox 701 2700 827 2750; x_wconf 82' lang='grc' dir='ltr'><strong><em>χὸστις</em></strong></span> <span class='ocrx_word' id='word_1_407' title='bbox 859 2699 1020 2750; x_wconf 86' lang='grc' dir='ltr'><strong><em>(χωστις)</em></strong></span> <span class='ocrx_word' id='word_1_408' title='bbox 1054 2703 1206 2751; x_wconf 86' lang='lat' dir='ltr'>scripsit</span> <span class='ocrx_word' id='word_1_409' title='bbox 1237 2705 1420 2751; x_wconf 90' lang='lat' dir='ltr'>probante</span> <span class='ocrx_word' id='word_1_410' title='bbox 1447 2705 1719 2750; x_wconf 85' lang='lat' dir='ltr'>Heimsoethio,</span> 
     </span>
     <span class='ocr_line' id='line_1_44' title="bbox 174 2750 1720 2799; baseline 0.001 -13"><span class='ocrx_word' id='word_1_411' title='bbox 174 2762 371 2797; x_wconf 83' lang='lat' dir='ltr'>perperam</span> <span class='ocrx_word' id='word_1_412' title='bbox 397 2750 458 2787; x_wconf 92' lang='lat' dir='ltr'>illi</span> <span class='ocrx_word' id='word_1_413' title='bbox 484 2752 646 2797; x_wconf 88' lang='lat' dir='ltr'>quidem.</span> <span class='ocrx_word' id='word_1_414' title='bbox 675 2774 717 2778; x_wconf 91' lang='lat'><strong>—</strong></span> <span class='ocrx_word' id='word_1_415' title='bbox 746 2752 790 2788; x_wconf 91' lang='lat' dir='ltr'>V.</span> <span class='ocrx_word' id='word_1_416' title='bbox 820 2755 996 2796; x_wconf 78' lang='grc'>1101-2,</span> <span class='ocrx_word' id='word_1_417' title='bbox 1021 2763 1115 2797; x_wconf 88' lang='lat' dir='ltr'>quos</span> <span class='ocrx_word' id='word_1_418' title='bbox 1141 2754 1242 2788; x_wconf 89' lang='lat' dir='ltr'>recte</span> <span class='ocrx_word' id='word_1_419' title='bbox 1268 2765 1291 2788; x_wconf 89' lang='lat' dir='ltr'>a</span> <span class='ocrx_word' id='word_1_420' title='bbox 1316 2752 1503 2799; x_wconf 88' lang='lat' dir='ltr'>prioribus</span> <span class='ocrx_word' id='word_1_421' title='bbox 1529 2752 1720 2799; x_wconf 88' lang='lat' dir='ltr'>separavit</span> 
     </span>
     <span class='ocr_line' id='line_1_45' title="bbox 174 2798 1716 2846; baseline 0.003 -13"><span class='ocrx_word' id='word_1_422' title='bbox 174 2798 334 2843; x_wconf 86' lang='lat' dir='ltr'>Bekker,</span> <span class='ocrx_word' id='word_1_423' title='bbox 360 2798 461 2835; x_wconf 74' lang='lat' dir='ltr'>infra</span> <span class='ocrx_word' id='word_1_424' title='bbox 485 2801 572 2846; x_wconf 91' lang='lat' dir='ltr'>post</span> <span class='ocrx_word' id='word_1_425' title='bbox 598 2803 753 2837; x_wconf 78' lang='lat' dir='ltr'><strong>v.1278</strong></span> <span class='ocrx_word' id='word_1_426' title='bbox 786 2798 926 2845; x_wconf 84' lang='lat' dir='ltr'>repetit</span> <span class='ocrx_word' id='word_1_427' title='bbox 950 2801 999 2844; x_wconf 90' lang='lat' dir='ltr'>A,</span> <span class='ocrx_word' id='word_1_428' title='bbox 1031 2800 1071 2835; x_wconf 93' lang='lat' dir='ltr'>id</span> <span class='ocrx_word' id='word_1_429' title='bbox 1103 2800 1203 2845; x_wconf 86' lang='lat' dir='ltr'>quod</span> <span class='ocrx_word' id='word_1_430' title='bbox 1235 2802 1458 2846; x_wconf 86' lang='lat' dir='ltr'>argumento</span> <span class='ocrx_word' id='word_1_431' title='bbox 1491 2802 1549 2837; x_wconf 87' lang='lat' dir='ltr'>est</span> <span class='ocrx_word' id='word_1_432' title='bbox 1580 2813 1716 2838; x_wconf 88' lang='lat' dir='ltr'>novam</span> 
     </span>
     <span class='ocr_line' id='line_1_46' title="bbox 174 2827 1714 2895; baseline 0.002 -14"><span class='ocrx_word' id='word_1_433' title='bbox 174 2857 255 2882; x_wconf 88' lang='lat' dir='ltr'>esse</span> <span class='ocrx_word' id='word_1_434' title='bbox 281 2827 463 2893; x_wconf 83' lang='lat' dir='ltr'>eclogam,</span> <span class='ocrx_word' id='word_1_435' title='bbox 489 2848 552 2883; x_wconf 89' lang='lat' dir='ltr'>sed</span> <span class='ocrx_word' id='word_1_436' title='bbox 579 2848 824 2884; x_wconf 87' lang='lat' dir='ltr'>manifestum</span> <span class='ocrx_word' id='word_1_437' title='bbox 850 2849 909 2883; x_wconf 89' lang='lat' dir='ltr'>est</span> <span class='ocrx_word' id='word_1_438' title='bbox 933 2847 1117 2894; x_wconf 88' lang='lat' dir='ltr'>apodosin</span> <span class='ocrx_word' id='word_1_439' title='bbox 1142 2848 1282 2892; x_wconf 85' lang='lat' dir='ltr'>deesse,</span> <span class='ocrx_word' id='word_1_440' title='bbox 1303 2847 1497 2885; x_wconf 87' lang='lat' dir='ltr'>intercidit</span> <span class='ocrx_word' id='word_1_441' title='bbox 1520 2848 1637 2895; x_wconf 88' lang='lat' dir='ltr'>igitur</span> <span class='ocrx_word' id='word_1_442' title='bbox 1662 2849 1714 2884; x_wconf 91' lang='lat' dir='ltr'>di-</span> 
     </span>
     <span class='ocr_line' id='line_1_47' title="bbox 174 2893 1716 2949; baseline 0.003 -20"><span class='ocrx_word' id='word_1_443' title='bbox 174 2893 322 2930; x_wconf 84' lang='lat' dir='ltr'>stichon</span> <span class='ocrx_word' id='word_1_444' title='bbox 347 2895 432 2940; x_wconf 86' lang='lat' dir='ltr'>post</span> <span class='ocrx_word' id='word_1_445' title='bbox 457 2908 489 2931; x_wconf 91' lang='lat' dir='ltr'><strong>v.</strong></span> <span class='ocrx_word' id='word_1_446' title='bbox 520 2900 623 2949; x_wconf 76' lang='grc'>1102</span> <span class='ocrx_word' id='word_1_447' title='bbox 676 2896 768 2931; x_wconf 90' lang='lat' dir='ltr'>Cum</span> <span class='ocrx_word' id='word_1_448' title='bbox 793 2907 869 2931; x_wconf 90' lang='lat' dir='ltr'>non</span> <span class='ocrx_word' id='word_1_449' title='bbox 901 2895 951 2931; x_wconf 87' lang='lat' dir='ltr'>sit</span> <span class='ocrx_word' id='word_1_450' title='bbox 974 2895 1179 2931; x_wconf 89' lang='lat' dir='ltr'>verisimile</span> <span class='ocrx_word' id='word_1_451' title='bbox 1204 2896 1376 2942; x_wconf 88' lang='lat' dir='ltr'>eclogam</span> <span class='ocrx_word' id='word_1_452' title='bbox 1401 2895 1459 2932; x_wconf 91' lang='lat' dir='ltr'>bis</span> <span class='ocrx_word' id='word_1_453' title='bbox 1484 2896 1643 2942; x_wconf 86' lang='lat' dir='ltr'>pariter</span> <span class='ocrx_word' id='word_1_454' title='bbox 1653 2897 1716 2933; x_wconf 91' lang='lat' dir='ltr'>de-</span> 
     </span>
     <span class='ocr_line' id='line_1_48' title="bbox 173 2940 1714 2990; baseline 0.003 -13"><span class='ocrx_word' id='word_1_455' title='bbox 173 2940 394 2978; x_wconf 85' lang='lat' dir='ltr'>trimentum</span> <span class='ocrx_word' id='word_1_456' title='bbox 425 2942 633 2990; x_wconf 87' lang='lat' dir='ltr'>accepisse,</span> <span class='ocrx_word' id='word_1_457' title='bbox 669 2943 716 2989; x_wconf 86' lang='lat' dir='ltr'>is,</span> <span class='ocrx_word' id='word_1_458' title='bbox 753 2942 817 2989; x_wconf 91' lang='lat' dir='ltr'>qui</span> <span class='ocrx_word' id='word_1_459' title='bbox 852 2943 951 2979; x_wconf 89' lang='lat' dir='ltr'>hanc</span> <span class='ocrx_word' id='word_1_460' title='bbox 985 2944 1249 2990; x_wconf 85' lang='lat' dir='ltr'>gnomologiae</span> <span class='ocrx_word' id='word_1_461' title='bbox 1284 2946 1431 2990; x_wconf 87' lang='lat' dir='ltr'>partem</span> <span class='ocrx_word' id='word_1_462' title='bbox 1463 2944 1714 2990; x_wconf 85' lang='lat' dir='ltr'>concinnavit,</span> 
     </span>
    </p>
   </div>
  </div>
 </body>
</html>
