1890 3216
213 154 304 196 420
806 152 1158 196 IAMBOGRAPHI.

553 273 573 303 5
599 258 789 316 τήνελλα
821 254 1056 311 καλλίνικε.

214 346 303 387 Στρ.
332 341 378 391 β’.
408 394 415 401 η
595 329 817 388 (Τήνελλα
849 333 1105 388 καλλίνικε).

428 398 544 458 χαῖρ’
580 399 716 458 ἄναξ,
741 399 1008 459 “Ηροῖκλεες.’

215 560 308 600 tum,
336 558 381 592 de
408 556 604 592 verborum
628 555 748 601 magis
774 567 886 600 quam
911 556 956 591 de
977 566 1098 591 rerum
1119 556 1318 591 momentis
1339 556 1516 592 dissensio
1535 555 1631 609 foret
1647 555 1747 591 inter

216 605 504 639 Eratosthenem
531 606 570 638 et
594 602 863 647 Aristarchum,
898 614 994 648 quae
1020 603 1202 639 dissensio
1226 603 1409 640 rationem
1439 603 1567 647 habet,
1598 602 1631 638 si
1654 603 1745 649 eph-

213 652 381 697 ymnium
399 652 458 686 ter
477 650 634 695 singulis
656 650 726 686 fuit
745 649 907 702 strophis
933 650 1124 695 insertum,
1152 652 1193 686 ut
1217 651 1346 687 novies
1371 648 1530 696 τήνελλα
1555 651 1743 686 καλλίνικε

214 700 456 744 repeteretur
516 698 597 733 Hoc
633 696 851 743 planissime
889 699 1049 733 testatur
1088 699 1202 734 schol.
1236 699 1314 735 cod.
1347 698 1452 734 Vrat.
1485 703 1503 733 1
1538 709 1562 732 a
1594 696 1747 755 Sybelio

217 746 376 782 editum.
403 743 622 804 κωμάζοντι
649 745 788 791 φίλοις]
821 743 1005 783 πλειόνων
1038 743 1160 781 οὐσῶν
1193 746 1367 791 στροφῶν
1398 745 1491 791 (cod.
1517 745 1616 780 male
1640 741 1744 780 ἄντι-

217 793 403 839 στροφῶν)
430 790 525 828 καθ’
555 789 716 850 ἑκάστην
743 790 909 849 στροφὴν
937 791 1010 852 ἔφη
1038 789 1097 828 ὅτι
1128 793 1205 837 τρὶς
1230 793 1324 838 (cod.
1351 794 1471 850 τρεῖς)
1490 788 1746 828 ἔπεκελοὶδουν

217 842 405 876 καλλίνικε
437 839 626 896 λέγοντες·
661 836 705 875 οὗ
732 837 901 875 καθόλου
929 838 970 875 δὲ
982 842 1074 898 τρίς
1100 841 1195 886 (cod.
1221 841 1351 886 τρεῖς),
1383 837 1477 876 ἀλλὰ
1502 835 1567 876 καὶ
1590 839 1747 896 τριπλῆν

218 888 319 934 ἔχειν
346 886 413 933 τὴν
446 885 588 933 τροπήν
621 887 815 943 (correctio
836 886 1015 944 στροφήν
1048 900 1122 924 non
1147 899 1275 924 necess
1277 888 1380 932 aria).
1414 887 1479 923 καὶ
1510 884 1624 923 πάλιν
1655 883 1748 922 (ἱνα-

216 933 482 984 λαμβάνεσθαι
515 935 650 970 τοῦτον
683 932 748 970 τὸν
780 932 931 994 τρόπον.
939 935 971 979 *)
1004 947 1100 992 quae
1131 935 1170 970 in
1203 935 1316 971 schol.
1344 934 1464 971 Vatie.
1492 938 1515 991 §-
1538 940 1558 970 6
1584 933 1683 970 male
1707 933 1748 969 in

216 986 361 1019 arctum
386 983 540 1018 redacta
565 984 666 1018 sunt.
692 980 733 1017 τὸ
755 980 797 1017 δὲ
817 980 1000 1027 τριπλόος,
1026 978 1085 1018 ὅτι
1103 982 1191 1039 τρὶς
1202 979 1458 1019 ἕπεκελάὸουν
1477 979 1519 1018 τὸ
1539 983 1746 1018 καλλίνικε·

217 1044 262 1066 ον
288 1028 456 1066 καθόλου
484 1028 525 1065 δὲ
552 1031 646 1075 τρίς,
673 1026 754 1064 ἀλλ’
783 1043 841 1064 οτι
866 1031 1022 1075 τριπλῆν
1050 1029 1128 1075 ἔχει
1147 1027 1220 1088 τὴν
1247 1027 1414 1076 στροφὴν
1434 1029 1500 1065 καὶ
1517 1026 1630 1065 παλιν
1650 1025 1746 1064 ἀνα-

217 1075 457 1126 λαμβανεται.
485 1077 550 1112 ubi
576 1077 676 1122 quod
701 1074 796 1112 καθ’
826 1074 987 1131 ἓκαστην
1015 1075 1199 1122 στροφήν,
1230 1077 1270 1112 111
1302 1089 1375 1123 quo
1406 1076 1461 1112 rei
1493 1076 1603 1112 cardo
1628 1076 1743 1112 verbi—

216 1129 287 1169 tur,
311 1125 612 1178 praetermissum
639 1126 711 1168 est,
742 1136 818 1159 non
848 1125 924 1159 iam
960 1127 1109 1170 poterat
1138 1124 1302 1170 intelligi
1335 1124 1455 1160 verbis
1497 1121 1542 1160 οὗ
1573 1121 1746 1159 καθόλου
1816 1161 1823 1165 ,

217 1173 259 1208 δὲ
285 1173 363 1217 τρὶς
387 1171 590 1218 significari
616 1171 859 1217 ephymnium
884 1183 958 1207 non
982 1173 1050 1216 ter,
1077 1173 1140 1207 sed
1168 1173 1315 1218 saepius
1335 1172 1536 1218 repetitum
1557 1182 1648 1208 esse.
1687 1171 1744 1206 Ex

219 1220 372 1266 Didymi
406 1220 675 1255 commentario
713 1220 806 1254 haec
842 1219 963 1264 petita
994 1201 1182 1263 videntur,
1214 1220 1278 1264 qui
1311 1218 1598 1255 Eratosthenem
1636 1224 1749 1272 quam

216 1268 474 1303 Aristarchum
501 1267 605 1312 sequi
631 1267 774 1302 maluit.
826 1268 949 1311 Atque
979 1267 1055 1302 iam
1087 1265 1177 1303 licet
1206 1266 1257 1313 hy
1260 1266 1338 1302 mni
1362 1266 1540 1312 reliquias
1573 1264 1749 1312 probabi-

217 1316 304 1350 liter
327 1315 540 1358 restituere,
567 1327 600 1350 v.
628 1319 648 1349 3
676 1316 714 1349 et
739 1318 760 1349 6
793 1314 1033 1359 ephymnium
1065 1312 1222 1360 τήνελλα
1233 1280 1442 1350 Ἱκαλλίνικε
1474 1312 1620 1358 addidi3
1651 1323 1748 1358 quae

217 1364 304 1409 post
328 1375 361 1398 v.
390 1367 409 1398 7
437 1362 582 1406 desunt,
607 1361 647 1396 in
672 1361 770 1396 hunc
795 1361 871 1397 fere
897 1362 1047 1397 modum
1074 1362 1363 1407 redintegranda
1390 1360 1580 1398 videntur·

597 1442 755 1502 τήνελλα
780 1445 984 1500 καλλίνικε,

506 1491 664 1550 ἔπερσας
690 1488 838 1538 Αυγέην
862 1505 902 1527 τε
928 1504 1054 1527 παντα
1079 1504 1118 1527 τε
1146 1488 1315 1538 στρατόν.

222 1547 264 1577 10
600 1538 756 1585 τήνελλα
782 1540 983 1575 καλλίνικε.

220 1627 308 1669 Στρ.
335 1622 379 1669 γ’.
595 1619 772 1681 Ττλνελλοι
795 1623 994 1659 καλλίνικε.

504 1674 589 1716 χαῖρ
634 1671 743 1714 αναξ,
763 1667 976 1715 Ηράκλεες,

601 1715 759 1761 τηνελλα
784 1719 988 1761 καλλίνικε,

503 1762 593 1811 ἡμιν
619 1763 661 1801 δὲ
687 1767 798 1810 νίκην
824 1766 889 1800 καὶ
913 1778 1050 1809 κρατος
1074 1764 1207 1811 φέρειν
1234 1766 1353 1801 δίδου.

222 1819 266 1850 15
599 1811 756 1857 τήνελλα
781 1813 981 1849 καλλίνικε,

220 1908 308 1944 Fuit
332 1907 448 1953 igitur
471 1906 688 1943 Archilochi
712 1907 873 1953 hymnus
908 1907 1064 1952 antiqua
1095 1907 1336 1953 simplicitate
1366 1906 1540 1952 insignis,
1571 1917 1659 1942 nam
1690 1917 1752 1942 ca—

220 1956 302 2001 pita
331 1957 478 1991 tantum
510 1967 633 1990 rerum
671 1965 783 2000 quam
820 1954 1037 1990 brevissime
1073 1956 1187 2000 poeta
1222 1954 1447 2000 perstrinxit.
1483 1974 1527 1980 —
1553 1953 1751 1990 Elmsleius

221 2002 438 2038 Archilochi
463 2002 714 2048 fragmentum
740 2002 796 2038 ita
822 2002 1029 2039 constituit:

501 2091 541 2132 Ὦ
567 2098 754 2132 καλλίνικε
780 2094 882 2143 χαῖρ’
910 2094 1019 2143 ἅναξ,
1039 2094 1251 2155 Ηράκλεες,

509 2141 624 2185 αὐτὸς
647 2157 686 2180 τε
715 2141 876 2190 κίόλαος,
902 2126 1063 2191 αἰχμητὰ
1090 2143 1179 2190 δύω,

602 2191 759 2236 τήνελλα
784 2194 984 2229 καλλίνικε.

224 2288 422 2334 ephymnio
447 2288 486 2323 111
512 2288 623 2322 finem
648 2287 798 2330 reiecto,
823 2287 926 2322 haud
950 2287 1062 2322 dubie
1088 2288 1296 2333 propterea,
1316 2288 1416 2333 quod
1435 2287 1533 2324 solet
1557 2286 1634 2323 fere
1659 2287 1751 2346 eph-

223 2336 391 2394 ymnium
415 2336 514 2370 hunc
540 2335 663 2371 locum
690 2314 869 2391 obtinere,
895 2338 933 2370 et
958 2334 1058 2379 quod
1084 2335 1159 2370 sch.
1185 2335 1292 2370 Pind.
1319 2339 1339 2378 ξ
1359 2339 1379 2370 6
1406 2337 1496 2372 extr.
1524 2334 1631 2370 dicit:
1656 2332 1680 2379 ἡ
1707 2332 1749 2370 δὲ

224 2381 336 2429 αρχὴ
362 2384 430 2418 τοῦ
457 2382 592 2429 μέλους
617 2379 734 2417 ἐστίν·
761 2376 790 2416 ὦ
815 2382 1002 2417 καλλίνικε
1030 2379 1131 2427 χαῖρ’
1159 2380 1256 2425 ἄναξ
1271 2379 1482 2427 Ηρακλεες,
1502 2382 1567 2417 sed
1587 2395 1614 2416 ω
1637 2380 1752 2417 ceteri

225 2443 353 2467 omnes
386 2431 579 2476 ignorant,
609 2430 682 2465 nisi
714 2429 814 2473 quod
846 2429 1006 2464 Dindorf
1033 2429 1148 2465 schol.
1182 2430 1369 2475 Aristoph.
1399 2429 1440 2465 in
1470 2430 1568 2465 hunc
1598 2428 1752 2464 modum

225 2478 486 2524 interpolavit3
513 2477 628 2512 schol.
654 2476 779 2520 Pind.,
805 2476 871 2521 qui
895 2476 1055 2522 primum
1081 2488 1228 2512 versum
1253 2477 1368 2512 fuisse
1392 2476 1567 2522 perhibet
1591 2489 1619 2510 ω
1646 2480 1752 2521 χαῖρε

225 2529 299 2563 κτλ.
326 2537 392 2562 suo
418 2506 597 2571 periculo,
621 2535 696 2559 non
720 2523 966 2559 Eratosthene
992 2526 1142 2560 auctore
1169 2523 1320 2560 asserit.
1346 2535 1434 2560 nam
1458 2523 1571 2560 ceteri
1596 2534 1750 2559 consen-

224 2573 340 2617 tiunt,
376 2574 528 2618 poetam
559 2573 607 2608 ab
637 2571 837 2617 ephymnio
875 2583 998 2607 orsum
1029 2583 1128 2616 esse,
1161 2571 1206 2607 cf.
1236 2571 1407 2617 inprimis
1438 2572 1512 2607 sch.
1543 2570 1650 2606 Pind.
1684 2573 1726 2626 5
1729 2574 1751 2606 2

225 2618 456 2676 προτάξας
494 2620 562 2663 (ita
599 2619 876 2675 corrigendum,
917 2619 1020 2654 Vrat.
1052 2599 1260 2677 ἆνατάξας,
1293 2619 1408 2675 vulgo
1447 2617 1645 2663 συντάξας)
1683 2610 1752 2653 οὖν

225 2669 336 2704 τοῦτο
361 2665 402 2703 τὸ
430 2679 636 2720 κομματιον
662 2664 831 2711 τήνελλα,
858 2679 954 2701 ουτω
988 2666 1052 2701 καὶ
1085 2664 1132 2702 τὰ
1165 2647 1260 2711 ἑξῆς
1281 2662 1570 2720 ἄνεβαλλετο.
1598 2685 1641 2691 -
1667 2663 1748 2710 Ego

227 2717 338 2751 antea
363 2715 590 2751 cantilenam
614 2713 653 2748 in
678 2716 753 2749 tres
779 2714 952 2759 strophas
977 2713 1148 2750 binorum
1173 2724 1346 2750 versuum
1370 2712 1514 2759 redegi:

322 2857 356 2903 *)
383 2858 486 2901 Quae
506 2857 710 2914 sequuntur
734 2854 887 2894 Βέλτιον
914 2854 970 2902 δέ,
996 2850 1054 2894 ὅτι
1078 2855 1155 2903 τρὶς
1181 2853 1325 2904 ἐπῇδον
1350 2852 1391 2892 τὸ
1414 2851 1601 2903 ἐφύμνιον
1626 2852 1666 2891 οἱ
1681 2867 1751 2891 κω-

228 2907 380 2952 μασταί·
407 2905 501 2952 λέγω
529 2905 571 2942 δὲ
597 2903 639 2941 τὸ
666 2903 823 2951 τήνελλα
848 2908 1049 2942 καλλίνικε
1076 2905 1251 2941 librarius
1277 2905 1425 2941 adiecit.

253 3031 272 3041 a
