1890 3216
954 870 1031 914 IV.
1700 884 1768 917 786

758 987 1228 1040 ANANIUS.

709 1146 1275 1192 ΧΩΛΙΑΜΒΟΙ.

975 1285 1011 1327 1.

303 1385 549 1446 ’Ἀπολλον,
583 1387 633 1442 ὅς
663 1406 753 1435 που
786 1393 943 1448 Δῆλον
975 1388 1002 1448 ἢ
1037 1389 1233 1436 Πυθῶν’
1270 1394 1402 1448 ἔχεις,

314 1456 342 1517 ἢ
375 1459 533 1514 Νάξον
564 1459 592 1519 ἢ
626 1466 834 1519 Μίλητον
868 1460 895 1520 ἢ
927 1466 1062 1527 θείην
1094 1462 1304 1521 Κλάρον,

317 1533 420 1577 ἵκου
450 1531 557 1577 καθ’
596 1534 752 1591 ἱερῶν,
783 1532 811 1592 ἢ
844 1533 1034 1588 Σκύθας
1065 1533 1255 1593 ἀφίξεαι.

967 1680 1006 1724 2.

315 1780 498 1846 Χρυσὸν
530 1787 648 1843 λέγει
679 1785 927 1845 Πύθερμος
958 1783 1019 1838 ὥς
1050 1782 1189 1830 οὐδὲν
1220 1779 1373 1830 τᾶλλα.

313 1966 527 2004 Ananius.
565 1965 705 2002 Ananii
729 1978 845 2002 unum
870 1966 1020 2002 tanssum
1045 1975 1239 2011 superesse
1259 1965 1513 2011 fragmentum
1534 1965 1593 2011 (fr.
1615 1966 1651 2010 5)
1678 1977 1761 2002 cen-

217 2016 276 2050 set
307 2014 426 2050 Brink
457 2014 607 2060 (Philol.
635 2014 687 2050 VI
715 2018 758 2050 76
774 2014 883 2059 seq.)‚
926 2016 1051 2050 cetera
1089 2013 1216 2050 omnia
1252 2013 1340 2049 huic
1378 2015 1514 2059 poetae
1551 2013 1759 2059 abiudicat3

0 2067 7 2108 ξ
217 2062 378 2107 denique
405 2073 450 2098 eo
475 2062 649 2107 devenit,
680 2063 724 2097 ut
747 2062 934 2097 Ananium
966 2062 1121 2107 poetam
1146 2060 1298 2097 omnino
1324 2060 1438 2097 fuisse
1463 2062 1637 2107 negaret3
1668 2061 1760 2108 Hip-

0 2114 9 2131 *
217 2111 419 2156 ponactem
445 2109 544 2145 enim
570 2110 657 2145 ficto
678 2109 816 2145 Ananii
841 2108 991 2144 nomine
1017 2108 1276 2154 perstrinxisse
1301 2108 1492 2144 hominem
1517 2108 1630 2155 gulae
1655 2109 1759 2145 dedi-

215 2160 315 2194 tum:
343 2157 410 2194 sed
434 2158 530 2193 haee
553 2157 779 2215 ledarguere
804 2156 866 2192 vix
892 2168 1027 2202 operae
1053 2158 1112 2192 θεὴ
1135 2156 1380 2214 111θῂ111111-
1413 2157 1472 2192 Fr.
1503 2121 1543 2192 1g
1565 2156 1757 2203 Aristoph.

216 2206 310 2242 Rau.
336 2218 370 2241 v.
398 2208 484 2241 659:
531 2208 597 2241 ΔΙ.
615 2201 810 2249 Ἄπολλον,
845 2200 888 2246 ὅς
918 2217 992 2240 που
1020 2207 1078 2249 Δη
1063 2204 1147 2240 λον
1179 2199 1203 2250 ἢ
1230 2200 1393 2239 Πυθῶν’
1431 2202 1530 2263 ἔχεις
1562 2225 1607 2230 -
1639 2205 1756 2244 EAM

209 2251 411 2312 Ἤλγησεν,
449 2250 520 2289 οὐκ
554 2249 738 2298 ἥκουσας;
777 2256 843 2287 ΔΙ.
878 2249 960 2288 Οὔκ
993 2249 1033 2297 ἔγ
1012 2248 1120 2297 γ’,ωγ
1159 2248 1244 2288 ἐπεὶ
1281 2252 1419 2311 ἴαμβον
1454 2250 1760 2294 Ιππώνακτος

216 2298 588 2361 ἀνεμιμνησκόμην.
602 2300 668 2336 ubi
694 2300 816 2336 Schol.
844 2297 893 2341 ὡς
918 2296 1084 2358 ἀλγήσας
1110 2298 1176 2335 καὶ
1207 2311 1320 2345 συγκε
1346 2298 1486 2359 νμὲνος
1518 2296 1588 2336 οὐκ
1614 2297 1694 2336 οἶδε
1722 2302 1763 2336 τί

215 2348 334 2395 λέγει,
368 2345 451 2384 ἐπεὶ
478 2361 554 2406 ουχ
579 2344 906 2404 Ιπποόνακτος,
939 2343 1035 2383 αλλ’
1065 2343 1288 2383 Ἀνανίου·
1345 2345 1500 2394 πιφέρει
1532 2346 1575 2384 δε
1609 2344 1629 2383 ὁ
1656 2344 1759 2384 Ἀνα-

215 2398 302 2438 νίας
326 2393 447 2445 αὐτῷ·
474 2392 498 2442 ἢ
526 2392 684 2439 Νάξον
710 2398 784 2431 κτλ.
813 2417 857 2421 -
883 2376 927 2431 V.
956 2399 987 2431 1.
1013 2407 1107 2440 που,
1132 2394 1306 2431 Meineke
1332 2408 1413 2431 κου.
1446 2416 1485 2421 -
1511 2395 1555 2431 V.
1583 2399 1616 2430 2.
1642 2396 1757 2454 θείην

215 2445 406 2489 Meineke,
431 2457 468 2480 v
491 2444 619 2480 θείαν.
646 2464 690 2469 -
718 2443 763 2479 V.
790 2447 823 2480 3.
851 2440 964 2497 ἷερῶν
990 2441 1140 2500 scripsi,
1167 2442 1246 2479 sive
1271 2439 1357 2478 κατ’
1386 2442 1476 2488 ἰρῶν
1502 2441 1756 2489 11111118,ἰερον

145 2526 148 2530 1
217 2494 268 2540 Θ,
305 2491 420 2538 vulgo
453 2487 526 2549 ἱέρ’
514 2520 540 2549 ‚
577 2491 750 2527 Meineke
786 2489 880 2527 coni.
914 2488 998 2526 ἰκεῦ
1030 2486 1116 2527 κατ’
1151 2487 1232 2548 ἱροὶ,
1269 2490 1359 2548 πρὶν
1390 2457 1553 2532 Σκύθας
1591 2457 1758 2537 ἀπίξεαι,

217 2538 364 2577 Hecker
390 2535 475 2576 κατ’
503 2535 817 2585 ἠέρ’,Ε11ὺΖ8011θ
843 2534 939 2574 καθ’
968 2535 1070 2583 ἱεροὶ,
1096 2534 1167 2574 κού
1186 2540 1255 2574 Σκ.
1283 2534 1570 2584 ἄφ,Ηε,11;11118·
1594 2538 1756 2596 permire

215 2584 239 2635 ἢ
272 2585 434 2629 Σκύθας
466 2583 606 2632 αφῖξαι
639 2587 746 2632 πρίν,
782 2597 905 2632 neque
943 2566 1151 2622 audiefidus
1186 2585 1329 2622 Preller
1344 2565 1479 2631 'Myth
1507 2585 1568 2622 Gr.
1595 2585 1612 2620 Ι
1640 2590 1706 2622 193
1731 2579 1755 2633 ᾗ

215 2635 416 2683 corrigens.

310 2719 370 2755 Fr.
397 2723 429 2755 2.
481 2718 670 2755 Heraelid.
694 2718 801 2754 Ponh.
829 2728 887 2775 ap.
913 2716 1049 2752 Athen.
1075 2715 1162 2751 XIV
1189 2719 1259 2752 625
1274 2716 1319 2752 G:
1352 2716 1448 2762 φασὶ
1473 2715 1516 2752 δὲ
1543 2713 1755 2810 Πύθερὲμον

215 2765 282 2804 τὸν
310 2765 449 2825 Τήϊον
456 2763 498 2803 ἐν
524 2767 574 2813 τῷ
602 2764 707 2822 γένει
731 2766 797 2812 τῆς
821 2762 1006 2822 ἁρμονίας
1031 2759 1133 2812 αὐτῷ
1158 2761 1279 2811 τούτῳ
1303 2764 1461 2810 ποιῆσαι
1486 2761 1616 2800 σκολιὰ

217 2815 283 2851 καὶ
314 2813 380 2851 διὰ
411 2811 454 2850 τὸ
488 2803 589 2850 εἶναι
619 2811 687 2850 τὸν
719 2810 880 2871 ποιητὴν
903 2808 1070 2848 Ἰωνικὸν
1091 2800 1203 2847 ’Ῐαστὶ
1233 2814 1300 2858 κλη
1360 2825 1425 2847 ναι
1455 2809 1524 2857 τὴν
1549 2807 1754 2858 αρμονίαν·

217 2856 330 2904 οὗτός
371 2859 449 2899 ἔστι
485 2859 709 2908 Πύθερμος,
747 2854 792 2897 οὗ
831 2856 1062 2919 μνημονεύει
1094 2855 1292 2900 Ἀνάνιος
1316 2873 1352 2915 η
1378 2856 1567 2903 Ιππῶναξ
1606 2857 1648 2895 ἐν
1678 2863 1756 2917 τοῖς

214 2906 384 2968 Ἰαμβοις
404 2921 539 2950 ουτως·
568 2906 754 2968 Χρυσὸν
779 2911 856 2945 κτλ.
882 2906 985 2953 λέγει
1008 2905 1048 2942 δ’
1076 2920 1194 2948 ουτως
1220 2904 1240 2943 ὁ
1266 2903 1487 2953 Πύθερμος·
1522 2901 1754 2952 Ουδὲνην

215 2971 306 3003 αρα
331 2951 471 2993 τᾶλλα
497 2955 612 3003 πλὴν
639 2955 659 2993 ὁ
687 2954 861 3003 χρυσός.
914 2955 971 2990 Ad
996 2954 1096 2991 idem
1120 2955 1194 2991 hoe
1219 2966 1370 2991 carmen
1392 2954 1560 3002 pertinet
1584 2954 1627 2991 fr.
1654 2958 1686 2990 3.

0 1929 9 1969 't

0 1982 10 2007 ε

0 2008 8 2039 ῗ
