1890 3216
917 702 1010 746 2111.
1660 716 1728 748 583

628 804 1303 860 MEL'ANTHIUS.

815 940 1110 975 ΕΛΕΓΕΙΑ

948 1025 984 1066 1.

269 1104 422 1151 Αὑτοῦ
454 1104 539 1163 γὰρ
572 1104 814 1149 δαπάναισι
846 1107 970 1149 θεῶν
1001 1103 1140 1156 ναοὺς
1171 1103 1342 1162 ἀγοράν
1374 1099 1442 1149 τε

327 1181 583 1235 Κεκροπίαν
615 1175 802 1233 κόσμησ’
837 1174 1040 1233 ἡμιθέων
1073 1174 1261 1234 ἀρεταῖς.

939 1297 965 1327 c)

938 1326 977 1339 —1-

314 1386 423 1424 Plut.
462 1386 533 1425 vit.
565 1385 663 1425 Cim.
696 1398 727 1424 c.
761 1386 805 1423 4:
844 1383 984 1435 Κίμων
1023 1378 1044 1422 ὃ
1077 1379 1304 1424 Μιλτιάδου
1343 1380 1486 1437 μητρὸς
1522 1378 1574 1436 ἦν
1604 1380 1726 1438 Ἡγη-

196 1446 380 1501 σιπύλης,
412 1448 525 1503 γένος
554 1447 748 1506 Θρᾴττης,
774 1445 974 1502 θυγατρὸς
993 1445 1155 1502 Ὀλόρου
1180 1452 1249 1489 τοῦ
1275 1448 1476 1502 βασιλέως,
1502 1445 1555 1498 ὦς
1579 1448 1622 1489 ἕν
1646 1454 1728 1498 τοῖς

190 1517 399 1573 Ἀρχελάου
431 1520 497 1560 καὶ
523 1522 764 1560 Μελανθίου
790 1515 1007 1572 ποιήμασιν
1032 1520 1086 1568 εἰς
1112 1516 1232 1560 αὐτὸν
1258 1522 1423 1573 Κίμωνα
1448 1519 1727 1575 γεγραμμένοις

193 1583 399 1638 ἱστόρηται.

936 1679 975 1720 3.

314 1767 421 1805 Plut.
440 1765 512 1806 vit.
533 1764 631 1804 Cim.
651 1778 683 1804 c.
704 1766 748 1803 4:
780 1759 829 1804 οὗ
861 1759 940 1815 μὴν
973 1760 1069 1804 ἀλλὰ
1102 1764 1168 1804 καὶ
1199 1759 1300 1813 ὅλως
1326 1766 1506 1816 φαίνεται
1531 1769 1613 1814 τοῖς
1636 1765 1725 1819 περὶ

191 1828 260 1879 τὰς
291 1835 484 1885 γυναῖκας
515 1829 713 1882 ἐρωτικοῖς
751 1826 771 1869 ὅ
804 1831 944 1882 Κίμων
975 1830 1111 1883 ἔνοχος
1141 1830 1345 1884 γενέσθαι·
1387 1831 1453 1871 καὶ
1489 1828 1564 1885 γὰρ
1598 1828 1725 1872 Ἀστε-

193 1898 279 1947 ρίας
309 1899 361 1952 τῷ
392 1894 495 1949 γένει
520 1895 764 1948 Σαλαμινίας
795 1894 860 1935 καὶ
886 1892 1005 1935 πάλιν
1031 1891 1249 1949 Μνήστρας
1273 1892 1377 1944 τινὸς
1403 1892 1424 1936 ὃ
1449 1892 1614 1949 ποιητὴς
1639 1899 1723 1937 Με-

191 1958 359 2009 λάνθιος
396 1958 636 2013 μνημονεύει
672 1957 770 2013 πρὸς
807 1957 876 2001 τὸν
913 1961 1081 2013 Κίμωνα
1119 1962 1269 2008 παίζων
1307 1958 1362 2000 δι’
1403 1960 1571 2014 ἐλεγείας
1601 1974 1723 2002 σπου-

195 2025 423 2079 δαζομένων
453 2022 521 2066 ὑπ’
557 2023 689 2067 αὐτοῦ.

286 2152 581 2188 Melanthius.
631 2153 690 2189 Fr.
719 2158 749 2188 1.
794 2153 891 2189 Plut.
918 2153 982 2189 vit.
1011 2153 1101 2189 Cim.
1130 2165 1159 2189 c.
1186 2158 1225 2189 4:
1246 2149 1288 2189 Ο
1313 2151 1354 2188 δε
1381 2150 1628 2210 Πολύγνωτος
1652 2150 1723 2190 οὐκ

192 2193 240 2245 ἦν
266 2201 340 2234 τῶν
369 2199 569 2257 βαναύσων
595 2197 680 2236 οὐδ’
703 2197 774 2236 απ’
798 2198 1020 2263 ἐργολαβίας
1047 2200 1189 2247 ἔγραφε
1216 2198 1284 2246 τὴν
1304 2214 1430 2245 στοαν,
1456 2198 1549 2236 αλλὰ
1569 2206 1722 2247 προῖκα,

190 2245 503 2303 φιλοτιμούμενος
528 2245 623 2304 πρὸς
648 2246 717 2293 τὴν
742 2246 862 2292 πόλιν,
889 2245 938 2290 ὡς
964 2249 1007 2284 οι
1025 2261 1063 2284 τε
1086 2253 1316 2306 συγγραφεῖς
1335 2246 1524 2294 ιστοροῦσι
1544 2248 1608 2284 καὶ
1629 2252 1722 2284 Με-

189 2292 384 2336 λανθιος
410 2292 429 2330 ὁ
457 2293 652 2341 ποιητὴς
667 2294 776 2341 λέγει
801 2295 868 2331 τὸν
893 2293 1034 2341 τρόπον
1054 2297 1205 2331 τοῦτον·
1233 2293 1380 2331 Αὑτοῦ
1402 2299 1477 2331 κτλ.
1527 2295 1723 2342 Goettling

148 2366 154 2368 ε
189 2342 399 2388 suspicatus
426 2346 483 2378 est
508 2343 580 2379 hoe
605 2343 793 2379 distichon
812 2343 1033 2389 inscriptum
1058 2343 1200 2379 fuisse
1189 2356 1228 2379 m
1252 2343 1400 2389 porticu
1419 2345 1581 2390 ποικίλῃ,
1607 2345 1720 2389 atque

189 2390 471 2436 epigrammatis
497 2391 605 2426 huius
631 2390 746 2426 etiam
772 2391 866 2427 alias
892 2391 1071 2448 reliquias
1097 2401 1299 2447 superesse
1327 2390 1392 2426 sed
1417 2391 1502 2426 vide
1521 2391 1606 2427 Keil
1624 2391 1718 2428 Mus.

189 2437 304 2473 Rhen.
335 2437 472 2473 XVIII
482 2442 526 2473 53
548 2449 648 2483 seqq.
684 2460 728 2464 —-
760 2438 803 2475 V
831 2443 864 2475 2.
896 2437 994 2484 κόσμ
994 2435 1054 2484 η’σ
1088 2438 1192 2482 libri,
1224 2435 1388 2484 κόσμησε
1420 2438 1484 2473 καὶ
1518 2438 1645 2484 Steph.
1673 2459 1717 2464 -—

188 2482 342 2529 ἀρεταῖς
367 2486 511 2529 Reiske,
534 2485 622 2520 libri
641 2482 879 2531 αγοραῖσι(ν)
906 2486 979 2522 nisi
967 2452 1097 2531 uquod
1117 2486 1196 2522 cod.
1217 2486 1314 2522 Med.
1334 2491 1551 2545 γραφαισιν.
1588 2486 1718 2532 Neque

187 2538 313 2568 tamen
330 2532 470 2568 Reiskii
486 2533 666 2569 eorrectio
680 2533 867 2569 satisfacit
875 2534 1045 2579 ‚requiro
1061 2532 1240 2580 ἔργμασιν
1253 2530 1426 2579 ἡμιθέων
1446 2533 1506 2569 vel
1527 2534 1602 2569 tale
1616 2534 1716 2578 quid.
