1890 3216
183 170 271 212 408
772 167 861 204 IAM
867 166 1125 205 BOGRAPHI.

856 290 858 293 ’
890 305 912 329 *
946 302 1012 344 87.

250 396 380 455 Ὁρᾷς
411 394 471 440 ἵν’
508 394 595 439 ἔστ’
633 397 800 446 ἐκεῖνος
831 392 1005 451 ὑψηλὸς
1037 394 1177 457 πάγος

314 466 479 524 τρηχύς
508 484 554 511 τε
585 467 659 510 καὶ
690 469 975 522 παλίγκοτος,

258 541 306 584 ἐν
337 541 397 599 τῷ
429 538 630 596 κάθημαι
663 536 747 594 σὴν
780 538 1028 594 ἐλαφρίζων
1061 536 1217 594 μάχην.

867 695 934 738 88.
968 695 1043 749 [8.]

253 784 306 833 ³52
340 792 448 845 Ζεῦ,
481 788 616 843 πάτερ
651 790 761 840 Ζεῦ,
795 786 877 831 σὸν
910 787 991 844 μὲν
1024 785 1224 845 οὐρανοῦ
1256 787 1435 845 κράτος,

321 859 378 905 σὺ
412 858 453 905 δ’
490 858 581 918 ἔργ’
618 857 684 904 ἐπ’
720 849 978 916 ἀνθρώπων
1012 857 1121 917 ὁρᾷς
1652 872 1720 904 ’108

263 930 435 988 λεωργὰ
468 931 542 975 καὶ
574 929 786 987 θεμιστά,
820 930 891 974 σοὶ
925 930 973 974 δὲ
1004 934 1182 987 θηρίων

321 1002 451 1061 ὕβρις
481 1021 526 1048 τε
557 1003 630 1047 καὶ
663 1005 762 1059 δίκη
797 1002 926 1059 μέλει.

193 1220 322 1265 aquila
346 1222 378 1253 et
403 1219 508 1264 vulpe
534 1218 653 1262 deque
679 1218 787 1262 vulpe
806 1220 838 1251 et
857 1217 967 1252 simia
986 1216 1203 1260 illustravit,
1222 1216 1280 1252 his
1299 1216 1501 1252 involucris
1521 1217 1568 1252 ad
1588 1229 1724 1264 augen-

194 1267 279 1302 dam
307 1266 550 1302 acerbibatem
577 1277 684 1300 usum
710 1275 808 1308 esse,
843 1263 944 1308 quod
976 1245 1231 1299 Schneidewin
1262 1264 1454 1300 Huschkio
1486 1262 1638 1301 auctoie
1670 1265 1725 1310 (in

193 1313 399 1350 Miscellan.
425 1313 560 1349 Philol.
587 1324 683 1358 quae
709 1311 891 1347 Matthiae
918 1311 1037 1347 edidit
1060 1311 1101 1346 ’.Γ
1127 1312 1203 1357 ΙΡ.
1234 1316 1250 1346 1
1267 1313 1395 1372 seqq.)
1431 1312 1583 1356 statuit,
1616 1312 1726 1349 docet

193 1362 326 1398 Iulian.
352 1361 422 1396 VII
449 1365 516 1396 227
542 1359 590 1395 A:
624 1356 705 1395 αλλ’
734 1356 754 1394 6
782 1357 851 1415 μὲν
877 1356 1003 1404 μῦθός
1029 1356 1105 1395 ἐστι
1136 1356 1312 1402 παλαιός,
1348 1357 1564 1420 ε’φήρμοσας
1589 1358 1631 1395 δὲ
1658 1356 1725 1395 αὖ·

194 1407 260 1446 τὸν
287 1406 331 1445 σὺ
357 1406 572 1454 πράγμασιν
600 1404 754 1464 ἑτέροις
794 1402 886 1452 ὅπερ
919 1405 1020 1453 οἶμαι
1055 1420 1179 1442 ποιειν
1210 1404 1393 1443 εἰώθασιν
1427 1405 1464 1443 οἷ
1492 1407 1543 1463 τῇ
1569 1408 1726 1464 τροπικῇ

195 1454 380 1514 χρώμενοι
405 1457 478 1491 τῶν
505 1452 704 1502 νοημάτων
731 1455 956 1501 κατασκευῇ.
983 1451 1098 1495 πολὺς
1124 1453 1166 1490 δε
1195 1451 1236 1490 ἐν
1262 1453 1409 1495 τούτοις
1435 1452 1454 1490 ὁ
1482 1451 1628 1500 Πάριός
1649 1451 1727 1491 ἐστι

195 1501 363 1564 ποιητής.
401 1505 533 1564 Assque
545 1503 638 1539 alibi
656 1514 805 1548 quoque
825 1502 986 1548 vestigia
1011 1502 1221 1538 fabularum
1248 1502 1458 1556 8ιιΡ8ι8ιιιι1ῐ,
1486 1502 1590 1538 velut
1614 1502 1658 1538 fr.
1679 1506 1724 1539 39

198 1553 293 1593 Βοῦς
329 1549 428 1588 ἐστιν
460 1556 548 1597 ημῖν
582 1554 656 1587 κτλ.
692 1550 841 1586 fabulae
876 1550 1038 1595 speciem
1071 1550 1202 1594 refert,
1237 1549 1314 1585 sive
1348 1551 1486 1609 Aesop.
1513 1554 1558 1585 23
1584 1551 1642 1595 (95
1666 1550 1728 1610 ed3

195 1600 333 1656 Halm)
361 1600 438 1636 sive
465 1599 578 1635 aliam
605 1598 824 1643 contuleris,
856 1597 947 1634 item
972 1597 1016 1633 fr.
1044 1601 1129 1633 131:
1165 1595 1278 1643 χολὴν
1313 1611 1384 1643 γαρ
1421 1610 1491 1633 ουκ
1527 1596 1625 1643 ἔχεις
1659 1594 1728 1642 ἐφ’

198 1644 327 1693 ἥπατι,
353 1647 417 1682 ubi
443 1647 528 1683 vide
555 1657 650 1692 quae
675 1645 762 1681 dixi

292 1719 349 1754 Fr.
377 1722 433 1754 87.
483 1717 630 1753 Atssicus
661 1729 719 1774 ap.
747 1716 879 1752 Euseb.
907 1716 1038 1771 Ρτ88Ρ.
1065 1715 1129 1752 Ev.
1156 1715 1225 1751 XV
1252 1719 1318 1751 795
1353 1717 1400 1751 A:
1427 1713 1591 1773 Ορᾷς.
1679 1714 1727 1752 ἐν

198 1767 253 1815 τῷ
285 1763 489 1811 κάθηται
521 1777 551 1800 σ.
581 1762 636 1800 ἐλ.
664 1762 828 1810 μάχην·
861 1761 924 1799 ἐπὶ
955 1764 1090 1799 τοῦτον
1116 1761 1181 1799 τὸν
1214 1761 1365 1808 ὑψηλὸν
1397 1760 1519 1807 πάγον
1545 1761 1586 1799 τὸ
1614 1761 1725 1808 δριμὺ

198 1803 264 1850 καὶ
288 1814 506 1858 πανοῦργον
540 1810 664 1848 ἐκεῖνο
701 1812 842 1867 θηρίον
874 1807 1055 1846 ἀνελθεῖν
1086 1808 1294 1846 άδύνατον·
1331 1812 1395 1845 ινα
1426 1810 1468 1846 δὲ
1502 1810 1555 1851 εἰς
1586 1809 1726 1847 ταύτὸν

199 1860 294 1908 ἔλθῃ
320 1866 397 1901 τοις
421 1860 535 1896 άετοῦ
562 1857 807 1919 γεννήμασιν
820 1854 984 1904 ἀλώπηξ,
1005 1854 1027 1903 ἢ
1049 1856 1140 1905 τύχῃ
1166 1858 1240 1893 τινὶ
1265 1860 1330 1893 δεῖ
1349 1857 1606 1916 χρησαμένους
1632 1855 1730 1894 ἐκεί-

199 1922 289 1949 νους
326 1909 491 1967 πονηρᾷ
508 1912 738 1942 καταπεσεῖν
770 1905 824 1945 εἰς
855 1906 926 1962 γῇν
958 1906 1031 1940 τῶν
1068 1895 1217 1941 οἰκείων
1255 1902 1385 1945 αὐτοῖς
1421 1903 1667 1960 φθαρέντων,
1705 1902 1728 1951 ἢ

200 1953 377 1999 φύσασαν
397 1953 529 1999 αὐτήν,
550 1969 575 1990 α
595 1952 645 2000 μὴ
665 1952 813 1997 πέφυκε
836 1951 961 1998 φύειν,
986 1951 1188 2011 λαιψηρὰ
1217 1953 1446 1988 κυκλῶσαι
1471 1950 1614 2010 πτερά
1641 1953 1729 1997 (hoc
1784 1978 1787 1981 »

200 2003 389 2059 Euripidis
415 2004 541 2061 potius
567 2013 647 2038 8888
672 2001 851 2044 videtur),
877 2000 942 2035 καὶ
967 1997 1087 2041 ου’τως
1112 1998 1300 2045 ἀρθεῖσαν
1327 1997 1369 2035 ἐκ
1394 2001 1462 2046 γῆς
1486 1997 1730 2036 ἀναπτέσθαι

200 2049 294 2096 πρὸς
318 2048 384 2086 τὸν
411 2048 558 2095 ὑψηλὸν
583 2047 718 2093 πάγον.
747 2047 815 2088 ἕως
842 2045 878 2083 δ’
909 2045 1088 2106 ἑκάτερον
1116 2045 1178 2084 ἐπὶ
1203 2049 1268 2092 τῆς
1287 2046 1430 2088 οἰκείας
1449 2046 1555 2093 μένει
1575 2045 1729 2092 τάξεως,

202 2112 271 2134 ουκ
299 2097 356 2133 ἔνι
381 2099 562 2133 κοινωνία
586 2101 664 2136 τοῖς
689 2097 771 2154 γῆς
780 2093 874 2154 πρὸς
898 2093 944 2131 τὰ
971 2093 1137 2141 οὐρανοῦ
1164 2095 1377 2141 θρέμματα.
1411 2095 1627 2131 Archilocho
1651 2095 1733 2130 viu-

202 2146 344 2181 dicavit
362 2146 545 2181 Meineke.
566 2165 610 2171 -
630 2144 674 2180 V
699 2149 727 2180 1.
751 2141 834 2188 ἔστ’,
857 2144 936 2180 cod.
952 2143 1050 2179 Scor.
1081 2142 1192 2186 ξ’,στιν
1214 2143 1471 2179 Schneidewin
1493 2140 1570 2178 ἐστὶ
1596 2147 1730 2183 κεῖνος.

202 2215 245 2219 -
274 2194 317 2228 V.
344 2197 377 2228 2.
403 2190 538 2238 τρηχύς
563 2193 660 2235 FGI,
693 2204 726 2228 v.
753 2172 900 2239 τραχύς.
929 2211 972 2217 —-—
999 2171 1239 2236 παλίγκοτος,
1273 2189 1348 2226 ΟΕἸ
1379 2192 1417 2225 et
1442 2189 1594 2226 Scorial.
1620 2187 1734 2225 πάλιν

202 2238 320 2281 κότος.
349 2261 391 2266 —
418 2241 462 2275 V.
489 2245 520 2276 3.
548 2240 598 2287 τῷ
625 2221 696 2282 Cb,
717 2251 750 2274 v
778 2234 821 2287 ᾧ.
849 2259 891 2264 --
919 2236 1096 2284 κάθημαι
1119 2237 1304 2280 Meineke‚
1330 2237 1365 2273 18
1394 2238 1527 2272 ebatur
1551 2235 1733 2294 κάθηται,

203 2288 343 2334 quippe
369 2289 516 2323 Atticus
548 2298 635 2322 suae
668 2276 824 2322 orationi
857 2285 1167 2321 accommodavit.
1196 2307 1238 2311 —
1265 2284 1333 2330 σὴν
1367 2286 1578 2342 ελαφρίζων
1610 2282 1733 2330 μάχην

204 2333 631 2394 CDhG‚.‹}ma.a‹p91!g‚-mv
663 2331 786 2379 μάχην
814 2334 876 2378 ΕΙ,
902 2335 1183 2378 συνελαφρίζων
1217 2333 1389 2375 Seorial..
1422 2329 1441 2367 6
1479 2329 1734 2389 ἐνελαφρίζων

205 2380 343 2419 ἑαυτὸν
369 2380 472 2426 ὅρνις
492 2383 621 2439 vulgo.
648 2383 728 2417 Huc
753 2381 873 2417 refero
897 2380 1072 2435 Hesych..
1100 2378 1326 2425 ἐλαφρίζωνε
1352 2377 1734 2425 παρασκευαζόμενος

206 2428 355 2480 ραὸίως.
382 2451 428 2455 —-
461 2427 601 2476 μάχην,
637 2428 896 2464 Schneidewin
931 2428 1024 2464 coni.
1058 2426 1194 2473 μάνην.
1245 2427 1303 2462 Ad
1337 2427 1434 2462 hanc
1470 2426 1620 2472 aquilae
1655 2438 1735 2462 ora.-

204 2467 346 2514 tionem
373 2478 596 2523 respondere
622 2477 770 2512 videtur
794 2476 926 2521 vulpes
950 2474 1118 2511 versibus
1143 2475 1188 2510 fr.
1215 2478 1271 2510 88.

300 2549 360 2584 Fr.
388 2552 443 2585 88.
490 2549 592 2584 Stob.
624 2547 702 2584 Ecl.
733 2547 842 2593 Phys.
869 2548 945 2593 ΙΡ.
975 2551 1058 2583 122:
1092 2543 1275 2591 Αἰσχύλου
1308 2546 1385 2591 (sed
1419 2546 1451 2581 A
1483 2545 1522 2581 in
1554 2557 1601 2581 m.
1624 2541 1733 2581 Ἀντι-

204 2594 348 2643 λόχου)
370 2590 412 2632 Ὦ
440 2597 511 2632 Ζεῦ
539 2599 612 2631 κτλ.
664 2595 889 2631 Archilocho
920 2595 1086 2631 vindicat
1110 2593 1224 2630 Clem.
1251 2594 1354 2629 Alex.
1383 2593 1454 2629 Str.
1481 2593 1514 2628 V
1541 2596 1624 2628 725:
1659 2605 1735 2628 τοι·

207 2645 303 2679 αὔτα
329 2644 393 2679 καὶ
421 2640 439 2678 ὁ
467 2641 640 2703 ΠάρΗιος
669 2640 916 2700 Ἀρχίλοχος
947 2640 1065 2687 λέγει·
1093 2655 1120 2677 ω
1148 2641 1238 2684 Ζεῦ,
1265 2638 1331 2676 σὸν
1358 2654 1427 2698 μεν
1453 2638 1619 2685 οὐρανοῦ
1644 2637 1734 2685 κρά

207 2689 349 2736 τος,σύ
376 2687 413 2726 δ’
444 2689 534 2736 ἔργα
561 2688 623 2727 ἐπ’
658 2686 844 2748 οὖρανους
875 2687 966 2747 ὁρᾷς
995 2686 1145 2746 λεωργὰ
1173 2690 1237 2724 καὶ
1268 2701 1292 2723 α
1324 2686 1447 2734 θέμις.
1479 2687 1564 2723 inde
1597 2687 1733 2723 Euseb.

206 2739 336 2784 Praep.
365 2739 430 2775 Ev.
458 2738 545 2773 XIII
571 2742 657 2782 687,
688 2737 753 2772 ubi
780 2734 842 2773 ἐπ’
876 2726 1106 2794 άνθρωπους
1131 2733 1223 2795 ὁρᾷς
1254 2735 1322 2780 (sic
1346 2735 1471 2818 ceddV'
1502 2734 1568 2770 vul
1597 2745 1618 2770 o
1644 2732 1734 2792 ῥἐῖς,

207 2752 326 2822 undep
330 2767 597 2822 Schneidewin
627 2766 742 2831 ὀρεῖς)
773 2781 918 2829 λεωργά
953 2797 991 2820 τε
1024 2783 1089 2820 καὶ
1121 2771 1334 2841 ἀθέμιστα.
1355 2803 1398 2809 -
1527 2745 1692 2818 ,πἀΞ

207 2831 373 2878 θρώπων
399 2830 490 2882 ὁρᾷς
509 2833 641 2879 scripsi
661 2844 743 2868 cum
765 2832 1056 2875 Schneidewino,
1078 2831 1180 2867 Stob.
1203 2827 1263 2866 ἐπ’
1291 2782 1478 2888 οὐρανίων
1497 2829 1563 2865 καὶ
1582 2826 1734 2875 ἀνθρώ-

208 2893 290 2916 πων
316 2879 418 2929 ὁρᾷς.
447 2902 489 2906 -
517 2881 559 2915 V.
588 2884 620 2916 3.
647 2879 710 2915 καὶ
737 2877 898 2925 θεμιστὰ
924 2861 1065 2922 Liebel',
1091 2890 1139 2924 ap
1177 2878 1279 2915 Stob.
1299 2877 1332 2912 A
1357 2874 1601 2923 κάθὲμιστας,
1627 2873 1666 2912 οἰ
1689 2876 1730 2912 δὲ

207 2930 260 2973 θ.,
287 2927 320 2962 Η
346 2916 409 2963 καὶ
434 2926 594 2973 θέμιτας
620 2926 666 2974 οἴ,
694 2927 830 2963 Cantet
855 2926 1078 2973 καθέμιτας,
1102 2926 1251 2962 Brunck
1277 2921 1492 2971 καθέμιστα
1518 2923 1675 2970 scripsit.
