1890 3216
192 159 280 201 430
777 157 1128 193 IAMBOGRAPHI.

913 265 1009 309 153.

312 354 489 392 Eustrat.
522 352 572 390 ad
603 352 770 391 Aristolz.
803 352 895 391 Eth.
928 352 1080 410 Nloom.
1106 351 1163 390 VI
1192 354 1234 392 7:
1266 347 1433 405 παράγει
1464 347 1500 390 δ’
1537 351 1590 400 εἰς
1621 367 1718 405 μαρ-

190 418 330 470 τυρίαν
356 449 363 456 .
385 449 393 457 .
415 448 422 456 .
445 448 452 456 .
479 417 638 468 ποίησιν
669 416 922 470 Μαργίτην
947 412 1242 473 ὀνομαζομένην
1260 412 1449 469 Ὁμήρου·
1482 413 1719 469 μνημονεύει

193 478 231 521 δ’
260 479 382 533 αὐτῆς
407 478 455 522 οὗ
482 478 606 534 μόνον
631 478 750 533 αὐτὸς
771 478 1032 534 Ἀριστοτέλης
1058 481 1101 521 ἐν
1125 484 1177 537 τῷ
1203 478 1342 536 πρώτῳ
1361 480 1450 534 περὶ
1473 478 1719 534 ποιημάτων,

191 543 287 586 ἀλλὰ
319 546 382 586 καὶ
411 543 631 599 Ἀρχίλοχος
662 545 727 586 καὶ
758 549 953 599 Κρατῖνος
984 546 1047 586 καὶ
1080 547 1328 599 Καλλίμαχος
1358 545 1401 586 ἐν
1431 550 1512 596 τοῖς
1537 542 1719 600 ἐπιγρᾶμ·

194 624 312 664 μασιν
343 614 607 665 μαρτυροῦσιν
633 607 807 664 Ὁμήρου
845 608 946 652 εἶναι
982 608 1023 652 τὸ
1056 612 1218 664 ποίημα.
1268 612 1465 651 Ruhnken
1495 625 1567 662 pro
1595 607 1718 664 Ἀρχί-

191 681 305 730 λοχος
336 678 504 717 conjecit
535 673 822 730 Ἀριστοφάνης
859 678 947 717 coll.
978 678 1103 717 Arist.
1134 677 1207 717 Av.
1242 679 1339 728 810,
1380 679 1540 727 poterat
1577 677 1718 727 proba.-

191 738 311 777 bilius
343 733 440 776 ἀλλὰ
471 735 536 776 καὶ
571 733 860 789 Ἀρχιλόχοις
899 738 1159 788 Κρατῖνος,
1198 738 1267 776 sed
1304 737 1405 776 nihil
1443 736 1600 776 omnino
1632 738 1718 774 ten-

191 803 368 843 tandum.

824 896 1089 971 154.[133]

311 1005 496 1044 Eustath.
519 1006 615 1055 314,
636 1006 710 1043 43:
738 997 918 1051 Ἀλκαῖος
949 1001 992 1042 δὲ
1023 1002 1121 1054 φασὶ
1152 1002 1216 1043 καὶ
1233 999 1452 1056 Ἀρχίλοχος
1476 998 1722 1056 ἀγέρωχον

146 1101 149 1103 -
191 1066 261 1110 τὸν
291 1066 468 1121 ἄκοσμον
498 1068 564 1109 καὶ
595 1065 766 1116 ἀλαζόνα
798 1064 890 1109 οἶδε.

825 1207 920 1251 155.
955 1207 1090 1261 [134]

313 1295 503 1345 Hesych:
532 1290 636 1348 Ἀγό
647 1303 807 1347 μενος·
842 1294 1001 1342 δοῦλος·
1042 1291 1151 1346 παρὰ
1178 1289 1405 1348 Ἀρχιλόχῳ,
1436 1293 1587 1332 Nauck.
1621 1293 1720 1333 coni.

194 1358 359 1414 α’τμενος
391 1361 476 1400 sine
507 1373 626 1400 causa
656 1361 810 1401 idonea.
1152 1372 1163 1383 ⁸

827 1499 1094 1553 156.[123J

313 1586 503 1638 Hesych.:
543 1581 796 1637 Ἀηδόνος·
835 1581 1013 1633 νεοσσός·
1052 1582 1116 1624 καὶ
1156 1580 1199 1624 τὸ
1230 1581 1299 1637 τῆς
1337 1579 1526 1636 γυναικὸς
1566 1582 1722 1623 αἰδοῖον

194 1648 302 1704 παρὰ
328 1647 548 1705 Ἀρχιλόχῳ.
599 1652 846 1702 coniungunt
878 1646 1052 1702 ἀηδόνος
1082 1645 1265 1699 νεοσσός,
1306 1651 1444 1689 contra
1473 1648 1723 1688 Valokenaer

189 1712 520 1768 Ἀηδονιδεύς·
553 1711 726 1767 ἀηδόνος
757 1711 920 1763 νεοσσός
940 1716 1115 1766 scripsit:
1147 1715 1302 1765 reliqua
1320 1714 1507 1754 videntur
1533 1714 1584 1752 ad
1602 1713 1722 1753 aliam

195 1785 371 1834 glossam
403 1795 504 1833 quae
535 1782 738 1831 praecedit
773 1783 991 1832 pertinere:
1026 1776 1242 1832 Ἀηδόνα·
1283 1775 1411 1835 ᾠδήν,
1451 1774 1721 1830 εὐφροσύνην·

195 1847 261 1887 καὶ
296 1844 338 1888 τὸ
378 1850 446 1899 τῆς
482 1842 672 1900 γυναικὸς
709 1846 864 1886 αἰδοῖον
899 1842 1006 1897 παρὰ
1045 1841 1273 1899 Ἀρχιλόχῳ,
1317 1845 1386 1883 ubi
1423 1843 1602 1883 Schmidt
1639 1844 1722 1882 sine

195 1913 337 1953 idonea
368 1904 490 1952 causti,
515 1908 787 1964 Ἀριστοφάνει
817 1912 1033 1963 legendum
1065 1911 1301 1960 suspicatur.

828 2049 1092 2103 157.[135]

316 2139 507 2190 Hesych:
534 2135 726 2192 '‘Agvyoc'
763 2134 968 2185 ἅζευκτον·
999 2131 1228 2187 Ἀρχίλοχος.
1267 2135 1349 2174 cod.
1387 2129 1573 2187 ἆζυγία,
1618 2133 1722 2184 quod

197 2205 370 2244 correxit
403 2204 636 2244 Salmasius.

829 2318 1093 2371 158.[136]

317 2418 506 2468 Hesyoh'.:
545 2413 808 2468 ’Ἀκομψον·
854 2411 1129 2467 ἀπάνουργον,
1167 2408 1338 2463 ἁπλοῦν,
1377 2408 1612 2464 Ἀρχίλοχος·
1649 2407 1723 2451 οὐκ
1759 2442 1764 2447 .

198 2475 242 2521 εὖ
281 2481 537 2534 διακείμενον.
579 2494 660 2521 non
702 2483 810 2520 recte
855 2480 1033 2519 Schmidt
1074 2478 1313 2518 Archilocho
1358 2478 1510 2528 eripere
1547 2478 1722 2525 conatur,

198 2543 434 2601 (Κρατῖνος)
463 2542 699 2599 Ἀρχιλόχοις
730 2546 917 2586 scribens.
1391 2542 1394 2543 ⁷

830 2684 925 2727 159.
959 2684 1095 2738 [137]
1174 2724 1178 2727 ,

317 2774 461 2813 Pollux
491 2772 549 2811 VI
583 2772 684 2811 187:
715 2768 861 2823 λέγοιτο
894 2765 931 2809 δ’
966 2765 1018 2809 ἂν
1048 2767 1112 2808 ἐπὶ
1142 2763 1265 2822 τούτῳ
1296 2765 1363 2807 καὶ
1398 2763 1441 2807 τὸ
1472 2762 1720 2818 ἀμείβεσθαι·
1753 2767 1756 2770 ’

199 2834 420 2890 ἀμφίβολος
458 2834 500 2877 δὲ
535 2832 561 2888 ἡ
600 2831 794 2888 ἀμοιβή·
833 2834 910 2874 ἔστι
948 2832 1018 2886 μὲν
1055 2829 1130 2887 γὰρ
1166 2827 1259 2884 παρ’
1290 2827 1497 2887 Ἀρχιλόχῳ
1529 2829 1595 2870 καὶ
1625 2826 1717 2882 παρ’
1735 2832 1804 2866 ’126

200 2899 402 2956 Εὐριπίδῃ
434 2901 477 2942 ἒν
503 2898 670 2954 Ὀρέστῃ.
