1890 3216
217 172 305 214 468
806 165 1158 206 IAMBOGRAPHI.

253 291 274 322 5
307 277 417 336 πρὶς
447 277 578 335 ἥλιον
612 277 811 322 δύνοντα
842 277 1034 334 γαστέρα
1066 277 1243 336 τρέψας.

887 435 952 476 16.
986 434 1090 487 [le]
1445 423 1448 426 ’
1682 445 1749 478 757

300 514 460 574 Ἑρμῆ,
493 515 588 573 φίλ’
618 514 779 574 Ἑρμῆ,
812 519 1038 572 Μαιαδεῦ,
1070 519 1348 571 Κυλληναῖε,

220 695 346 740 Steph.
373 695 477 739 Byz..
501 690 718 730 Ἀττοὶλυδα-
746 693 856 735 πόλις
882 696 1026 736 Λυδίας
1052 697 1251 731 κτισθεῖσα
1280 692 1356 731 ὑπὸ
1375 692 1523 736 ’Ἀττυος
1549 695 1596 740 (R
1611 692 1749 740 Ἄτυος)

217 742 281 778 καὶ
307 740 400 789 μετὰ
427 740 600 778 θάνατον
627 739 745 778 αὐτοῦ
772 740 846 778 ὑπὸ
873 743 1002 778 Λυδοῦ
1027 756 1094 779 του
1119 741 1258 784 παιδὸς
1283 739 1412 779 αὐτοῦ.
1457 743 1581 778 Ant-ea
1606 742 1751 779 conieci

218 790 283 826 καὶ
315 790 442 836 μνῆμα
484 787 635 830 Τωτὸς
669 787 930 836 μυττάλυτα
965 788 1174 836 πάλμυδος,
1206 791 1280 826 vid.
1308 791 1485 835 Hesycha
1521 787 1750 836 μυτταλυτα·

217 836 360 884 μεγάλα
386 838 480 883 (cod.
509 835 733 884 μεγάλου),
761 849 987 884 quamquam
1007 838 1123 874 etiam
1141 838 1307 874 mulieris
1327 849 1464 874 nomen
1482 839 1633 884 poterat
1651 849 1749 874 com-

216 885 433 943 memorari,
458 886 564 921 velut
588 885 652 921 καὶ
678 887 808 932 μνῆμα
842 887 1065 931 Τουδους,
1097 885 1172 922 vid.
1199 886 1321 922 Nicol.
1348 886 1517 922 Damaso.
1544 885 1588 922 fr.
1614 890 1679 922 49:
1702 882 1750 922 ἐκ

217 931 359 970 τούτων
397 937 533 980 γαμεῖν
570 931 721 978 ἔμελλεν
764 931 990 980 Σαδυάττης
1033 932 1101 980 τὴν
1142 930 1343 980 Ἀρνώσσου
1386 931 1583 979 θυγατέρα
1627 930 1750 980 ὄνομα

219 980 350 1017 Τουδώ
377 994 444 1017 του
470 981 565 1025 (cod.
592 982 800 1026 τρυδωνοῦ)
827 982 973 1017 Μυσῶν
1000 980 1190 1030 βασιλέως.
1218 983 1256 1018 et
1280 982 1439 1017 Ptolem.
1459 981 1662 1039 Hephaest.
1689 993 1750 1027 ap.

216 1029 321 1065 Phot.
349 1028 444 1064 Bibl.
536 1032 613 1065 150.
665 1029 838 1075 Hartung
862 1030 981 1065 metro
1018 1029 1261 1076 pessumdato
1293 1029 1358 1064 καὶ
1390 1029 1519 1075 μνῆμα
1548 1026 1677 1075 Τρωὸς
1708 1027 1751 1066 ἐν

216 1090 287 1122 μυρ
291 1078 413 1112 ταλίδι
437 1041 641 1122 πάλμυδος.
682 1075 738 1112 De
763 1076 931 1123 genitivo
950 1074 1144 1123 πάλμυδος
1163 1077 1208 1113 cf.
1231 1075 1475 1113 Choerobosc.
1498 1075 1619 1122 Epim.
1640 1077 1658 1111 I
1677 1081 1746 1114 232

214 1124 280 1159 ubi
306 1124 509 1169 Aeschylus
535 1124 606 1160 hac
638 1124 759 1160 forma
789 1136 876 1160 usus
908 1136 987 1160 esse
1019 1124 1172 1168 dicitur,
1209 1125 1274 1160 sed
1306 1123 1422 1159 Brink
1454 1124 1665 1181 suspicatur
1693 1124 1764 1160 ibiv

214 1171 465 1218 Hipponactis
490 1183 626 1208 nomen
661 1172 932 1207 restituendum
963 1184 1054 1208 esse
1080 1194 1126 1198 —
1150 1152 1196 1208 V.
1223 1176 1255 1208 5
1283 1168 1466 1216 δυνοντα,
1498 1172 1530 1206 Α
1557 1169 1748 1209 δύνονται.

218 1241 260 1245 —
286 1220 341 1255 De
367 1219 452 1255 lacu
478 1220 509 1255 G
511 1231 643 1265 y,gae0
669 1219 769 1255 circa
795 1231 906 1265 quem
930 1219 1092 1265 plurima
1122 1231 1252 1266 regum
1283 1219 1472 1265 Lydorum
1505 1221 1749 1259 monumenta

218 1267 372 1304 condita
396 1268 557 1311 fuerunt,
584 1267 630 1303 cf.
657 1266 724 1303 Ed.
750 1267 888 1303 Muller
912 1267 1050 1305 Philol.
1077 1268 1147 1304 VII
1172 1272 1241 1304 238
1268 1279 1344 1313 seq.

311 1364 369 1399 Fr.
399 1367 452 1399 16.
483 1367 537 1399 17
567 1366 620 1398 18
651 1366 704 1399 19.
757 1363 878 1399 Tzetz.
906 1362 1091 1423 Lycophr.
1120 1366 1206 1399 855.
1240 1357 1349 1403 οὗτος
1380 1359 1545 1409 ἆσκέρας
1574 1361 1621 1399 τὰ
1653 1361 1747 1401 ὓπο-

216 1408 366 1469 δήματα
392 1407 437 1446 οὐ
463 1411 585 1451 καλῶς
609 1409 710 1456 λέγει
738 1439 746 1446 .
768 1439 774 1446 .
798 1440 805 1447 .
832 1408 1014 1468 ασκέραι
1017 1409 1060 1446 δὲ
1087 1412 1224 1469 κυρίως
1255 1408 1301 1446 τά
1333 1407 1375 1446 ἐν
1407 1414 1486 1451 τοῖς
1518 1411 1607 1447 ποσὶ
1631 1413 1747 1456 πιλία,

215 1456 300 1503 ἤτοι
319 1455 482 1515 ὀρταρια
506 1457 681 1516 λέγονται
706 1458 770 1494 καὶ
795 1461 953 1504 χλαῖναν
977 1456 1020 1494 τὸ
1048 1456 1293 1517 σφικτούριον
1319 1458 1384 1494 καὶ
1409 1460 1679 1495 κυπασσίσκιον
1704 1457 1747 1495 τὸ

216 1503 438 1565 ἔπιλώρικον
477 1535 520 1543 ..
549 1534 556 1542 .
596 1502 677 1541 αλλ’
717 1503 847 1563 ἄκουε,
885 1507 965 1547 πῶς
1003 1506 1137 1564 φησὶν
1147 1503 1352 1549 Ιππῶναξ,
1388 1502 1524 1564 Ἐμοὶ
1549 1503 1634 1564 γὰρ
1672 1510 1746 1545 κτλ.

216 1555 273 1600 (fr.
305 1555 372 1600 19).
401 1552 518 1599 ἔγνως
544 1551 601 1589 ὅτι
627 1550 691 1589 διὰ
712 1551 753 1589 τὸ
775 1553 897 1590 εἰπεῖν
923 1556 1078 1595 δασείας
1097 1551 1164 1595 τὰς
1183 1551 1347 1612 ασκέρας
1366 1551 1412 1589 τὰ
1433 1550 1590 1600 ὄρτοὲρια
1617 1567 1745 1613 φησιν,

215 1601 252 1638 εἰ
275 1601 316 1638 δὲ
343 1603 450 1648 χρεία
477 1613 536 1637 σοι
560 1601 625 1637 καὶ
652 1598 781 1652 ἑτέρας
806 1603 1011 1648 μαρτυρίας
1035 1599 1218 1659 ᾄκουσον·
1240 1616 1268 1637 ω
1290 1598 1387 1647 φίλ’
1411 1599 1564 1647 Ερμῆ,
1596 1600 1749 1638 Μαιά-

215 1651 311 1694 δος,
337 1647 564 1694 Κυλλήνιε
593 1649 649 1694 (fr.
679 1654 722 1685 16
749 1661 782 1686 v.
812 1652 845 1693 1)
871 1649 936 1685 καὶ
962 1663 1055 1707 μετα
1081 1663 1166 1686 τινα
1192 1661 1324 1709 φησιν·
1358 1647 1446 1690 Δὸς
1471 1652 1664 1694 χλαῖναν

214 1699 371 1742 τοίχου
408 1697 464 1757 (fr.
495 1700 564 1742 18).
592 1697 710 1755 ἔγνως
733 1711 884 1738 παντως
908 1698 998 1743 νῦν,
1025 1694 1083 1733 ότι
1109 1694 1291 1755 ἆσκὲρικα
1316 1694 1362 1732 τὰ
1389 1694 1547 1753 ὀρταρια
1572 1696 1747 1744 λέγοντα·

215 1744 300 1781 ἰδοὺ
326 1744 398 1791 γὰρ
425 1742 466 1781 ἐν
492 1745 542 1791 τῷ
569 1742 672 1791 αὐτῷ
701 1744 766 1780 καὶ
794 1742 850 1780 ἑνὶ
876 1747 986 1793 στίχῳ
1013 1745 1099 1791 περὶ
1130 1742 1386 1791 υποδημάτων
1418 1742 1535 1780 εἰπὼν
1565 1745 1631 1781 καὶ
1661 1745 1748 1800 περὶ

214 1790 386 1838 ἄσκερῶν
424 1782 534 1838 λέγει.
585 1794 753 1838 Apparet
789 1792 882 1828 haec
919 1782 1132 1838 fragmenta
1163 1805 1208 1829 ex
1239 1804 1313 1828 uno
1348 1792 1554 1837 eodemque
1586 1792 1747 1830 carmine

214 1841 336 1886 petita
361 1851 451 1877 esse.
502 1840 559 1876 Fr.
590 1844 632 1875 16
659 1839 808 1875 videtur
832 1840 981 1875 initium
1009 1851 1088 1876 esse
1114 1839 1288 1876 carminis
1313 1841 1374 1875 vel
1400 1841 1498 1875 certe
1523 1850 1688 1886 precum,
1709 1842 1748 1877 et

215 1888 269 1924 sic
293 1887 530 1933 intelligitur,
555 1899 620 1923 cur
646 1888 798 1923 Tzetzes
823 1888 920 1923 hunc
945 1899 1094 1923 versum
1119 1887 1299 1924 attulerit.
1351 1887 1410 1922 Ad
1440 1886 1540 1922 idem
1574 1888 1644 1923 hoc
1668 1899 1747 1924 car—

214 1947 299 1971 men
331 1935 495 1991 pertinet
526 1935 642 1970 etiam
673 1935 716 1970 fr
746 1939 808 1979 17,
841 1935 941 1980 quod
973 1935 1125 1971 exhibet
1154 1935 1344 1971 Plutarch.
1372 1934 1418 1969 de
1451 1934 1599 1970 absurd.
1633 1935 1746 1972 Stoio.

215 1983 314 2029 opin.
341 1994 371 2019 c,
399 1988 438 2019 6.
464 1979 484 2017 ὁ
513 1981 555 2018 δὲ
590 1980 633 2018 ἐκ
664 1983 730 2039 τῆς
763 1983 888 2023 Στοᾶς
925 1984 1023 2039 βοῶν
1059 1981 1155 2039 μέγα
1187 1983 1251 2018 καὶ
1283 1979 1493 2039 κεκραγώς·
1526 1979 1598 2027 ἐγώ
1633 1981 1747 2029 μόνος

214 2031 291 2076 εἰμὶ
318 2029 501 2089 βασιλεύς,
528 2027 600 2087 ἐγὼ
627 2027 742 2076 μόνος
769 2029 844 2076 εἰμὶ
869 2028 1057 2075 πλούσιος,
1083 2028 1219 2076 ορᾶται
1244 2027 1421 2070 πολλάκις
1447 2026 1509 2065 ἐπ’
1537 2028 1748 2076 ἀλλοτρίαις

213 2077 354 2123 θύραις
379 2077 515 2123 λέγων·
543 2075 665 2119 Δὸς
753 2075 1039 2125 βαμβακύζω,
1067 2080 1105 2114 et
1130 2090 1277 2115 versum
1302 2078 1464 2135 priorem
1488 2089 1614 2113 rursus
1639 2074 1774 2122 affert',

215 2127 294 2162 sine
319 2127 454 2187 poetae
479 2126 629 2161 nomine
656 2104 740 2161 adv.
767 2125 880 2161 Stoic.
908 2137 937 2160 c
966 2129 1028 2161 2οε
1057 2122 1175 2166 οὕτως
1200 2127 1282 2168 (scr.
1311 2119 1419 2166 οὗτος
1438 2124 1460 2159 1.
1484 2135 1514 2160 6.
1535 2125 1745 2171 Anacreon)

215 2187 284 2209 ουκ
311 2178 386 2219 εἶχε
414 2174 545 2218 χρείαν
571 2170 781 2219 υποδοχῆς,
809 2170 898 2208 οὐδὲ
926 2175 1078 2219 χλαίνης
1110 2170 1270 2214 ἐκεῖνος·
1305 2170 1394 2213 Δὸς
1424 2175 1481 2218 χλ.
1508 2186 1541 2208 κ.
1568 2186 1597 2209 τ.
1624 2175 1654 2209 λ.
1681 2173 1747 2210 ubi

213 2219 284 2267 γὰρ
321 2232 410 2266 om,
444 2222 482 2256 et
511 2233 635 2256 rursus
668 2221 713 2256 de
746 2220 869 2266 cupid.
897 2220 1003 2257 divit.
1037 2233 1066 2257 c.
1094 2225 1127 2257 2.
1178 2220 1351 2256 Ceterum
1382 2220 1642 2266 Plutarchum,
1673 2221 1747 2257 nisi

216 2272 274 2304 ter
299 2250 431 2304 eodeni
458 2280 568 2304 versu
594 2269 778 2314 uteretur,
810 2268 922 2304 facile
955 2268 1124 2304 crederes
1149 2268 1350 2304 memoriae
1385 2278 1508 2303 errore
1540 2269 1746 2304 extremum

214 2317 258 2353 fr.
289 2321 331 2352 16
364 2328 448 2352 cum
479 2315 588 2352 initio
619 2316 664 2352 fr.
693 2319 736 2351 18
769 2315 1020 2360 coniunxisse,
1052 2317 1107 2351 ita
1144 2317 1188 2351 ut
1217 2316 1262 2351 fr.
1297 2320 1339 2351 17
1378 2315 1488 2361 plane
1525 2315 1745 2362 tollendum,

214 2365 344 2400 contra
362 2364 405 2400 fr.
429 2368 471 2406 16
491 2364 729 2418 scribendum
757 2364 875 2399 esset·
902 2361 1020 2409 κάρτα
1052 2362 1122 2410 γὰρ
1149 2364 1274 2404 κακῶς
1298 2360 1389 2409 ριγῶ
1413 2363 1478 2398 καὶ
1504 2345 1745 2412 βαμβαβύζω.

214 2433 258 2438 -
284 2413 341 2447 Fr.
372 2416 414 2447 16
442 2411 546 2447 cuius
571 2411 734 2457 primum
758 2412 905 2447 tantum
942 2422 1087 2446 versum
1120 2411 1285 2447 servavit
1308 2411 1447 2454 '.I*zetz,
1478 2409 1666 2463 integrum
1689 2412 1744 2447 16-

212 2460 314 2506 gitur
338 2471 398 2505 ap.
424 2458 602 2495 Priscian.
629 2459 676 2494 de
701 2460 808 2495 metr.
836 2470 928 2494 com.
957 2463 1022 2494 251
1051 2459 1108 2494 ed.
1134 2459 1302 2494 Lindem.
1323 2459 1407 2503 (428
1432 2456 1550 2503 Keil):
1577 2457 1746 2505 „Hippo-

213 2508 360 2542 nactem
386 2507 500 2542 etiam
526 2506 691 2542 ostendit
714 2506 938 2542 Heliodorus
963 2506 1107 2542 iambos
1141 2508 1179 2542 et
1211 2506 1444 2542 choliambos
1476 2487 1627 2542 confdse
1659 2518 1744 2552 pro-

211 2555 359 2590 tulisse:
380 2551 511 2600 Ερμῆ,
537 2550 616 2599 φίλ’
639 2552 770 2599 Ερμῆ,
795 2554 987 2598 Μαιαδεῦ,
1013 2556 1087 2589 κτλ.
1113 2553 1179 2589 ubi
1204 2566 1238 2590 v.
1260 2557 1277 2588 1
1305 2554 1338 2588 A
1364 2554 1742 2589 ΕΡΜΕΦΙΛΗΡΜΕ

211 2604 452 2646 ΜΑΙΑΔΕΤ,
472 2602 505 2637 V
526 2603 1139 2645 ΕΡΜΕΦΙΧΕΡΜΕΝΑΙΑΔΕΤ,
1155 2601 1262 2637 sedP
1277 2614 1380 2646 εραις
1394 2603 1550 2660 φιλερνη
1565 2602 1740 2645 ναιαδευ,

213 2652 256 2685 ut
282 2649 491 2706 suspicetur
514 2649 652 2695 aliquis
680 2646 776 2694 ἐρεῖς
802 2649 1037 2685 scribendum
1063 2660 1153 2694 esse,
1173 2650 1304 2684 contra
1323 2648 1445 2684 Tzetz.
1472 2662 1500 2683 ω
1527 2645 1607 2693 φίλ’
1623 2645 1739 2706 Ερμῆ

213 2695 402 2738 Μαιαὸος.
429 2718 472 2722 ——
498 2700 710 2742 Κυλληναῐε
731 2696 915 2739 Meineke,
941 2677 1153 2742 Κυλλήνειε
1169 2695 1352 2740 Welcker,
1378 2696 1575 2741 legebatur
1598 2693 1740 2741 Κυλλή-

211 2757 282 2791 νιε,
309 2746 420 2790 atque
445 2744 500 2780 ita
524 2744 758 2788 Heliodorus,
779 2744 845 2780 sed
863 2743 1102 2780 librariorum
1122 2754 1243 2780 errore
1262 2743 1473 2780 manifesto.
1511 2742 1741 2779 Meinekium

213 2794 360 2828 secutus
393 2804 492 2836 sum,
525 2771 827 2845 quandoquidem
859 2792 994 2827 Aratus
1027 2796 1095 2828 596
1130 2789 1222 2837 λύρη
1249 2791 1464 2836 Κυλληναίη
1497 2790 1602 2826 dixit.
1651 2791 1741 2827 Pro-
1775 2819 1779 2835 ,

213 2840 363 2874 ductam
387 2839 660 2885 paenultimam
684 2838 794 2874 latini
819 2841 951 2884 poetae
977 2839 1068 2875 satis
1093 2838 1358 2882 testificantur,
1390 2838 1494 2874 velut
1519 2837 1654 2874 Catull.
1683 2841 1738 2883 68,

214 2890 279 2921 109
309 2888 493 2923 Pheneum
511 2898 628 2932 prope
654 2886 871 2933 Cylleneum,
897 2887 992 2922 adde
1017 2887 1146 2922 Hoifflat
1174 2886 1290 2932 Epod.
1319 2890 1375 2930 13,
1404 2889 1424 2920 9
1452 2887 1490 2920 et
1516 2885 1621 2921 Ovid.
1648 2885 1739 2921 Met.

211 2933 262 2968 XI
288 2938 369 2980 304,
395 2935 459 2979 qui
483 2934 559 2970 loci
582 2934 754 2971 videntur
771 2932 999 2979 Κυλλήνειος
1024 2934 1296 2979 commendare,
1316 2913 1381 2969 sed
1399 2933 1602 2969 latinorum
1620 2932 1736 2969 libro-
