1890 3216
194 163 283 205 496
785 161 1137 197 lAMBOGRAPHI.

913 269 1009 312 115.

316 360 504 411 Hesych:
541 354 732 398 Θεύτιν·
765 348 974 410 σκαράδιν·
1000 351 1211 412 Ἱππῶναξ.
1263 356 1525 396 Scribendum
1559 356 1735 397 Θεῦτιν

197 426 222 464 i.
256 438 287 463 e.
319 424 505 474 τευθίδα,
543 426 590 462 ut
620 424 670 463 Is.
704 423 874 462 Vossius
906 425 1012 462 reete
1044 423 1262 462 intellexit:
1305 422 1472 462 mobiles
1505 423 1611 461 enim
1642 425 1736 462 sunt

196 491 398 540 aspiratae
431 490 614 540 inprimis
646 489 688 527 in
718 488 863 528 Ionum
902 501 1102 539 sermone,
1142 488 1477 539 quemadmodum
1509 484 1743 539 Hesychius

195 556 435 595 testificatur
471 550 642 601 θωτοῖζει
679 567 751 604 pro
792 550 978 602 τωθάζει,
1020 554 1126 604 apud
1170 554 1390 593 Homerum
1434 554 1529 593 olim
1569 557 1610 593 et
1641 565 1736 594 συν-
1772 588 1775 589 ⁷

198 617 365 674 οχωκότε
392 622 433 659 et
458 615 703 671 συνοκωχότε
729 620 954 670 legebatur,
982 620 1030 658 de
1057 633 1136 670 qua
1162 619 1382 670 scripturae
1407 620 1604 660 varietate
1628 622 1735 660 reete

196 687 389 726 iudicavit
425 686 649 725 Buttmann
681 684 749 724 Gr.
783 687 858 734 85,
891 686 935 736 53
980 698 1054 735 pro
1092 686 1277 736 imperio,
1317 688 1363 725 ut
1401 686 1520 736 solet,
1560 685 1736 726 Cobetus

115 777 119 780 -
197 753 373 804 priorem
399 753 569 791 formam
590 754 786 802 tanquam
805 751 992 791 vitiosam
1014 752 1189 802 expellit.
1216 747 1408 803 σκαροὶδιν
1432 751 1588 791 novicia
1606 751 1737 791 forma.

200 821 274 858 hoc
307 820 368 858 est
400 812 631 869 σκαροῖὃιον,
664 830 907 867 quamquam
938 818 1177 857 vocabulum
1209 817 1308 856 alias
1339 830 1420 856 non
1454 817 1616 868 legitur.

836 921 1102 975 116.[1o4]

318 1010 463 1049 Pollux
487 1009 523 1047 X
552 1010 654 1048 183:
688 1004 848 1047 Κάνναι
881 1005 924 1046 δὲ
954 1003 1191 1061 πλεγμᾶτιόν
1222 1007 1260 1047 τί
1284 1005 1388 1047 ἔστιν
1413 1040 1421 1048 .
1443 1038 1452 1047 .
1473 1039 1482 1047 .
1507 1003 1576 1047 τὸν
1606 1006 1739 1060 μέντοι

196 1072 338 1124 ταύτας
368 1073 560 1115 πλέκοντα
591 1069 957 1126 καννηνοποιὸν
981 1069 1180 1122 Ἱππῶναξ
1211 1071 1407 1125 κέκληκεν.
1450 1073 1543 1113 Cod.
1563 1074 1611 1114 A.
1642 1088 1738 1114 καν-

196 1137 426 1183 νακοποιόν.
472 1140 599 1181 Sorib.
629 1135 968 1192 καννηπλόκον
998 1142 1069 1179 aut
1099 1154 1276 1191 κανητο
1288 1135 1443 1179 ποιόν.

851 1256 1087 1310 117.[81]

318 1345 430 1383 Eust.
465 1344 512 1383 Il.
547 1344 644 1393 741,
678 1344 752 1382 39:
789 1338 1030 1394 Ἀντιφάνης
1062 1340 1106 1382 δέ
1137 1353 1235 1393 φασι
1265 1345 1528 1394 κασωρῖτιν
1559 1341 1637 1396 ἔφη
1667 1339 1740 1396 τὴν

201 1410 264 1451 ἐπὶ
294 1408 430 1463 τέγους
460 1410 731 1461 προεστῶσαν,
764 1405 866 1448 οὕτω
900 1405 943 1447 δὲ
973 1406 1040 1447 καὶ
1065 1403 1277 1456 Ἱππῶναξ.

854 1525 1090 1579 118.[86]

319 1615 442 1653 Prisc.
464 1612 542 1652 VII
565 1615 608 1653 7:
635 1613 874 1664 „Hipponax
893 1608 1069 1663 εὔηθες
1087 1607 1224 1664 κριτή
1243 1625 1316 1662 pro
1335 1608 1488 1665 κριτοὶ.“
1513 1613 1744 1652 EYNTEO

200 1682 286 1730 AD,
320 1679 554 1718 EYHTHC'
582 1679 634 1727 R,
667 1678 853 1717 EYFEC'
880 1678 933 1727 Β,
967 1677 1260 1717 EITNETEU
1285 1677 1339 1727 K,
1371 1678 1664 1717 ΕΙΓΝΕΤΕΟ
1693 1678 1740 1730 G,

200 1749 272 1786 ΖΕ
280 1744 545 1785 YFNNTHO
561 1746 634 1783 ΖΕ
642 1746 868 1783 YPNHTA
881 1744 927 1784 L.
947 1765 1001 1769 —-
1023 1744 1240 1782 KAPITH
1253 1743 1488 1794 RBADHL,
1509 1744 1639 1794 capite
1654 1743 1737 1783 GK.

923 1859 1019 1902 119.

321 1949 508 1988 Eustath.
529 1950 627 1998 855,
649 1949 724 1987 53:
757 1946 791 1986 εἰ
822 1944 865 1986 δὲ
896 1944 963 1986 καὶ
994 1941 1015 1986 ὁ
1041 1942 1354 1999 κροκύδειλος
1384 1942 1741 2000 προπαροξυτόνως

201 2011 226 2068 ἢ
258 2009 573 2068 κροκυὸειλὸς
605 2009 819 2063 ὀξυτόνως,
852 2008 991 2064 μικρὸν
1023 2008 1141 2060 αὐτός
1172 2024 1270 2063 φασι
1302 2007 1346 2066 (1,
1374 2008 1519 2052 αὐτόν
1546 2008 1608 2066 φ.)
1642 2001 1769 2059 §mni-¹

202 2097 300 2133 φιον
330 2076 424 2133 παρ’
454 2075 711 2129 Ἱππώνακτι,
748 2074 935 2129 τοιαύτην
971 2074 1058 2116 τινὰ
1098 2076 1351 2132 ἐτυμολογίαν
1383 2076 1478 2130 ἔχει,
1519 2078 1660 2118 εἰδεῖεν
1689 2072 1741 2117 ὂέν

203 2148 244 2187 οἵ
270 2146 442 2187 παλαιοί.
504 2146 570 2186 Et.
603 2145 706 2185 Gud.
741 2146 838 2195 348,
872 2145 945 2183 26:
985 2139 1006 2182 ὃ
1039 2141 1082 2183 δὲ
1113 2140 1422 2197 κροκόδειλος
1453 2140 1631 2195 ζωύφιόν
1662 2142 1741 2183 ἐστι

203 2209 361 2265 μικρόν,
393 2210 458 2250 καὶ
488 2206 514 2263 ἡ
547 2213 682 2264 χρῆσις
712 2205 805 2263 παρ’
835 2205 1083 2249 Ἱππώνακτι.
1144 2211 1296 2250 Eadem
1327 2211 1413 2250 cod.
1440 2210 1569 2250 Havn.
1595 2210 1662 2250 Et.
1686 2210 1739 2249 M.

205 2279 302 2327 539,
331 2279 384 2316 56
419 2278 459 2315 et
491 2276 597 2316 Flor.
628 2275 762 2314 Miller
794 2275 904 2315 Misc.
933 2276 1030 2314 196.

922 2380 1016 2422 120.

324 2468 513 2519 Hesych.:
547 2463 767 2519 Κυβήκη·
799 2461 824 2518 ἡ
851 2462 977 2518 μήτηρ
1001 2468 1080 2505 τῶν
1104 2467 1232 2516 θεῶν,
1263 2463 1329 2505 καὶ
1359 2460 1384 2518 ἡ
1412 2461 1643 2518 Ἀφροδίτη·
1674 2464 1740 2505 καὶ

204 2529 457 2585 υποὸήματα,
494 2529 602 2586 παρὰ
629 2528 830 2585 Ἀρκάσιν·
871 2526 897 2584 ἢ
935 2530 1001 2571 καὶ
1034 2533 1221 2584 Φρυγῶν·
1262 2527 1356 2583 παρ’
1396 2526 1418 2570 ὃ
1450 2529 1517 2570 καὶ
1541 2526 1740 2578 Ἱππῶνᾶξ

205 2610 324 2651 φησι,
355 2597 422 2638 καὶ
448 2595 693 2651 διόσκουρος.
744 2598 974 2649 Sequuntur
1001 2598 1119 2640 haec:
1151 2592 1322 2648 Κυβήκη
1347 2594 1413 2635 καὶ
1443 2596 1613 2649 Θρηΐκη·
1645 2593 1738 2635 Βέν-

206 2665 282 2715 διν,
308 2658 419 2704 ἄλλοι
445 2661 488 2703 δὲ
511 2661 702 2716 Ἄρτεμιν.
741 2660 947 2716 Κύβηκος·
979 2658 1000 2702 ὅ
1026 2656 1281 2715 κατεχόμενος
1305 2663 1351 2716 τῇ
1377 2659 1492 2713 μητρὶ
1514 2662 1593 2700 τῶν
1616 2662 1739 2702 θεῶν.

205 2731 333 2770 Locus
365 2735 486 2781 aegre
517 2730 680 2769 restitui
709 2733 854 2780 potest.
918 2727 1022 2768 Olim
1061 2728 1286 2768 existimavi
1323 2729 1422 2766 duas
1463 2727 1619 2777 glossas
1651 2739 1738 2765 esse
1753 2738 1821 2772 782

205 2797 527 2847 distinguendas:
577 2791 768 2847 Κυβήκη,
805 2790 830 2848 ἡ
864 2790 989 2846 μήτηρ
1026 2796 1104 2833 τῶν
1139 2795 1249 2833 θεῶν
1279 2791 1345 2831 καὶ
1377 2787 1401 2844 ἡ
1429 2788 1740 2844 Ἀφροδίτηηκαὶ

243 2892 251 2900 .
279 2892 287 2901 .
325 2857 351 2913 ἢ
384 2860 449 2900 καὶ
483 2862 670 2913 Φρυγῶν·
709 2856 802 2912 παρ’
836 2856 858 2900 ὃ
889 2858 955 2899 καὶ
981 2855 1179 2907 Ἱππῶναξ
1217 2867 1334 2910 φησι·
1367 2889 1375 2898 .
1404 2889 1412 2897 .
1439 2889 1448 2897 .
1475 2888 1484 2897 .
1516 2855 1595 2896 καὶ
1625 2852 1740 2896 Διό-

208 2937 431 2979 σκουρος·
460 2959 469 2967 .
489 2958 497 2967 .
520 2957 528 2966 .
549 2957 558 2966 .
584 2923 748 2978 Βένδιν,
779 2923 890 2967 ἄλλοι
915 2923 958 2965 δὲ
978 2922 1170 2978 ’Ἄρτεμιν
1203 2924 1344 2963 deinde
1369 2936 1463 2963 vero
1484 2918 1654 2975 Κυβήκη
1674 2919 1739 2961 καὶ
