1890 3216
211 177 296 220 346
749 177 941 213 ΡΟΕΤΑΕ
969 177 1205 213 ELEGIACL

292 305 296 309 -
359 289 392 323 8.
419 285 484 332 [7.]
509 281 593 320 Ἐπὶ
622 281 809 329 Τεύκρου,
835 282 1012 329 κειμένου
1041 281 1082 319 ἕν
1108 286 1296 330 Σαλαμῖνι
1321 285 1387 330 τῆς
1412 283 1579 331 Κύπρου.

325 357 413 402 Ἰὤν
445 356 663 412 ὠκυμόρων
694 360 837 411 ταμίην
871 356 1120 412 Τελαμώνιον
1150 356 1222 412 ’ἥδε

391 429 566 478 Τεῦκρον
597 421 878 477 ἀποφθίμενον
901 427 951 478 γῆ
983 422 1159 488 Σαλαμὶς
1189 423 1347 477 κατέχει.

513 533 544 564 9.
574 528 663 575 [13.]
688 524 778 563 Ἐπὶ
806 526 1013 574 Νέστορος,
1039 525 1215 572 κειμένου
1244 524 1285 563 έν
1310 525 1434 576 Πύλῳ.

333 600 412 644 Τὸν
442 600 674 656 βαθύνουν,
706 600 843 656 ψυχήν
873 618 911 643 τε
942 599 1072 655 νόημά
1101 618 1140 643 τε
1172 607 1286 643 θεῖον
1317 603 1453 656 ἔχοντα

389 665 503 722 ἄνδρ’
538 666 695 724 ἀγαθὸν
726 667 891 722 κατέχω,
923 667 1102 721 Νέστορα
1132 665 1201 709 τὸν
1233 666 1398 710 Πύλιον.

796 776 854 807 10.
881 772 971 819 [14.]
989 767 1156 817 ”Έτερον.

331 847 510 902 Νέστορα
541 845 609 889 τὸν
640 849 805 888 Πυλίων
834 844 1008 902 ἡγήτορα
1037 844 1110 900 ’ἥδε
1140 845 1318 888 θανόντα

389 916 438 967 γῆ
468 913 615 967 κατέχει
646 912 777 968 βουλῇ
802 912 993 966 φέρτατον
1023 909 1212 966 ἡμιθέων.

493 1022 547 1052 11.
576 1018 667 1064 [15.]
691 1013 775 1052 Ἐπὶ
797 1014 1013 1062 Ἀντιλόχου,
1039 1013 1217 1062 κειμένου
1245 1012 1286 1051 έν
1316 1017 1440 1063 Τροίῃ.
1664 1021 1731 1054 652

328 1089 471 1145 Μνῆμ’
507 1089 645 1146 ἀρετῆς
676 1093 767 1134 υἱοῦ
797 1096 865 1133 τοῦ
896 1091 1112 1145 Νέστορος,
1139 1088 1394 1144 Ἀντιλόχοιο,

386 1155 431 1207 ὃς
462 1156 590 1199 θάνεν
621 1158 664 1199 ἐν
699 1160 818 1213 Τροίῃ
852 1154 1071 1212 ῥυσάμενος
1095 1156 1251 1210 πατέρα.

460 1266 515 1298 12.
543 1262 634 1309 [2Ο.]
657 1259 741 1297 Ἐπὶ
766 1259 989 1306 Ὀδυσσέως,
1015 1259 1194 1306 κειμένου
1222 1258 1262 1296 έν
1292 1262 1493 1310 Τυρρηνίᾳ.

328 1334 466 1390 Ἀνέρα
497 1334 565 1378 τὸν
596 1334 814 1390 πολύμητιν
846 1336 910 1377 ἐπὶ
940 1335 1059 1390 χθονὶ
1089 1337 1179 1391 τῇδε
1209 1333 1406 1387 θανόντα,

387 1399 632 1443 κλεινότατον
663 1405 845 1454 θνητῶν,
876 1399 1023 1455 τύμβος
1055 1402 1293 1442 ἐπεσκίασεν.

210 1517 281 1552 duo
316 1517 425 1562 signa
458 1517 606 1553 videtur
636 1517 859 1563 respexisse,
894 1529 987 1562 quae
1019 1517 1163 1552 Plinius
1194 1515 1348 1552 XXXIV
1382 1520 1426 1551 70
1459 1517 1551 1553 dicit
1581 1519 1739 1555 diversos

210 1566 359 1609 affectus
384 1566 584 1609 exprimere
607 1566 727 1610 flentis
751 1569 940 1601 matronae
964 1569 996 1600 et
1020 1565 1218 1600 meretricis
1241 1564 1454 1609 qaudentis,
1487 1566 1525 1600 et
1548 1565 1612 1610 qui
1638 1566 1740 1602 docti

210 1613 328 1647 videri
362 1612 557 1657 volebant,
588 1613 658 1648 hoc
691 1613 797 1659 signo
829 1613 1002 1658 Phrynae
1034 1611 1237 1657 imaginem
1270 1622 1479 1657 expressam
1506 1625 1585 1649 esse
1611 1613 1738 1649 existi-

209 1661 381 1703 mabant,
409 1661 473 1695 sed
507 1663 647 1696 rectam
680 1659 952 1706 interpretandi
986 1660 1087 1696 viam
1119 1660 1219 1695 haud
1250 1659 1362 1695 dubie
1400 1659 1592 1705 Sicyonius
1628 1663 1740 1706 poeta

208 1708 400 1743 monstrat.
453 1708 531 1743 Iam
562 1707 771 1744 Mnasalcas
805 1720 885 1744 cum
927 1708 1001 1744 fere
1040 1708 1162 1743 aetate
1202 1718 1340 1753 suppar
1378 1707 1590 1752 Asclepiadi
1627 1708 1739 1746 fuisse

209 1755 403 1799 videatur,
454 1755 642 1801 ambigas,
691 1757 815 1791 utrum
860 1755 1102 1801 Asclepiades
1146 1754 1398 1797 Mnasalcam,
1450 1766 1498 1790 an
1547 1755 1739 1801 Sicyonius

210 1804 322 1848 poeta
347 1803 510 1838 Samium
539 1803 589 1838 sit
614 1785 838 1846 aemulatus,
866 1815 951 1838 nam
979 1803 1138 1838 alterum
1155 1802 1317 1837 alterius
1344 1801 1504 1846 vestigia
1523 1815 1634 1847 quam
1654 1803 1737 1838 dili-

210 1850 427 1896 gentissime
452 1850 586 1896 legisse
613 1852 782 1896 apparet.
822 1851 1004 1896 Equidem
1030 1861 1103 1885 non
1129 1849 1258 1884 dubito
1283 1849 1427 1884 inventi
1445 1849 1593 1886 laudem
1614 1851 1737 1887 Ascle-

209 1897 310 1942 piadi
337 1898 538 1942 vindicare,
564 1910 674 1943 quem
695 1897 904 1934 Mnasalcas
929 1899 1077 1934 secutus
1104 1898 1170 1941 est,
1192 1896 1257 1941 qui
1282 1896 1442 1932 aliorum
1463 1898 1624 1943 vestigia
1643 1899 1736 1934 sole-

210 1946 275 1981 bat
300 1945 434 1991 legere.
484 1945 533 1980 Et
558 1946 775 1981 Eustathius
801 1957 959 1991 quoque,
979 1945 1042 1990 qui
1068 1944 1143 1980 iam
1162 1925 1360 1988 'utrumque
1381 1944 1613 1990 epigramma
1637 1957 1736 1981 com—

210 1992 350 2038 posuit,
383 2004 427 2028 ex
459 1994 528 2029 hoc
559 1993 772 2029 Aristotelis
804 1993 1066 2039 (Asclepiadis)
1098 1991 1367 2037 epigrammate
1401 1992 1612 2029 Mnasalcae
1649 2005 1737 2039 poe-

209 2040 366 2076 matium
394 2052 606 2086 expressum
633 2052 711 2077 esse
737 2043 875 2084 censet,
900 2041 998 2076 Rose
1025 2041 1154 2076 contra
1180 2039 1373 2093 contendit
1391 2039 1631 2076 Aristotelem
1659 2041 1738 2077 sive

207 2088 306 2123 hunc
333 2088 794 2143 epigrammatographum
815 2087 978 2133 Sicyonii
1005 2089 1138 2142 poetae
1159 2097 1307 2122 carmen
1326 2086 1364 2121 in
1386 2098 1493 2122 suum
1518 2099 1627 2123 usum
1653 2100 1735 2124 con-

209 2135 374 2179 vertisse,
401 2138 513 2181 atque
540 2136 587 2172 ob
613 2137 651 2171 id
677 2137 799 2182 ipsum
824 2134 1058 2182 Asclepiadis
1083 2145 1219 2170 nomen
1245 2134 1346 2170 omni
1372 2135 1444 2170 fide
1478 2146 1603 2172 carere
1629 2135 1737 2171 dicit:

209 2194 314 2218 secus
335 2184 399 2219 ille
418 2184 569 2228 quidem
594 2182 780 2227 iudicans;
807 2196 893 2219 nam
913 2182 1144 2229 poematium
1164 2193 1229 2217 cur
1247 2181 1462 2228 Asclepiadi
1481 2183 1736 2219 abiudicemus

209 2231 314 2266 nulla
339 2231 488 2266 omnino
515 2233 573 2266 est
598 2243 725 2267 causa:
750 2233 899 2277 poterat
923 2232 994 2267 hoc
1014 2230 1298 2276 Peplographus
1317 2231 1360 2264 ut
1384 2229 1460 2265 alia
1484 2230 1644 2266 aliorum
1670 2242 1737 2266 suo

209 2279 313 2323 operi
338 2278 510 2322 inserere,
537 2279 602 2314 sed.
628 2279 705 2315 veri
730 2281 788 2315 est
813 2278 971 2314 similius
998 2278 1045 2313 ab
1071 2277 1195 2313 aliena
1228 2288 1341 2312 manu
1373 2288 1454 2313 esse
1487 2277 1667 2314 additum
1696 2299 1738 2304 -—

209 2326 252 2360 V.
279 2329 311 2361 2.
340 2325 564 2371 κειραμένα,
595 2325 911 2372 Ρα1.κειρομένα,
944 2328 1058 2371 atque
1083 2325 1138 2361 ita
1171 2325 1266 2360 Flor.
1293 2344 1338 2350 —-
1364 2324 1407 2360 V.
1435 2329 1468 2362 3.
1496 2325 1739 2374 βεβολημένα,

209 2373 329 2409 Tzetz.
367 2374 606 2431 βεβαρημένοι
647 2373 952 2431 (βεβαρυμένον),
991 2373 1070 2409 cod.
1102 2372 1203 2407 Harl.
1239 2371 1511 2430 βεβαρημένου.
1550 2394 1594 2399 -
1629 2375 1739 2431 εἴπερ

210 2421 353 2466 scripsi,
379 2422 499 2466 vulgo·
520 2435 569 2462 ως
594 2418 685 2466 παρ’
722 2424 760 2457 et
784 2421 847 2478 sic,
860 2402 957 2458 Flor’.
985 2432 1069 2456 cum
1095 2421 1245 2463 Tzetze,
1272 2418 1309 2454 εἰ
1331 2433 1407 2464 παρ
1452 2420 1529 2456 Pal.
1540 2448 1550 2465 ‚
1582 2416 1639 2455 ὅτ’
1673 2417 1736 2464 ἄρ’

209 2469 310 2504 Harl.
338 2468 390 2513 (in
416 2481 463 2503 m.
491 2466 540 2509 ὡς
565 2467 688 2514 noeoss)
715 2465 847 2504 οὕνεκ’
881 2469 1036 2504 Planud
1064 2467 1213 2512 Eusth„
1236 2433 1407 2502 Hecker9
1423 2466 1460 2503 εἰ
1487 2480 1590 2524 παρα
1622 2469 1738 2503 πᾶσιν

270 2518 433 2562 ,μεῖζον
467 2513 560 2562 ἐμοῦ
593 2516 764 2552 ὃυναται.
794 2538 836 2542 --
864 2517 907 2552 V.
934 2520 967 2552 4.
991 2513 1145 2557 Ἆπάτα,
1176 2496 1274 2551 F’lor.
1302 2526 1325 2550 a
1348 2526 1396 2550 m.
1424 2527 1477 2560 pr.
1504 2528 1667 2550 απαντα.
1695 2537 1737 2542 -

208 2544 376 2621 κρέσσον,
403 2564 505 2600 Eust.
527 2563 704 2608 κρέσσων.
731 2585 776 2590 -
804 2561 897 2610 ἐμεῦ
922 2564 1001 2599 Pal.
1023 2565 1062 2599 et
1088 2563 1166 2598 cod.
1187 2561 1343 2597 Planud
1364 2573 1423 2607 ap.
1446 2563 1603 2607 Brunck,
1624 2562 1738 2609 vulgo

210 2608 315 2656 ἐμοῦ.
342 2634 384 2639 ⁷-
413 2610 593 2658 κέκριται,
618 2612 696 2647 Pal.
725 2613 763 2647 et
788 2612 867 2647 cod.
893 2611 998 2647 Plan.
1024 2609 1201 2646 Brunckii
1226 2606 1397 2645 δύναται.

304 2659 371 2705 Ep.
400 2664 432 2695 9
482 2659 593 2717 Resp.
620 2659 723 2696 Eust.
750 2660 789 2695 Il.
818 2663 898 2703 296,
924 2663 986 2694 22:
1021 2655 1253 2703 ἐπίγραμμα,
1266 2669 1378 2714 οπερ
1399 2655 1500 2702 λέγει
1526 2653 1644 2692 αὐτὸν
1671 2659 1736 2704 βα-

208 2704 357 2742 θύνουν
384 2706 448 2742 και
472 2714 600 2752 ψυχην
628 2704 668 2743 ἐν
694 2704 842 2763 σώματι
859 2707 976 2742 θείαν
1005 2704 1139 2762 ἔχοντα
1164 2704 1228 2740 καὶ
1253 2701 1420 2750 αγαθόν,
1445 2707 1488 2740 ut
1506 2704 1538 2739 is
1563 2703 1738 2740 videatur

209 2765 242 2788 v.
266 2758 283 2788 1
311 2754 487 2790 vitiosam
514 2755 714 2790 lectionem
724 2751 866 2811 ψυχήν
891 2751 926 2789 τ’
955 2751 996 2790 ἐν
1023 2750 1164 2799 σώματι
1188 2753 1304 2788 θείαν
1331 2750 1465 2797 ἔχοντα
1490 2751 1682 2798 reperisse.

302 2802 369 2847 Ep.
398 2806 451 2837 10.
504 2799 566 2837 ε’πὶ
592 2802 658 2837 τοῦ
685 2798 817 2844 αὐτοῦ,
836 2801 936 2847 quod
955 2801 1069 2846 vulgo
1089 2800 1351 2855 praemittitur,
1371 2810 1442 2835 om.
1463 2798 1560 2835 Flor.
1577 2819 1621 2825 —
1637 2799 1682 2837 V.
1706 2805 1734 2835 1.

209 2846 285 2892 τὸν,
313 2849 449 2884 Canter
473 2850 557 2884 τῶν.
586 2870 630 2876 -
658 2850 700 2885 V.
729 2854 760 2885 2.
789 2847 973 2895 ἡμιθέων,
999 2849 1104 2884 Euat.
1131 2851 1211 2891 296,
1237 2851 1282 2882 22
1300 2843 1484 2904 jqusplcov.

304 2896 370 2940 Ep.
401 2901 454 2934 12
506 2897 695 2933 Heimann
716 2896 956 2932 subditicium
975 2898 1096 2956 putat.
1113 2916 1158 2921 —
1176 2875 1218 2930 V.
1235 2899 1265 2930 1.
1287 2891 1404 2939 ἀνέρα
1424 2892 1501 2939 τὸν,
1524 2894 1734 2930 Slothower

208 2941 446 2989 Λαερτιάδην
473 2944 642 2981 coniecit.
669 2966 712 2971 —
741 2941 815 2990 ἐπὶ,
840 2944 971 2980 malim
997 2941 1076 2980 ἐνί.
