1890 3216
816 189 1078 228 THEOGNIS.
1634 191 1690 232 22
1697 194 1717 232 1

296 297 474 357 Κύρνε,
504 296 644 351 θεοὺς
675 300 809 347 αἰδοῦ
840 298 915 343 καὶ
948 300 1136 344 δείδιθι·
1167 301 1302 344 τοῦτο
1336 297 1421 358 γὰρ
1454 297 1602 358 ἄνδρα

176 383 268 416 1180
356 375 494 429 εἴργει
525 367 639 428 μήθ’
675 371 824 429 ἔρδειν
856 370 966 429 μήτε
997 372 1145 429 λέγειν
1177 368 1329 429 ἀσεβῆ.

295 500 583 560 Δημοφάγον
616 501 666 546 δὲ
698 501 948 561 τύραννον,
981 501 1101 556 ὅπως
1133 504 1324 560 ἐθέλεις,
1356 508 1618 549 κατακλῖναι

356 572 412 619 οὐ
442 574 620 631 νέμεσις
650 572 763 632 πρὸς
793 578 919 620 θεῶν
950 579 1121 633 γίνεται
1155 574 1356 634 οὐδεμία.

295 697 495 762 Οὐδένα,
529 705 695 764 Κύρν’,
729 705 864 764 αὐγαὶ
896 706 1236 766 φαεσιμβρότου
1266 705 1436 765 ἠελίοιο

353 776 485 837 ἄνδρ’
523 776 738 836 ἐφορῶσ’,
772 772 808 839 ᾦ
840 778 900 837 μὴ
933 782 1086 837 μῶμος
1118 780 1416 838 ἐπικρέμαται.

173 921 264 955 1185
291 913 421 963 Νοῦς
452 909 634 968 ἀγαθὸν
664 909 740 954 καὶ
771 912 971 967 γλῶσσα·
1003 909 1058 955 τὰ
1090 909 1133 955 δ’
1169 912 1219 956 ἐν
1251 910 1465 970 παύροισι
1497 912 1696 969 πέφυκεν

351 980 597 1041 ἀνδράσιν,
631 985 679 1026 οἳ
705 981 882 1026 τούτων
915 980 1184 1042 ἀμφοτέρων
1215 986 1382 1041 ταμίαι.

292 1113 428 1167 Οὖτις
458 1112 625 1159 ἄποινα
658 1112 815 1167 διδοὺς
845 1113 1054 1159 θάνατον
1086 1113 1228 1172 φύγοι
1260 1112 1368 1159 οὐδὲ
1400 1118 1589 1175 βαρεῖαν

356 1189 622 1244 δυστυχίην,
655 1188 697 1230 ει’
727 1185 787 1244 μὴ
820 1185 940 1245 μοῖρ’
977 1187 1047 1232 ἐπὶ
1078 1187 1217 1244 τέρμα
1249 1186 1419 1245 βάλοι,μ

291 1256 392 1303 οὐδ’
427 1255 486 1303 ὄὶν
519 1257 862 1316 δυσφροσύνας,
896 1257 970 1303 ὅτε
1003 1257 1059 1315 δὴ
1092 1257 1204 1310 θεὸς
1235 1257 1373 1316 ἄλγεα
1405 1260 1588 1317 πέμποι,

172 1343 264 1375 1190
349 1328 521 1387 θνητὸς
552 1328 669 1388 ἀνὴρ
703 1329 868 1389 δώροις
898 1329 1177 1388 βουλόμενος
1207 1330 1449 1389 προφύγοι.

162 1485 343 1531 ‘Hartung
369 1485 407 1522 εἰ
431 1483 482 1522 δ’.
526 1507 568 1512 -
609 1487 650 1522 εἴ
645 1500 706 1532 η,ς
742 1488 855 1522 antea
886 1485 1019 1532 scripsi
1051 1487 1131 1533 εἴῃς
1164 1482 1249 1534 (ἥῃς
1274 1487 1475 1532 oportebat
1500 1486 1626 1532 scribi)
1658 1488 1719 1524 vel
1749 1487 1756 1494 ”

169 1536 209 1570 εἴ
229 1547 296 1571 κεν
324 1534 387 1581 ἕης
422 1534 475 1580 (in
502 1534 559 1570 ed.
588 1500 668 1580 1),η
677 1534 742 1575 sed
779 1534 990 1591 optativum
1025 1535 1178 1570 tuentur
1210 1534 1410 1570 Homerica
1443 1534 1634 1580 exempla,
1674 1536 1720 1573 cf

168 1583 387 1618 Baeumlein
412 1582 516 1618 Modi
543 1586 613 1618 334
627 1593 704 1627 seq.
733 1603 776 1608 -—-
809 1578 986 1627 ἀπαθὴς,
1018 1581 1152 1618 inscite
1178 1582 1263 1628 Mey
1296 1579 1429 1640 ἀδαὴς.
1465 1604 1508 1609 —
1543 1582 1585 1619 V.
1617 1587 1720 1620 1178.

168 1631 358 1677 μεγίστην,
385 1629 475 1666 Geel
496 1631 688 1676 μεγίστης,
714 1630 862 1666 Hecker
888 1631 1105 1676 μεγίστης
1130 1643 1210 1666 κεν
1235 1627 1418 1674 πείρατ’
1448 1629 1548 1686 ἔχοις
1567 1628 1718 1676 αρετῆς,

169 1689 214 1714 ac
246 1689 335 1714 sane
368 1683 504 1723 πεῖραν
532 1677 634 1723 ἔχειν
666 1678 752 1713 huic
782 1678 868 1714 loco
900 1689 975 1714 non
1007 1679 1248 1722 conveniens,
1282 1679 1383 1724 quod
1415 1676 1568 1714 διδόναι
1595 1679 1721 1738 potius

168 1726 384 1770 dicendum,
413 1726 479 1761 sed
505 1726 665 1762 fortasse
691 1727 805 1771 poeta.
831 1725 982 1780 scripsit
1006 1730 1144 1772 πειραν
1172 1722 1318 1772 ἐλῷς“
1307 1739 1331 1762 1.
1356 1738 1388 1762 e.
1416 1725 1470 1767 εἰς
1495 1731 1633 1772 πειραν
1661 1725 1718 1763 ἔ-λ.

166 1776 272 1818 θοις,
298 1786 386 1810 nam
414 1773 511 1815 ε’λοις
537 1772 561 1808 i.
588 1785 619 1809 e.
645 1773 777 1822 λάβοις
802 1773 926 1809 minus
952 1775 1201 1810 commodum.
1230 1795 1274 1800 —-
1313 1773 1430 1820 ,ξ’,χοις
1458 1774 1487 1810 O
1515 1773 1619 1820 έ’,χης
1652 1776 1718 1811 sed

169 1823 351 1867 superscr
379 1834 415 1857 ει
443 1842 483 1847 --
517 1822 608 1857 Post
633 1825 789 1858 v.1178
822 1823 1000 1867 repetunt
1024 1820 1090 1857 AO
1116 1834 1150 1857 v
1179 1826 1302 1858 555-
1314 1827 1345 1858 6.
1380 1843 1417 1848 -
1445 1821 1491 1859 V.
1519 1827 1667 1859 1179—
1676 1827 1721 1859 80

169 1869 279 1906 affert
304 1869 421 1906 Orion
445 1869 498 1905 III
525 1874 557 1906 5.
586 1890 630 1895 -
657 1869 702 1905 V.
725 1873 826 1906 1180.
856 1871 991 1915 εἴργει,
1017 1869 1208 1915 ἱειργειν.
1237 1892 1280 1896 -
1319 1866 1415 1916 μήθ’
1440 1869 1577 1915 ἕρδειν,
1605 1871 1718 1907 Orion

167 1915 260 1964 μήτε
286 1920 443 1954 παθεῖν.
479 1939 521 1944 —
554 1917 599 1953 V.
629 1922 731 1954 1181.
758 1915 815 1960 δὲ,
840 1917 931 1961 fts,
959 1929 1031 1953 om.
1053 1917 1094 1954 Ο.
1130 1939 1174 1943 -
1206 1916 1407 1963 τύραννον,
1436 1920 1465 1953 Α
1493 1932 1716 1964 τυρραννον.

252 1962 418 2011 ἐθέλεις,
465 1965 494 2001 O
529 1967 679 2012 (comp.)
731 1962 869 2011 ἐθελης
906 1966 996 2012 (ῃς),
1044 1966 1205 2002 fortasse
1249 1968 1362 2003 recte.
1402 1987 1446 1992 -—
1493 1970 1719 2002 κατακλῖναι

170 2013 271 2049 haud
295 2013 409 2049 dubie
429 2013 662 2057 mendosum,
689 2014 755 2049 sed
781 2025 871 2050 cura
897 2012 1075 2059 difficilis,
1107 2013 1231 2059 possis
1261 2014 1498 2060 καταγλῆναι
1523 2015 1720 2058 coniicere,

167 2060 326 2106 Hesych.
359 2062 593 2107 καταγλῆναι
628 2061 960 2108 (quemadmodum
995 2061 1167 2097 Schmidt
1203 2062 1399 2107 correxit)·
1433 2063 1718 2106 καταναλῶσαι;

167 2108 259 2144 item
291 2110 545 2154 διαγλαίνειν·
573 2110 912 2156 διαλυμαιᾝνεσθαι
948 2121 1036 2145 nam
1071 2105 1256 2145 απαλῖναι
1290 2110 1314 2146 i.
1345 2121 1375 2147 e.
1405 2107 1620 2155 ἐξαλεῖψαι,
1654 2122 1717 2146 ex-

168 2156 376 2203 stinguere,
402 2156 524 2203 magis
548 2157 694 2193 recedit
724 2169 747 2193 a
771 2157 984 2192 litterarum
1010 2157 1199 2204 vestigiis,
1236 2169 1305 2194 nec
1338 2159 1564 2194 auctoritate
1590 2159 1715 2194 firma-

168 2206 266 2248 tum,
302 2215 530 2249 quamquam
560 2201 725 2249 ἄλίνειν,
761 2201 907 2250 ἄλιναι,
941 2201 1155 2251 ἐπαλεῐναι,
1190 2208 1414 2242 καταλεῖναι
1445 2207 1608 2242 testatur
1641 2206 1714 2242 He-

168 2233 328 2298 sychius.
358 2274 399 2278 —
434 2252 477 2288 V.
508 2255 609 2289 1182.
641 2254 790 2298 γίνεται
815 2253 892 2313 ΑΟ,
923 2253 1037 2299 vulgo
1064 2254 1243 2298 γίγνεται.
1279 2275 1320 2279 —
1357 2254 1447 2290 Post
1473 2266 1505 2289 v.
1535 2257 1626 2289 1182
1654 2265 1714 2289 ex-

166 2299 300 2335 hibent
319 2300 383 2336 AO
399 2299 589 2336 distichon
606 2299 781 2337 Οὖδένα.
824 2329 830 2336 .
853 2297 1114 2346 ἐπικρέμαται,
1133 2301 1235 2346 quod
1254 2301 1436 2338 omittunt
1454 2301 1710 2348 bcdefghlmn,

165 2348 294 2393 itaque
329 2359 404 2384 non
441 2348 581 2394 legitur
612 2360 678 2384 suo
709 2330 806 2385 loco·
829 2348 868 2384 in
901 2348 1006 2384 editt.
1041 2351 1128 2384 ante
1159 2349 1390 2395 Bekkerum,
1424 2349 1489 2385 sed
1522 2352 1712 2386 extremae

167 2396 339 2442 syllegae
375 2396 432 2431 est
457 2396 676 2432 subiectum.
728 2397 819 2432 Post
850 2397 922 2433 hoc
955 2396 1143 2432 distichon
1176 2399 1355 2442 repetunt
1386 2396 1451 2433 AO
1484 2410 1515 2433 v.
1539 2401 1665 2433 367—
1678 2401 1712 2442 8,

107 2477 110 2481 .
165 2445 247 2479 tum
268 2443 508 2489 subsequitur
522 2443 710 2480 distichon
723 2445 830 2484 Νοῦς
843 2441 927 2489 ἆγ..
965 2445 1132 2490 ,Ὅταμιαι
1169 2445 1276 2480 Ηιιιιο
1290 2445 1508 2502 eclogarum
1525 2444 1706 2489 ordinem,

167 2502 283 2536 quem
309 2491 399 2527 libri
423 2491 693 2537 testificantur,
719 2492 877 2537 restitui,
905 2491 1053 2528 Bekker
1078 2492 1249 2539 eclogam
1274 2493 1439 2538 priorem
1464 2489 1608 2528 οὐδένα
1635 2496 1709 2528 κτλ.

167 2539 369 2575 collocavit
421 2541 479 2575 ost
502 2540 595 2580 νοῦς
618 2535 737 2585 αγαθ.
764 2543 839 2575 κτλ.
867 2521 1045 2585 deceptus
1077 2540 1145 2586 iis,
1175 2551 1271 2585 quae
1297 2541 1343 2577 de
1369 2540 1475 2576 libris
1514 2541 1579 2575 AO
1607 2543 1712 2576 nota-

166 2587 283 2622 verat.
413 2590 574 2623 ,1183
583 2591 605 2623 4
630 2587 781 2623 Brunck
801 2587 945 2622 censuit
963 2587 1244 2633 coniungendos
1271 2599 1352 2624 esse
1373 2599 1456 2624 cum
1483 2599 1516 2623 v.
1533 2592 1647 2624 367-
1654 2592 1710 2630 68,

167 2635 233 2679 qui
258 2637 344 2680 post
367 2649 401 2671 v.
425 2638 518 2671 1284
543 2638 772 2681 repetuntur,
799 2635 864 2670 sed
890 2637 976 2670 sunt
1001 2635 1171 2671 diversae
1193 2637 1362 2693 eclogae,
1385 2635 1556 2693 quamvis
1577 2635 1710 2671 similis

169 2682 392 2728 argumenti.
427 2704 470 2708 —
504 2683 549 2719 V.
578 2687 681 2719 1185.
709 2685 860 2737 αγαθρν
886 2683 930 2725 Α,
957 2678 1109 2728 αγαθὸς
1134 2685 1223 2719 cett.
1250 2704 1294 2709 —-
1321 2697 1366 2718 τα
1389 2680 1425 2718 δ’
1456 2683 1600 2742 scripsi
1626 2695 1710 2729 pro-

167 2729 282 2766 bante
314 2731 524 2784 Hartungo,
556 2730 704 2767 nescius
738 2730 778 2766 id
810 2730 885 2766 iam
918 2730 1130 2787 Crispinum
1162 2731 1382 2775 correxisse,
1409 2730 1462 2766 Oc
1486 2728 1609 2775 ταῦτ,
1643 2731 1708 2767 rel.

168 2775 214 2813 τά
240 2774 288 2814 τ.
339 2777 562 2814 Heimsoeth
586 2778 829 2825 singulariter
852 2775 895 2813 τὸ
922 2774 959 2813 δ’
988 2779 1187 2814 dicendum
1212 2778 1328 2814 fuisse
1354 2780 1498 2822 censet,
1525 2779 1585 2814 vel
1601 2759 1709 2824 α’ταρ

169 2822 211 2861 ἐν
237 2822 399 2872 παύροις
418 2823 460 2862 τὸ
480 2824 655 2883 πέφυκεν
677 2825 925 2862 scribendum.
947 2846 990 2851 -
1006 2825 1050 2861 V.
1069 2829 1171 2862 1187.
1193 2839 1307 2870 ουτις,
1335 2827 1429 2861 citra
1448 2826 1710 2862 necessitatem

169 2871 361 2909 Hermann
388 2887 458 2910 ουκ
478 2887 528 2910 αν
549 2874 719 2918 correxit,
746 2873 867 2909 multo
887 2874 1051 2910 deterius
1071 2874 1297 2910 Herwerden
1317 2870 1448 2910 ἄποιν’
1470 2887 1519 2908 αν
1540 2872 1707 2914 δούς.-

168 2917 296 2966 φύγοι,
318 2920 480 2967 Οφύγη.
501 2922 604 2958 —V.
622 2925 724 2958 1188.
752 2920 1014 2967 δυστυχιηνΑ,
1039 2921 1059 2942 *
1079 2922 1293 2966 δυστυχίαν.
1317 2942 1359 2948 -
1381 2921 1424 2956 V.
1445 2924 1547 2958 1189.
1568 2919 1709 2977 πέμποι

169 2967 316 3014 scripsi,
348 2969 462 3014 vulgo
494 2968 650 3015 πέμπει,
676 2971 707 3004 Α
739 2968 868 3015 πέμπη
894 2969 996 3014 (fort.
1026 2971 1075 3016 ῃ).
1110 2990 1153 2995 -—
1188 2969 1231 3005 V.
1261 2974 1362 3006 1190.
1391 2966 1636 3018 βουλόμενος,
1668 2970 1708 3007 in
