1890 3216
177 163 204 204 6
718 164 908 200 ΡΟΕΤΑΕ
935 164 1172 200 ELEGIACI.

872 273 912 314 4⁴
947 273 1021 326 [31
1640 286 1708 318 392

255 353 451 411 Τθήρδας
483 353 652 411 ἄνδρας
684 352 818 410 ἄγων.
863 333 865 335 -
1529 367 1532 370 «
1724 372 1727 374 ,

873 475 911 516 5.
947 474 1021 528 [5.]
1094 458 1096 462 ’

299 572 441 612 Strabo
472 573 571 612 XIII
606 575 710 613 627:
750 570 853 623 Φησὶ
886 569 928 611 δὲ
959 572 1233 626 Καλλισθένης
1264 569 1414 614 ἁλῶναι
1443 571 1511 623 τὰς
1541 565 1712 627 Σάρδεις

179 630 259 677 ὑπὸ
297 639 525 689 Κιμμερίων
555 641 729 691 πρῶτον,
768 633 846 678 εἷθ’
887 633 966 677 ὑπὸ
1002 640 1167 690 Τρηρῶν
1202 637 1269 678 καὶ
1300 640 1489 690 Λυκίων,
1521 636 1616 692 ὅπερ
1646 639 1712 680 καὶ
1770 660 1775 663 ·

180 704 379 742 Καλλῖνον
399 703 566 755 δηλοῦν,
585 700 653 743 τὸν
678 706 745 755 τῆς
765 702 930 757 ἐλεγείας
949 700 1138 755 ποιητήν,
1163 701 1306 744 ῦστατα
1331 702 1375 744 δὲ
1392 701 1466 758 τὴν
1490 703 1552 745 ἐπὶ
1572 701 1711 756 Κύρου

177 766 241 806 καὶ
268 768 443 820 Κροίσου
475 767 660 822 γενέσθαι
685 765 843 809 ἅλωσιν.
887 767 1086 822 Λέγοντος
1115 767 1157 809 δὲ
1187 772 1258 810 τοῦ
1290 770 1489 811 Καλλίνου
1519 766 1603 822 τὴν
1634 769 1712 822 ἔφ·

179 833 293 873 οδον
318 836 406 873 τῶν
426 835 704 887 Κιμμερίων
729 834 804 875 ε’πὶ
827 831 938 883 τοὺς
959 830 1217 887 Ἠσιονῆας
1241 834 1513 888 γεγονέναι,
1539 831 1633 875 καθ’
1661 831 1714 888 ’ἢν

179 899 223 937 αἱ
250 895 420 951 Σάρδεις
452 896 647 950 ἑάλωσαν,
687 897 907 948 εἰκάζουσιν
944 900 985 941 οἵ
1017 899 1105 952 περὶ
1141 897 1210 941 τὸν
1246 895 1435 952 Σκήψιον
1462 897 1579 940 Ἰαστὶ
1609 899 1713 954 λέγε-

180 967 277 1002 σθαι
309 960 503 1013 Ἠσιονεῖς
539 961 631 1013 τοὺς
663 962 855 1014 Ἀσιονεῖς
887 962 1115 1020 (Ἀσιανούς
1136 962 1196 1020 11)·
1235 962 1331 1018 τάχα
1367 961 1441 1019 γὰρ
1472 961 1497 1018 ἡ
1529 966 1712 1020 Μῃονία,
1751 1002 1755 1006 .

181 1028 322 1079 φησίν,
356 1025 466 1068 Ἀσία
497 1028 643 1083 ἐλέγετο
675 1034 750 1070 κτλ.
790 1033 837 1071 ef.
878 1032 1015 1082 Steph.
1046 1033 1139 1082 Byz.
1172 1046 1208 1071 v.
1243 1027 1435 1073 Ἠσιονία.
1485 1032 1712 1084 Hesychius

178 1090 391 1145 Ἠσιονεῖς,
424 1095 465 1134 οἵ
491 1091 563 1146 τὴν
589 1091 724 1135 Ἀσίαν
756 1097 955 1144 οἰκοῦντες
973 1092 1174 1148 ’Έλληνες

922 1284 961 1326 6.

300 1381 471 1419 Pausan.
490 1380 548 1418 IX
569 1383 605 1429 9,
628 1382 672 1419 5:
700 1370 899 1432 Ἐποιήθη
932 1379 975 1420 δὲ
1006 1380 1045 1429 ἐς
1069 1377 1138 1420 τὸν
1169 1377 1340 1432 πόλεμον
1364 1383 1504 1421 τοῦτον
1534 1380 1600 1421 καὶ
1626 1381 1714 1434 ἔπη,

186 1445 355 1497 Θηβαΐς·
387 1441 432 1484 τὰ
465 1443 508 1484 δὲ
540 1444 613 1496 ἔπη
645 1448 765 1485 ταῦτα
795 1448 1011 1496 Καλλῖνος,
1043 1441 1285 1498 ἀφικόμενος
1316 1443 1446 1486 αὐτῶν
1477 1446 1517 1494 ἒς
1542 1443 1716 1499 μνήμην,

185 1509 332 1561 ἔφησεν
344 1506 523 1562 “Όμηρον
547 1506 615 1550 τὸν
640 1507 859 1562 ποιήσαντα
885 1506 1002 1550 εἶναι·
1035 1510 1220 1566 Καλλίνῳ
1249 1508 1292 1550 δὲ
1317 1512 1458 1551 πολλοί
1472 1526 1511 1551 τε
1530 1510 1596 1551 καὶ
1614 1509 1717 1561 ἄξιοι

181 1571 301 1628 λόγου
332 1571 430 1614 κατὰ
460 1571 580 1615 ταῦτα
612 1574 799 1628 ἔγνωσαν.
844 1577 909 1615 Ita
936 1576 1136 1629 Sylburg.,
1161 1577 1284 1627 vulgo
1311 1579 1353 1616 et
1378 1577 1488 1618 codd.
1515 1579 1716 1626 Καλαῖνος

182 1643 223 1679 et
253 1640 453 1694 Καλαίνῳ.
504 1635 590 1692 (Ag
615 1641 844 1696 Καλλαίυῳ,
877 1642 914 1680 V
934 1654 959 1681 a
982 1655 1041 1692 pr.
1067 1635 1310 1695 Καλλυΐνω.)

184 1767 255 1814 φῇ·
289 1766 387 1802 Νῦν
415 1762 453 1801 δ’
483 1763 546 1802 ἐπι
571 1769 646 1803 κτλ.
680 1763 721 1803 ἐν
751 1761 774 1815 ᾗ
807 1765 888 1813 τὴν
919 1764 1140 1826 Σάρδεων
1173 1764 1341 1803 αλωσιν
1375 1769 1515 1814 δηλοῖ.
1542 1788 1587 1794 ·--
1592 1764 1716 1825 ὄβρι-

184 1814 364 1874 μοεργῶν,
390 1814 502 1871 vulgo
530 1805 825 1872 ὀμβριμοεργῶν,
852 1815 1001 1852 ODhios
1028 1813 1183 1862 ὄβριμος
1209 1813 1454 1860 ἕργων,1ἓ“111τ
1474 1816 1560 1851 Ald.
1588 1812 1609 1852 ὅ
1611 1818 1717 1862 μιβρ-

184 1875 252 1908 μος
278 1860 408 1907 ἔργων,
434 1874 458 1896 x
484 1858 766 1909 ὀμβριμοεργής.
816 1862 984 1909 Respicit
1009 1863 1082 1899 11110
1106 1862 1354 1908 XH1p627
1383 1863 1471 1907 (vid.
1497 1864 1541 1899 fr.
1568 1865 1604 1907 ὅ)
1631 1875 1717 1899 0011-

184 1910 369 1954 sentitque
397 1908 510 1946 Olem
537 1910 642 1945 Alex
670 1910 804 1946 Strom.
832 1911 848 1945 I
874 1915 942 1947 398
969 1923 992 1947 a
1018 1910 1163 1947 Callino
1191 1875 1371 1946 secundas
1397 1910 1614 1958 Magnetum
1647 1922 1717 1955 res,

181 1957 232 1993 ab
266 1956 491 1992 Archilocho
525 1957 701 1993 adversas
736 1957 1282 1994 commemorari.Adve1-sari
1311 1958 1459 1994 videtur
1489 1958 1624 1994 Athen.
1649 1939 1718 1994 XII

185 2008 252 2040 525
279 2004 323 2039 C:
345 2001 546 2039 Ἀπώλοντο
574 2003 614 2040 δὲ
641 2005 705 2040 καὶ
725 2003 928 2066 Μάγνητες
954 2004 993 2042 οι
1015 2003 1108 2052 πρὸς
1133 2006 1183 2051 τῷ
1211 2003 1422 2063 Μαιάνδρῳ
1449 2005 1512 2042 δια
1533 2005 1575 2041 τὸ
1601 2004 1716 2042 πλέον

185 2049 388 2108 ἀνεθῆναι,
415 2047 464 2091 ὧς
491 2064 583 2096 φησι
607 2055 791 2113 Καλλῖνος
817 2051 858 2089 ἐν
885 2058 962 2095 τοῖς
989 2042 1168 2099 ἐλεγείοις
1197 2053 1261 2089 καὶ
1283 2042 1494 2099 Ἀρχίλοχος.
1546 2050 1716 2089 ἑάλωσαν

184 2098 1401 2194 111811·(113101211133611111ῖῖ11ῑὲ
1419 2101 1717 2194 11111ῑᾷ113

185 2195 416 2240 significatus
442 2194 659 2231 subsecutus
687 2199 753 2233 est.
804 2197 926 2241 Atque
953 2197 1001 2232 ob
1034 2196 1074 2232 id
1103 2197 1228 2242 ipsum
1259 2208 1403 2242 nequeo
1434 2197 1630 2243 Hartungo
1661 2208 1718 2232 as-

187 2242 335 2286 sentire,
363 2241 428 2287 qui
453 2242 639 2279 distichon
665 2244 764 2289 quod.
789 2244 926 2290 legitur
951 2245 1118 2290 Theogn
1145 2256 1179 2280 v.
1206 2247 1287 2287 603,
1313 2248 1352 2279 4.

399 2299 527 2336 τοιάδε
554 2302 619 2337 καὶ
634 2301 853 2362 Μάγνητας
877 2300 1071 2339 απώλεσεν
1098 2301 1189 2349 ἔργα
1214 2303 1280 2339 καὶ
1305 2300 1423 2352 ῧβρις,

446 2347 508 2384 οἷα
534 2363 580 2385 τα
605 2350 675 2385 νῦν
702 2349 807 2398 ἱερὴν
832 2348 944 2397 τήνδε
969 2348 1079 2387 πόλιν
1104 2350 1266 2398 κατέχει.

187 2409 331 2455 Callino
357 2410 546 2446 vindicare
572 2411 710 2446 voluit:
738 2411 797 2446 0111
823 2423 907 2447 011111
934 2411 1117 2447 simillimi
1143 2411 1218 2447 sint
1242 2422 1371 2447 versus
1399 2415 1477 2447 113.
1503 2415 1542 2447 4·

401 2464 504 2516 ἵβρις
530 2469 593 2505 καὶ
611 2468 827 2527 Μάγνητας
853 2467 1020 2506 ἀπώλεσε
1047 2470 1112 2506 καὶ
1137 2471 1352 2530 Κολοφῶνα

447 2517 512 2552 καὶ
537 2515 733 2563 Σμύρνην·
759 2516 921 2564 πάντως,
946 2515 1085 2564 Κύρνε,
1111 2517 1175 2554 καὶ
1201 2515 1293 2565 υμμ’
1321 2515 1465 2554 απολεῖ.

116 2600 118 2602 -
188 2587 280 2621 quos
306 2576 534 2630 Theognidis
561 2588 640 2612 esse
673 2579 816 2613 certum
848 2578 922 2622 est,
954 2577 1041 2612 huic
1074 2577 1195 2612 eidem
1226 2578 1361 2623 poetae
1393 2576 1507 2612 etiam
1537 2577 1631 2612 illud
1662 2579 1716 2613 di-

189 2623 337 2659 stichon
370 2623 450 2659 iure
487 2624 736 2660 attribuimus.
793 2624 962 2670 Denique
997 2625 1168 2670 Hartung
1200 2624 1315 2660 etiam
1352 2623 1455 2659 aliud
1488 2623 1717 2670 Theognidis

189 2670 375 2706 distichon
400 2683 434 2706 v.
462 2675 539 2707 235.
570 2677 589 2706 6
618 2671 754 2707 Canini
779 2683 859 2708 esse
895 2672 1120 2718 suspicatur:
1151 2671 1217 2708 sed
1248 2683 1331 2706 eum
1362 2670 1417 2706 ibi
1448 2669 1557 2716 Cyrni
1580 2684 1716 2708 nomen

188 2717 299 2763 plane
326 2720 438 2764 extet,
465 2720 536 2755 hoc
563 2720 810 2756 audacissima
835 2719 1043 2756 mutatione
1067 2718 1201 2755 tollere
1227 2720 1380 2755 conatus
1392 2720 1472 2754 mest

282 2776 339 2813 Fr.
368 2782 400 2813 4.
453 2778 593 2823 Stephs
607 2779 692 2824 Byz.
747 2780 890 2825 Τρῆρες
895 2776 1084 2828 Θρᾴκιον
1111 2777 1235 2823 ἔθνος,
1260 2776 1410 2822 λέγεται
1434 2776 1499 2812 καὶ
1523 2776 1715 2835 τρισυλλά-

192 2825 262 2869 βως
294 2824 395 2868 παρὰ
431 2827 601 2882 Καλλίνῳ
634 2827 683 2873 τῷ
717 2826 785 2872 (sie
816 2823 921 2884 Ry:
932 2833 1000 2862 κιῶ
1037 2828 1076 2862 et
1109 2827 1268 2862 καλλίνω
1302 2826 1372 2871 Pp,
1411 2823 1636 2873 Καλλιμαχῳ
1668 2828 1715 2872 A)

190 2872 341 2952 ποιλητῇ·
373 2871 540 2953 Ίρήρεας
568 2862 614 2919 (R
643 2875 814 2919 Τρίρεας)
841 2871 878 2910 ἅ.
904 2870 941 2909 ἅ.
992 2874 1123 2910 Treres
1148 2873 1275 2909 Celtae
1299 2873 1460 2917 fuerunt,
1479 2884 1554 2909 non
1578 2862 1716 2910 diversi

201 2931 212 2952 t
273 2931 404 2953 '‘6167'78
