1890 3216
880 730 998 775 XIV.
1642 743 1712 775 508

595 837 1264 888 HIPPARCHUS.

922 980 959 1023 1.

232 1065 402 1121 Μνῆμα
433 1059 530 1107 τόδ’
559 1059 818 1120 Ἱππάρχου·
851 1070 993 1120 στεῖχε
1025 1064 1175 1106 δίκαια
1208 1064 1407 1120 φρονῶν.

918 1184 958 1227 2.

230 1269 403 1324 Μνῆμα
433 1264 531 1313 τόδ’
560 1265 820 1325 Ἱππάρχου·
853 1264 913 1324 μὴ
945 1270 1082 1324 φίλον
1114 1264 1318 1320 ἐξαπάτα.

265 1399 569 1459 I'Iipparschus
614 1399 672 1434 Fr.
703 1403 732 1434 1.
759 1402 792 1435 2.
838 1398 947 1434 Plato
973 1398 1190 1444 Hipparcho
1215 1397 1345 1433 2280:
1373 1395 1508 1456 ἐπειδὴ
1537 1396 1579 1433 δὲ
1607 1394 1711 1443 αὐτῷ

166 1443 403 1506 (Ιππάρχῳ)
413 1445 452 1483 οἷ
474 1446 561 1492 περὶ
586 1444 627 1482 τὸ
655 1458 748 1482 αστυ
774 1446 849 1481 τῶν
875 1447 1037 1482 πολιτῶν
1063 1444 1372 1503 πεπαιδευμένοι
1390 1440 1486 1491 ἦσαν
1507 1445 1572 1481 καὶ
1593 1435 1711 1481 ἐθαύ-

169 1496 288 1540 μαζον
314 1492 433 1530 αὐτὸν
461 1492 523 1530 ἐπὶ
549 1495 684 1544 σοφίᾳ,
712 1491 969 1552 ἐπιβουλεύων
995 1487 1045 1529 αὖ
1071 1493 1159 1535 τοὺς
1185 1491 1227 1529 ἐν
1254 1498 1330 1534 τοῖς
1349 1490 1480 1552 ἀγροῖς
1504 1494 1713 1529 παιδεῦσαι

169 1541 324 1599 ἔστησεν
341 1540 490 1601 ..emitote
516 1531 657 1603 Ἑρμᾶς
692 1541 790 1581 κατὰ
821 1540 890 1583 τὰς
922 1539 1036 1583 ὁδοὺς
1069 1539 1111 1577 ἐν
1143 1540 1254 1599 μέσῳ
1276 1541 1344 1577 τοῦ
1376 1538 1510 1582 ἄστεος
1540 1541 1606 1576 καὶ
1637 1542 1711 1576 τῶν

169 1587 299 1636 δήμων
335 1586 522 1634 ἑκάστων,
554 1588 718 1626 κᾶπειτα
744 1590 811 1635 τῆς
835 1591 973 1646 σοφίας
997 1587 1116 1626 αὑτοῦ
1145 1585 1193 1635 ἣν
1219 1585 1254 1624 τ’
1285 1588 1406 1635 ἔμαθε
1434 1590 1495 1625 καὶ
1523 1585 1571 1649 ἣν
1597 1585 1713 1630 αὐτὸς

170 1635 343 1683 ἐξεῦρεν,
376 1618 674 1696 ἔκλεξοὶμενος“
650 1652 675 1673 α
701 1635 829 1696 ῂγεῖτο
863 1650 1112 1683 σοφωτατα
1098 1635 1215 1682 ε,ἷναι
1250 1638 1370 1673 ταῦτα
1403 1634 1518 1678 αὐτὸς
1543 1634 1713 1678 ἐντείνας

169 1685 224 1727 εἰς
249 1667 436 1731 ἐλεγεῖον,
468 1683 587 1722 αὑτοῦ
621 1683 814 1732 ποιήματα
839 1685 904 1720 καὶ
938 1682 1187 1741 ἐπιδείγματα
1218 1685 1284 1742 τῆς
1316 1686 1453 1742 σοφίας
1479 1682 1711 1742 ἐπέγραψεν,

168 1734 232 1769 ἴνα
257 1734 407 1778 πρῶτον
427 1747 497 1791 μεν
517 1731 563 1769 τὰ
585 1731 627 1770 έν
648 1737 813 1778 Δελφοῖς
837 1730 1039 1790 γράμματα
1065 1730 1110 1768 τὰ
1138 1731 1239 1790 σοφὰ
1259 1745 1381 1768 ταυτα
1387 1747 1451 1792 ’μη
1470 1730 1711 1792 θαυμάζοιεν

169 1778 208 1816 οἴ
229 1784 379 1826 πολῖται
404 1778 540 1826 αὐτοῦ,
565 1779 607 1817 τό
634 1794 672 1818 τε
702 1781 835 1817 Γνῶθι
860 1778 1019 1826 σαυτόν,
1058 1795 1123 1816 και
1148 1778 1188 1816 τὸ
1216 1779 1353 1838 Μηδὲν
1378 1794 1479 1839 αγαν
1506 1780 1570 1816 καὶ
1595 1778 1711 1816 τᾶλλα

166 1826 213 1864 τὰ
246 1829 423 1872 τοιαῦτα,
455 1810 550 1865 ἄλλα
582 1827 628 1865 τὰ
650 1826 855 1886 Ἱππαρχου
884 1810 1054 1886 ᾆήματα
1057 1829 1211 1886 μᾶλλον
1245 1826 1345 1874 σοφὰ
1372 1825 1542 1875 ἡγοῖντο,
1580 1827 1711 1864 ἔπειτα

167 1873 368 1934 παριόντες
405 1875 486 1913 ἄνω
524 1877 590 1913 καὶ
627 1874 728 1913 κοῖτω
767 1876 834 1912 καὶ
871 1873 1224 1934 ἀναγιγνώσκοντες
1261 1877 1324 1912 καὶ
1370 1877 1493 1933 γεῦμα
1530 1874 1712 1924 λαβόντες

168 1920 287 1960 αὐτοῦ
314 1925 380 1971 τῆς
412 1926 549 1970 σοφίας
580 1925 751 1983 φοιτῷεν
781 1922 823 1961 ἐκ
849 1925 923 1960 τῶν
949 1921 1078 1970 αγρῶν
1102 1924 1168 1960 καὶ
1195 1921 1258 1960 ἐπὶ
1284 1922 1330 1960 τὰ
1356 1922 1469 1960 λοιπὰ
1495 1926 1710 1981 παιδευθη-

167 1969 340 2030 σὸμενοι·
374 1970 483 2008 ἐστὸν
515 1971 558 2008 δὲ
592 1970 670 2008 δύω
701 1969 1013 2031 τωπιγράμματε·
1048 1969 1089 2008 ἒν
1121 1971 1191 2018 μὲν
1222 1976 1300 2013 τοῖς
1333 1969 1395 2008 ἐπ’
1429 1985 1608 2030 αριστερα
1644 1973 1711 2008 τοῦ

167 2017 307 2065 Ερμοῦ
336 2017 497 2056 εκάστου
504 2018 808 2080 ἐπιγέγραπται
824 2018 942 2066 λέγων
968 2017 988 2056 ὁ
1011 2017 1167 2077 Ἑρμῆς,
1205 2015 1263 2056 ὅτι
1290 2018 1332 2055 ἐν
1358 2018 1457 2076 μέσῳ
1483 2021 1551 2056 τοῦ
1577 2033 1712 2061 αστεος

168 2067 234 2102 καὶ
258 2068 326 2104 τοῦ
353 2067 476 2115 δήμου
503 2067 675 2115 ἕστηκεν,
703 2065 744 2104 ἐν
771 2067 813 2104 δε
841 2072 918 2109 τοῖς
944 2065 1007 2103 ἐπὶ
1033 2065 1157 2111 δεξιά·
1196 2068 1368 2114 Μνῆμα
1400 2065 1498 2103 τόδ’
1528 2065 1708 2111 Ιππάρ-

199 2128 267 2150 ου·
294 2120 443 2174 στεῖχε
471 2117 632 2152 δίκαια
659 2116 845 2172 φρονῶν
871 2117 1004 2172 φησιν
1033 2114 1110 2151 ἔστι
1133 2114 1175 2151 δὲ
1195 2116 1270 2150 τῶν
1284 2113 1512 2175 ποιημάτων
1532 2116 1597 2151 καὶ
1616 2113 1711 2152 α”λλα

168 2128 262 2198 ἔν’
237 2160 365 2204 ἄλλοις
384 2160 540 2210 Ἑρμαῖς
564 2162 681 2200 πολλὰ
707 2163 773 2200 καὶ
798 2161 896 2199 καλα
925 2161 1250 2221 ἐπιγεγραμμένα·
1279 2162 1356 2199 ἔστι
1382 2162 1424 2198 δὲ
1446 2162 1494 2209 δὴ
1515 2164 1579 2199 καὶ
1598 2164 1710 2199 τοῦτο

170 2207 233 2246 ἐπὶ
259 2211 302 2258 τῇ
331 2212 536 2259 Στειριαπῇ
563 2209 653 2258 ὁδῷ,
681 2210 722 2248 ἐν
749 2206 777 2260 ᾦ
803 2210 920 2257 λέγει·
947 2214 1031 2246 Μν.
1059 2225 1089 2246 τ.
1111 2208 1216 2246 Ιππ.
1245 2210 1300 2257 μὴ
1328 2212 1464 2256 φίλον
1492 2208 1708 2259 ἐξαπάτα.

171 2279 214 2284 -
241 2248 295 2293 Ex
322 2249 558 2305 Hipparcheo
584 2241 711 2306 aliquo
738 2249 1009 2306 epigrammate
1035 2258 1136 2294 haud
1162 2258 1276 2295 dubie
1302 2260 1470 2295 servatus
1501 2261 1559 2294 est
1583 2271 1711 2295 versus

168 2305 207 2340 in
237 2306 350 2342 titulo
382 2307 508 2344 Attico
540 2307 579 2343 in
612 2307 720 2354 Oorp.
748 2307 860 2343 Inscr.
887 2305 970 2342 Vol.
999 2307 1013 2341 1
1043 2310 1084 2341 12
1119 2307 1223 2342 ouius
1253 2308 1419 2343 nondum
1452 2309 1555 2343 certa
1586 2318 1709 2342 emen-

169 2353 273 2390 datio
298 2357 467 2401 reperta·
493 2355 646 2391 Boeckh
673 2355 838 2401 scripsit·

379 2410 443 2449 Ἐν
469 2412 591 2462 μέσσῳ
617 2427 658 2460 γε
689 2415 804 2460 Θριής
829 2427 867 2450 τε
895 2414 959 2450 καὶ
986 2410 1137 2458 ἄστεος,
1163 2427 1273 2460 ανερ,
1302 2410 1373 2450 ὅθ’
1395 2411 1546 2460 Ερμῆς.

112 2475 116 2479 ”
168 2472 286 2508 Franz
312 2469 354 2509 έν
381 2471 480 2522 μέσῳ
509 2473 586 2532 εἰμὶ
607 2475 649 2510 Θ.
671 2486 709 2509 τε
737 2473 803 2510 καὶ
827 2487 864 2511 α.
886 2487 922 2511 α.
944 2469 1006 2509 οδ’
1028 2470 1082 2508 E.
1122 2473 1293 2510 Froelich
1319 2470 1405 2521 τῇδ’
1435 2472 1566 2520 εστηκε
1596 2474 1712 2519 Θρίης

169 2533 207 2556 τε
234 2517 344 2556 aaz*
319 2533 453 2562 αστεος
473 2518 515 2558 ἐν
536 2519 636 2570 μέσῳ
658 2518 815 2568 Ερμῆς,
840 2521 1013 2557 similiter
1032 2521 1199 2567 Sauppe,
1226 2521 1298 2556 nisi
1323 2522 1424 2566 quod
1451 2534 1599 2567 εστηκα.
1638 2521 1710 2556 Sed

170 2578 289 2614 pagus
315 2569 509 2604 Thriasius
541 2558 671 2615 procul
697 2571 862 2605 remotus
889 2570 937 2605 ab
963 2580 1007 2604 eo
1032 2569 1132 2613 loco,
1160 2566 1234 2614 qu‘o
1260 2569 1395 2604 titulus
1425 2580 1448 2604 a
1468 2568 1711 2605 Fouimontio

169 2618 339 2661 repertus
366 2627 446 2653 esse
471 2617 707 2663 perhibetur
733 2617 807 2652 vid.
829 2617 922 2652 Ross
942 2616 1231 2662 Koenigsreisen
1251 2616 1283 2651 I[
1304 2621 1359 2661 73,
1386 2617 1450 2662 qui
1475 2616 1524 2651 ad
1550 2617 1709 2652 eundem

170 2664 269 2744 {iuno
301 2664 502 2748 term-issnum
534 2666 720 2711 peitinere
754 2664 961 2701 arbitratur
995 2664 1248 2710 fragmentum
1282 2663 1404 2709 tituli,
1443 2664 1543 2709 quod
1578 2665 1710 2700 eodem

185 2721 253 2746 oco
279 2722 400 2758 repen

384 2769 555 2817 (οὕ)νεκα
580 2770 712 2813 πιστὸς
738 2770 843 2817 ἔφυς.

172 2830 287 2875 Θρίης
311 2830 428 2876 igitur
454 2842 539 2867 cum
564 2843 638 2867 non
666 2831 892 2874 satisfaciat,
920 2830 1119 2867 Kirchhoff
1141 2832 1323 2877 Κεφαλῆς
1349 2832 1636 2870 commendavit.
1667 2855 1709 2860 -—

170 2877 341 2914 Fortasse
366 2878 597 2925 Hipparchei
629 2879 779 2915 termini
811 2860 944 2915 titu’lus
969 2881 1138 2916 servatus
1173 2881 1230 2915 est
1255 2878 1364 2916 CIGr.
1392 2879 1407 2914 I
1433 2883 1519 2916 525:
1552 2881 1590 2916 iu
1623 2892 1709 2918 arce

171 2924 402 2960 Athenarum
429 2929 613 2973 repertus:
