1890 3216
0 626 11 686 -vr
0 599 6 617 -v
0 495 9 582 —w—,w
0 452 3 483 v*
0 262 9 443 -,<=1-—-—v‚

856 183 1027 221 PLA'FO.
1064 183 1077 191 ³
1626 184 1715 227 305

915 307 981 349 19.
1649 318 1718 350 (324

247 390 361 435 Αἰών
391 389 522 434 πάντα
553 392 680 447 φέρει·
714 388 869 446 δολιχὸς
899 388 1040 446 χρόνος
1072 386 1180 432 οἶδεν
1210 387 1388 445 ἀμείβειν

307 456 461 512 οὔνομα
491 458 557 500 καὶ
589 455 752 512 μορφὴν
782 456 848 499 καὶ
879 454 1003 511 φύσιν
1033 453 1105 510 ἠδὲ
1135 453 1268 510 τύχην.

911 575 980 619 20.

242 661 383 704 Ἐννέα
416 660 483 713 τὰς
515 660 690 712 Μούσας
721 662 846 715 φασίν
876 672 995 711 τινες·
1027 657 1080 710 ὦς
1110 657 1326 716 ὀλιγώρως·

304 726 417 783 ἠνίδε
448 728 514 770 καὶ
546 725 705 780 Σαπφὼ
739 725 950 782 Λεσβόθεν
981 723 1006 780 ἡ
1039 724 1194 781 δεκάτη.

911 846 981 888 21.

248 930 402 975 Εἰκόνα
432 931 546 973 πέντε
578 934 686 986 βοῶν
717 927 837 985 μικρὰ
869 931 984 980 λίθος
1015 927 1116 984 εἶχεν
1146 931 1298 982 ἴασπις,

306 995 359 1048 ὦς
389 995 469 1051 ἤδη
501 994 631 1046 πάσας
662 996 814 1050 ἔμπνοα
846 996 1107 1050 βοσκομένας·

245 1063 311 1104 καὶ
342 1061 440 1118 τάχα
470 1059 547 1104 κᾶν
578 1060 778 1117 ἀπέφευγε
809 1059 855 1103 τὰ
887 1063 1040 1116 βοίδια·
1073 1065 1149 1103 νῦν
1181 1060 1224 1103 δὲ
1256 1067 1449 1116 κρατεῖται

306 1133 351 1185 τῇ
382 1127 506 1185 χρυσῇ
540 1126 696 1185 μάνδρῃ
727 1125 770 1170 τὸ
803 1125 930 1183 βραχὺ
961 1125 1187 1182 βουκόλιον.

174 1294 214 1330 in
233 1294 346 1330 Anth.
362 1293 441 1330 Pal.
458 1293 508 1328 XI
526 1297 594 1329 170
613 1293 800 1329 Nicarcho
818 1291 1011 1337 tribuitur)
1038 1292 1103 1328 ubi
1123 1292 1212 1339 defg
1227 1289 1481 1338 Ἀντιπάτρου.
1519 1292 1718 1329 Schneide-

175 1341 248 1377 win
282 1341 476 1378 contendit
506 1341 610 1388 prius
637 1340 805 1386 Platoni,
839 1341 1001 1376 alterum
1028 1340 1203 1386 Statyllio
1235 1340 1475 1377 tribuendum
1510 1352 1607 1386 esse,
1641 1353 1719 1377 cor—

174 1390 331 1426 rectoris
364 1389 445 1426 cod.
472 1388 551 1425 Pal.
584 1389 696 1425 fidem
731 1390 898 1424 secutus.
938 1400 1066 1424 verum
1097 1389 1192 1424 haec
1224 1388 1314 1424 satis
1345 1389 1507 1434 incerta,
1541 1389 1718 1434 quoniam

175 1438 326 1474 omnino
352 1437 418 1473 ille
443 1438 548 1474 locus
575 1437 728 1473 Anthol.
755 1436 834 1472 Pal.
862 1436 972 1472 valde
997 1437 1196 1479 tur;.batus
1223 1447 1311 1472 nam
1336 1437 1375 1472 in
1402 1437 1532 1473 codice
1558 1439 1720 1482 quatuor

176 1485 453 1531 subsequuntur
479 1485 752 1541 epigrammata
778 1485 961 1530 adespota
986 1488 1042 1520 46.
1071 1488 1126 1520 47.
1155 1488 1212 1520 48
1239 1489 1297 1529 49,
1324 1496 1368 1520 ex
1393 1484 1530 1530 quibus
1555 1485 1718 1531 primum

175 1533 277 1569 idem
297 1533 362 1568 ille
385 1537 572 1569 corrector
591 1545 823 1579 αντιπατρου
844 1530 1056 1579 μακεὸόνος
1075 1531 1270 1578 inscripsit
1295 1533 1467 1578 (Planud.
1489 1534 1719 1578 Καλλινίον),

176 1581 281 1616 cuius
308 1580 497 1627 Antipatri
523 1591 659 1617 nomen
684 1581 796 1617 modo
821 1580 984 1617 vidimus
1010 1580 1125 1616 etiam
1152 1580 1274 1616 eidem
1300 1581 1582 1627 epigrammati,
1618 1581 1721 1626 quod

177 1629 355 1674 Statyllio
394 1628 562 1664 vindicat
600 1628 881 1674 Schneidewin,
926 1627 1204 1664 adhae1·.escere
1255 1628 1366 1674 Staty
1367 1628 1426 1664 llii
1470 1629 1595 1664 autem
1641 1640 1720 1665 esse

176 1677 329 1713 minime
362 1677 492 1721 credo,
526 1676 704 1722 quoniam
735 1676 910 1712 videntur
940 1676 1033 1711 haec
1065 1641 1366 1722 epigryammata
1370 1677 1445 1712 iam
1471 1677 1511 1711 in
1535 1676 1720 1723 Meleagri

177 1735 314 1760 corona
340 1724 518 1760 continuo
545 1735 583 1760 se
604 1724 812 1770 excepisse,
839 1724 1157 1770 quemadmodum
1179 1724 1293 1759 etiam
1314 1724 1499 1760 Ausonius
1518 1726 1720 1782 utrumque

177 1771 362 1808 distichon
395 1772 523 1808 latinis
548 1772 718 1808 versibus
744 1771 928 1829 expressit
953 1783 1009 1818 ep.
1037 1775 1082 1806 21
1109 1774 1148 1808 et
1173 1775 1229 1807 22.
1266 1793 1310 1798 -
1350 1772 1419 1818 Ep.
1448 1776 1503 1808 17.
1533 1776 1564 1808 1.
1596 1769 1719 1817 εὑρών

176 1830 257 1905 (gul.
270 1819 363 1914 Pal„
383 1820 449 1856 sed
469 1821 656 1856 eorrectoi
676 1816 758 1865 ἕυρ’
762 1848 772 1866 ,
797 1819 928 1856 idem'
918 1832 956 1855 ιιι
962 1819 1147 1866 margine
1169 1817 1301 1866 εὑρὼν
1324 1841 1367 1846 -
1389 1821 1456 1866 Ep.
1480 1824 1536 1867 18,
1550 1824 1571 1855 2
1593 1818 1720 1867 ρῐψεν,

210 1880 230 1904 a
322 1876 408 1914 ψεν.
928 1890 946 1908 ο

273 1932 330 1964 19.
381 1928 534 1965 Anthol.
561 1927 613 1963 IX
638 1931 701 1964 51:
737 1939 830 1964 corr.
864 1925 1079 1986 Πλᾴτωνος.
1112 1928 1252 1985 repetit
1284 1929 1364 1965 eod.
1391 1929 1471 1966 Pal.
1504 1928 1619 1973 infra,
1655 1929 1720 1964 ubi

178 1988 213 2013 v.
239 1979 260 2011 2
287 1977 387 2012 recte
413 1971 502 2021 ἠδε,
529 1976 588 2012 hic
614 1973 695 2022 ἡδε.
745 1976 828 2012 Par.
855 1973 1060 2017 Πλάτωνος
1086 1975 1141 2017 εἰς
1165 1973 1231 2012 τὸν
1260 1977 1359 2024 βίον,
1385 1976 1439 2012 ibi
1464 1990 1498 2013 v.
1527 1982 1557 2015 2.
1583 1975 1719 2023 τέχνην

176 2023 328 2069 legitur.
377 2022 633 2069 Epigramma·
653 2024 755 2060 omni
786 2024 911 2070 lepore
944 2023 1166 2060 destitutum
1201 2025 1291 2070 quin
1317 2024 1467 2060 Platoni
1492 2023 1630 2060 iuniori
1654 2025 1719 2060 tri-

177 2072 333 2116 buatur,
365 2084 438 2107 non
462 2071 709 2108 intercedam.
745 2082 788 2108 ac
813 2072 986 2108 firmatur
1009 2071 1103 2107 haec
1131 2071 1311 2118 suspicio,
1339 2073 1440 2130 quod
1466 2072 1504 2108 in
1530 2072 1612 2109 cod
1639 2072 1719 2108 Pal.

178 2118 279 2155 infra
292 2119 485 2202 depetunt
509 2131 584 2156 una
608 2131 693 2155 cum
713 2120 988 2166 epigrammate
1007 2119 1060 2154 IX
1081 2123 1162 2165 748,
1189 2119 1288 2166 quod
1308 2118 1513 2162 Πλάτωνος
1531 2119 1720 2166 νεωτέρου

179 2166 291 2203 inseri
319 2167 405 2203 itur.

274 2230 330 2262 20.
376 2226 429 2263 Ib.
457 2226 507 2262 IX
527 2230 614 2263 506:
642 2225 847 2269 Πλάτωνος
873 2225 927 2269 εἰς
951 2225 1019 2269 τὰς
1045 2225 1222 2268 Μούσαςῖ
1253 2227 1309 2264 ita
1334 2228 1375 2262 A.
1402 2227 1508 2263 Plan.
1537 2227 1591 2269 εἰς
1611 2229 1719 2263 Σαπ-

179 2271 251 2320 φώ.
302 2274 391 2311 Cod.
418 2274 529 2310 Vind.
557 2279 625 2310 311
655 2286 688 2310 v.
716 2279 737 2310 2
771 2271 885 2312 ἐνίὸε.
936 2273 1168 2322 Quicumque
1200 2275 1342 2321 primus
1375 2275 1617 2321 Sapphonem
1655 2287 1719 2312 no-

179 2334 263 2358 vem
290 2322 405 2359 Musis
431 2322 704 2368 adnumeravit,
730 2322 874 2369 ingenii
898 2323 1009 2359 laude
1034 2334 1111 2360 non
1136 2324 1194 2360 est
1217 2322 1465 2367 fraudandus,
1498 2324 1561 2359 sed
1589 2327 1720 2370 postea

178 2370 290 2406 multi
326 2370 557 2407 tralaticium
594 2371 666 2406 hoc
703 2381 861 2406 acumen
899 2373 1184 2430 usurpaverunt.
1234 2371 1314 2408 Hoc
1347 2371 1498 2416 quidem
1530 2372 1719 2407 novicium

180 2429 261 2454 esse
299 2418 530 2464 poematium
561 2421 724 2465 arguunt
754 2419 868 2455 verba
898 2416 998 2460 τινές
1029 2419 1068 2455 et
1099 2420 1182 2465 καί,
1219 2430 1314 2465 quae
1348 2419 1438 2455 satis
1470 2419 1592 2455 otiosa
1623 2422 1718 2455 sunt.

110 2502 114 2507 ,
181 2465 256 2502 Sed
287 2466 349 2503 vel
375 2467 427 2502 sic
452 2468 602 2512 superat
626 2466 796 2502 Platonis
821 2466 976 2502 minoris
1002 2466 1321 2512 mediocritatem,
1355 2467 1427 2502 nisi
1460 2467 1557 2503 forte
1588 2468 1620 2503 is
1654 2467 1719 2503 ali-

179 2513 277 2550 unde
303 2514 512 2560 descripsit.

277 2578 335 2609 21.
384 2573 437 2611 Ib.
464 2573 516 2609 IX
542 2577 628 2610 747·
664 2551 869 2614 Πλατωνος
895 2570 958 2609 ἐπὶ
983 2578 1000 2610 ἓ
1022 2574 1129 2629 βοῶν
1156 2571 1284 2615 ἄλλως.
1314 2594 1357 2600 -
1389 2574 1433 2610 V.
1461 2579 1494 2610 3.
1520 2571 1719 2620 απέφευγε

180 2620 299 2666 Plan„
324 2618 500 2668 ἀπέφυγε
529 2622 607 2657 Pal.
645 2620 742 2657 Huic
768 2621 1032 2678 epigrammati
1058 2621 1292 2658 simillimum
1318 2623 1377 2658 est
1403 2622 1503 2667 quod
1529 2623 1721 2668 praecedit

183 2673 251 2706 746
278 2635 505 2716 Πολέμωνος
531 2668 712 2718 βασιλέως
738 2668 791 2710 εἰς
817 2666 1038 2706 δακτύλιον·

390 2737 510 2777 Επτά
539 2740 637 2789 βοῶν
663 2741 856 2799 σφραγῖδα
883 2737 1023 2800 βραχὺς
1050 2742 1160 2782 λίθος
1184 2739 1286 2786 εἶχεν
1312 2741 1456 2786 ἴασπις,

468 2786 518 2830 ὡς
543 2789 655 2846 μίαν,
677 2786 727 2828 ὡς
751 2786 876 2829 πάσας
903 2787 1049 2844 ἔμπνοα
1076 2789 1326 2835 δερκομένας·

395 2836 461 2872 καὶ
485 2834 582 2882 τάχα
607 2849 680 2871 καν
707 2833 898 2892 ἄπέθρεξε
925 2833 971 2872 τὰ
999 2837 1146 2893 βοίὸια·
1172 2837 1243 2872 νῦν
1270 2835 1312 2872 δὲ
1339 2835 1528 2873 κέκλειται

467 2885 510 2932 τῇ
537 2884 652 2931 χρυσῇ
679 2881 827 2931 μάνδρῃ
853 2882 895 2919 τὸ
921 2881 1041 2931 βραχὺ
1068 2882 1279 2933 βουκόλιον.

184 2954 249 2992 ubi
273 2967 307 2992 v.
328 2959 361 2991 3.
387 2951 579 3001 ἄπέθρεξε
606 2955 757 3001 scripsi,
782 2955 821 2991 in
847 2955 976 2992 codice
1002 2958 1060 2993 est
1084 2952 1275 3003 απέρεψε,
1308 2970 1342 2994 v.
1368 2961 1390 2993 2
1416 2956 1645 2994 Herwerden
1670 2954 1721 2999 ὦς

254 3022 384 3048 Poz'ru
404 3022 482 3049 Lyn.
512 3023 555 3049 11.
1387 3021 1432 3053 20
