1890 3216
770 236 1043 274 TYRTAEUS.
1642 234 1696 275 15

123 379 133 392 .
200 347 315 397 ἄλλά
348 367 414 402 τις
447 341 498 394 εὖ
531 345 693 405 διαβὰς
724 347 891 406 μενέτω
925 345 1059 391 ποσὶν
1092 342 1417 403 ἀμφοτέροισιν

205 459 209 461 -
260 421 517 480 στηριχθεὶς
549 420 620 466 ἐπὶ
651 422 755 478 γῆς,
787 424 934 478 χεῖλος
966 417 1126 464 ὀδοῦσι
1159 416 1324 462 δακών.

818 519 886 561 11.
919 518 996 572 [7.]

197 601 315 648 Ἀλλ’
345 601 598 661 Ἡρακλῆος
629 599 717 659 γὰρ
749 598 968 658 ἀνικήτου
999 595 1130 658 γένος
1163 592 1279 656 ἐστέ,

260 671 484 734 θαρσεῖτ’,
518 672 644 718 οὔπω
680 670 792 726 Ζεὺς
825 670 993 730 αὐχένα
1026 670 1162 725 λοξὸν
1194 674 1300 730 ἔχει·

161 789 165 791 .
200 744 305 806 μηδ’
342 744 527 805 ἀνδρῶν
558 743 744 803 πληθὺν
777 747 1046 802 δειμαίνετε,
1079 742 1192 802 μηδὲ
1225 746 1468 800 φοβεῖσθε,

263 816 371 871 ἰθὺς
403 815 444 862 δ’
480 819 544 871 εἰς
575 816 833 876 προμάχους
865 813 1019 860 ἀσπίδ’
1056 813 1174 874 ἀνὴρ
1207 814 1361 872 ἐχέτω,

153 903 175 936 5
201 889 373 950 ἐχθρὰν
405 889 488 947 μὲν
520 888 671 947 ψυχὴν
702 889 916 947 θέμενος,
948 887 1158 934 θανάτου
1190 886 1241 932 δὲ
1273 889 1486 944 μελαίνας

262 965 403 1022 κῆρας
435 959 557 1019 ὁμῶς
589 959 750 1018 αὐγαῖς
781 958 951 1018 ἠελίοιο
986 964 1131 1019 φίλας.

203 1040 295 1080 ἴστε
326 1025 413 1094 γὰρ
434 1033 600 1094 ’Ἁρηος
632 1032 957 1090 πολυδακρύου
989 1031 1083 1092 ἔργ’
1120 1031 1302 1089 ἀΐδηλα·
1351 1050 1353 1052 ·

169 1091 176 1098 ”
262 1100 315 1152 εὖ
347 1104 390 1151 δ’
428 1104 572 1165 ὀργὴν
605 1104 757 1163 ἐδάητ’
793 1103 1019 1164 ἀργαλέου
1050 1105 1270 1162 πολέμου,

200 1179 276 1224 καὶ
306 1176 434 1236 θαμὰ
468 1176 734 1236 φευγόντων
765 1195 813 1222 τε
845 1176 1108 1222 διωκόντων
1138 1194 1186 1221 τε
1218 1177 1458 1234 γέγευσθε,

225 1299 272 1336 V.
298 1302 343 1335 31
370 1300 410 1335 et
434 1297 643 1335 32813011
669 1296 1004 1343 (quemadmodum
1035 1296 1114 1333 iam
1140 1297 1228 1332 ante
1254 1296 1406 1332 Brunck
1432 1297 1471 1332 et
1496 1295 1683 1339 Gaisford,

130 1359 249 1402 nuper
273 1347 448 1393 Hartung
483 1347 521 1382 et
551 1345 763 1392 Rehdantz)
796 1345 835 1382 in
867 1344 1047 1392 Philolog
1049 1356 1070 1381 o
1097 1345 1148 1381 IV
1178 1349 1245 1380 169
1285 1343 1509 1381 subditicios
1545 1345 1684 1389 censet,

131 1394 287 1440 iniuria,
324 1405 555 1442 quamquam
588 1393 776 1430 distichon
807 1393 882 1430 1100
913 1358 1100 1440 repeti-{ur
1124 1393 1230 1440 Eleg.
1260 1397 1301 1428 11
1329 1405 1363 1429 v.
1392 1397 1448 1428 21.
1476 1397 1533 1429 22.
1584 1372 1685 1428 Weii

133 1446 229 1498 post
257 1423 331 1479 1100
369 1442 560 1479 distichon
596 1442 708 1488 plura
745 1441 885 1478 omissa
922 1453 1004 1478 esse
1042 1443 1265 1478 00118011-
1304 1441 1480 1477 Ceterum
1519 1442 1558 1477 et
1591 1441 1686 1476 haec

132 1491 276 1539 elegia,
314 1492 354 1527 et
385 1502 482 1537 quae
514 1489 693 1536 deinceps
726 1491 935 1535 sequuntur
968 1494 1010 1525 11
1039 1493 1078 1526 et
1106 1493 1167 1535 12,
1205 1490 1355 1543 integra
1387 1490 1475 1525 sunt
1506 1488 1686 1533 carmina,

132 1551 363 1586 quamquam
387 1539 537 1575 Franke
563 1537 726 1591 elegiam
756 1542 799 1574 10
825 1539 864 1574 et
890 1542 934 1573 11
954 1538 1002 1573 in
1027 1550 1143 1573 unum
1172 1536 1400 1583 coniungere
1433 1539 1588 1573 conatus
1615 1539 1685 1580 est,

133 1587 305 1624 versibus
331 1585 418 1623 aliis
442 1584 614 1622 traiectis
640 1585 726 1622 aliis
753 1585 863 1622 obelo
888 1585 1049 1630 notatis,
1083 1585 1143 1621 cui
1168 1585 1249 1621 iure
1274 1585 1352 1620 iam
1379 1585 1601 1622 adversatus
1628 1587 1687 1621 est

259 1634 445 1671 Matthiae
471 1635 533 1680 (de
559 1635 616 1680 Ty
618 1632 714 1670 rtaei
740 1626 971 1670 carminibus
996 1633 1289 1679 Altenb.1820).
1329 1633 1511 1669 Thiersch
1537 1633 1576 1668 in
1601 1632 1685 1670 Act.

131 1637 230 1730 3113.
247 1683 347 1719 Mon.
369 1682 418 1718 III
440 1637 510 1718 62(4
536 1681 664 1718 omnia
688 1680 728 1716 in
752 1682 886 1718 breves
911 1683 1095 1728 quasdam
1119 1682 1325 1728 particulas
1351 1681 1556 1718 dissolvere
1577 1692 1687 1717 cona-

132 1735 194 1768 tus
221 1732 287 1768 est.
325 1729 454 1767 Etiam
474 1730 602 1767 Osann
629 1731 758 1766 censet
782 1742 843 1775 ea,
871 1741 967 1775 quae
989 1731 1183 1776 Lycurgus
1210 1729 1430 1784 adscripsit,
1458 1741 1503 1766 ex
1528 1730 1686 1766 diversis

135 1778 363 1816 carminibus
395 1790 464 1825 pro
497 1777 657 1814 oratoris
690 1777 847 1814 consilio
880 1783 1057 1824 excerpta
1089 1789 1188 1822 esse,
1219 1777 1310 1814 item
1338 1778 1432 1835 eleg.
1462 1782 1504 1813 11
1533 1778 1685 1814 exordio

134 1838 278 1864 carere.
311 1827 411 1881 fugit
442 1826 614 1862 homines
647 1826 778 1862 doctos
804 1826 1012 1881 particulas
1037 1823 1109 1872 γάρ
1136 1828 1175 1862 et
1200 1822 1294 1862 ἀλλὰ
1321 1824 1392 1872 γάρ
1419 1826 1458 1861 111
1483 1825 1686 1872 prooemiis

133 1875 268 1912 horum
295 1874 504 1911 carminum
529 1874 719 1929 insignem
751 1873 914 1910 orationi
944 1874 1116 1921 vigorem
1149 1874 1304 1917 addere,
1334 1885 1403 1910 nec
1435 1875 1688 1910 meminerunt

133 1922 235 1960 idem
261 1922 378 1959 etiam
401 1934 472 1958 usu
496 1921 626 1959 venire
645 1922 685 1958 in
705 1921 875 1976 oratione
894 1921 1081 1969 pedestri,
1107 1922 1270 1958 velutin
1287 1921 1549 1968 Xenophontis
1569 1922 1686 1958 Oeco-

133 1971 300 2015 nomico,
333 1971 550 2018 Symposio,
582 1971 677 2007 item
707 1969 748 2006 in
778 1969 920 2007 libellis
952 1971 1040 2017 περὶ
1071 1972 1264 2012 πολιτείας
1295 1972 1615 2017 Λακεδαιμονίων
1648 1972 1687 2006 et

130 1999 353 2066 Ἀθηναίων.

230 2068 290 2104 Fr.
320 2071 375 2103 11.
426 2066 530 2103 Stob.
557 2067 656 2103 Flor.
682 2068 711 2103 L
740 2071 777 2103 7:
819 2069 1028 2114 Τυρταίου·
1063 2066 1132 2114 (010
1157 2068 1191 2102 A
1217 2066 1359 2112 Trinc.,
1392 2066 1503 2103 Vind.
1532 2079 1554 2103 0
1580 2080 1627 2102 m.
1657 2079 1686 2104 s.

134 2112 380 2176 ᾗρωελεγεῖα)
402 2111 504 2151 Ἀλλ’
527 2111 778 2172 Ηρακλῆος
802 2119 878 2152 κτλ.
923 2116 1034 2162 Resp.
1054 2127 1090 2151 v.
1113 2120 1132 2151 1
1158 2114 1350 2151 Plutarch.
1379 2116 1425 2152 de
1450 2115 1566 2151 nobil.
1593 2127 1624 2151 0.
1645 2120 1684 2151 2.

136 2177 157 2200 ο
190 2166 376 2222 Τυρταῖος
406 2162 497 2204 τοὺς
527 2159 648 2199 αὐτοῦ
681 2161 911 2222 στρατιώτας
942 2163 997 2205 εἰς
1027 2161 1194 2221 πόλεμον
1220 2161 1579 2210 παρακαλούμενος,
1612 2177 1686 2210 γε-

135 2224 250 2248 νεαν
277 2208 554 2258 Ηρακλέους
590 2207 818 2268 ανικήτου
852 2211 968 2270 φησὶν
1001 2208 1151 2253 αὐτούς.
1186 2233 1231 2238 -
1269 2212 1314 2249 V.
1344 2217 1375 2248 1.
1410 2212 1521 2248 Gesn.
1554 2223 1686 2258 margo

136 2256 332 2306 ἀνίκητον
364 2281 409 2289 -ψ
447 2259 491 2295 V.
519 2263 551 2295 2.
580 2257 705 2306 οὔπω,
737 2260 886 2297 Hecker
911 2273 1040 2302 ουπως
1064 2259 1125 2296 vel
1152 2257 1197 2296 οὔ
1224 2273 1301 2303 τοι,
1334 2262 1373 2296 et
1383 2260 1586 2314 posterius
1613 2260 1686 2296 hoc

138 2307 264 2344 Osann
295 2306 467 2354 requirit.
500 2328 544 2333 -
580 2307 624 2343 V.
651 2312 684 2344 4.
718 2309 761 2343 111
792 2307 881 2366 edit3
914 2313 935 2344 2
974 2307 1036 2344 hic
1068 2310 1107 2344 et
1137 2320 1171 2344 v.
1201 2313 1244 2345 10
1278 2307 1316 2350 ἐς
1349 2308 1500 2366 scripsi,
1540 2310 1579 2344 et
1604 2320 1639 2344 v.
1666 2311 1687 2343 ὅ

181 2353 296 2402 θρὴν.
328 2376 377 2383 -
411 2356 455 2392 V.
483 2360 515 2392 6.
548 2356 668 2414 κῆρας
699 2353 801 2414 ὁμῶς
832 2353 971 2402 αὐγαῖς
1002 2356 1172 2414 Grotius,
1204 2357 1324 2404 κῆρας
1350 2354 1488 2403 αὐγαῖς
1513 2357 1557 2392 A.
1578 2357 1685 2400 Voss,

137 2353 267 2448 Vind.,
304 2404 425 2449 κῆρας
457 2400 519 2439 ἐπ’
548 2401 726 2465 αὐγαῖσιν
758 2402 794 2462 ἢ.
827 2406 957 2450 φίλαις
982 2404 1032 2450 Β,
1071 2401 1250 2450 αὐγαῖσιν
1276 2406 1397 2463 κῆρας
1422 2405 1534 2441 Gesn.
1561 2404 1600 2440 in
1626 2416 1687 2448 m.,

139 2450 403 2488 Schneidewin
428 2452 547 2497 κῆρας
573 2449 635 2488 ἐπ’
664 2448 716 2487 ἷσ’
744 2449 899 2499 αὐγαῖς,
931 2452 1107 2488 similiter
1132 2451 1260 2489 Osann
1287 2450 1359 2489 ἐ’ϊσ’
1366 2482 1375 2499 ,
1411 2454 1511 2498 quod
1537 2465 1686 2498 prorsus

139 2511 215 2535 non
233 2499 440 2535 ferendum.
473 2496 652 2536 Etenim‘
638 2500 740 2546 ομῶς
759 2511 844 2536 cum
865 2502 1042 2537 omissum
1057 2502 1096 2536 et
1107 2502 1264 2547 postea
1254 2514 1295 2537 1n
1308 2501 1477 2559 margine
1498 2501 1688 2537 adiectum

140 2549 258 2592 esset,
290 2559 358 2594 per
384 2558 548 2587 errorem
571 2547 757 2584 insertum
782 2549 907 2585 versui
933 2561 1008 2595 seq.
1035 2550 1074 2585 et
1098 2548 1186 2586 inde
1212 2550 1309 2604 illud
1334 2546 1384 2591 ὡς
1410 2551 1552 2596 ortum,
1588 2549 1689 2606 quod

22 2603 26 2606 ·
68 2633 71 2636 ,
133 2607 292 2656 'prorsus
318 2595 606 2631 incommodum.
641 2617 686 2622 —
725 2596 768 2632 V.
798 2601 828 2632 7.
849 2594 978 2643 ’Ἄρηος
1002 2596 1151 2643 scripsi,
1188 2599 1227 2633 et
1253 2597 1306 2634 sic
1332 2597 1545 2644 Emperius,
1577 2611 1611 2633 v.
1640 2594 1690 2638 ὡς

141 2647 267 2689 Αρεως
292 2643 412 2690 (Voss
440 2642 490 2685 ὡς
506 2640 658 2702 Ἄρεος).
710 2644 974 2681 Schneidewin
1001 2646 1077 2681 ἴστε
1104 2644 1178 2692 γὰρ
1205 2660 1257 2681 ων
1276 2643 1411 2691 ”.Αρεος
1442 2667 1485 2671 -
1517 2646 1565 2681 ib
1594 2645 1624 2680 B
1652 2648 1690 2680 et

141 2691 243 2727 Gesn
267 2690 305 2726 in
331 2689 709 2749 111.πολυδακρύτον.
737 2714 779 2718 -
815 2689 906 2738 ἆΐδη
908 2696 955 2728 λα
980 2691 1062 2729 Ars.
1090 2695 1129 2730 et
1154 2705 1272 2740 marg.
1300 2690 1687 2739 (30811.,ν.ἆρίὸηλα,

142 2739 246 2776 —-V.
261 2744 293 2775 9.
322 2737 432 2786 θαμὰ
453 2739 587 2785 scripsi
612 2740 726 2785 idque
746 2739 862 2776 etiam
883 2741 1146 2777 Schneidewin
1171 2741 1384 2788 proposuit,
1412 2742 1591 2777 omissum
1616 2741 1690 2776 fuit

141 2787 182 2822 in
201 2787 608 2870 0111331101ῐγρο,11·,011110
639 2787 788 2824 librarii
818 2800 886 2835 pro
918 2789 1073 2825 arbitrio
1106 2791 1391 2836 suppleverunt,
1431 2787 1534 2835 παρὰ
1567 2789 1687 2833 Voss,

142 2831 291 2889 πρόςΒ
358 2836 413 2879 .·ξ
438 2835 564 2880 Vind.,
589 2849 684 2895 μετα
710 2849 745 2872 v.
779 2858 823 2862 —
859 2850 898 2872 τε
925 2839 1013 2873 ante
1039 2838 1146 2875 διωκ.
1173 2851 1245 2875 om
1274 2838 1396 2874 Trinc.
1425 2837 1687 2883 (vindob.)—

143 2885 186 2919 τε
209 2881 397 2928 γέγευσθε
425 2883 573 2930 scripsi,
599 2880 634 2919 τ’
658 2882 820 2929 ἔγευσθε
849 2885 968 2930 Voss„
995 2881 1030 2920 τ’
1033 2882 1196 2944 ἄγεσθε
1223 2888 1268 2931 Α,
1294 2883 1328 2921 τ’
1352 2883 1534 2931 ἐγένεσθε
1563 2885 1687 2920 Trinc.

143 2931 198 2976 (et
223 2930 332 2966 Vind.
360 2942 431 2967 sec.
459 2931 740 2989 Schneidewin,
772 2943 843 2968 000.
876 2932 992 2969 Gaisf.
1026 2930 1196 2992 αγεσθε
1203 2914 1268 2970 vel,
1297 2931 1450 2979 ἄγευθ.)
1489 2944 1533 2968 00
1563 2933 1690 2978 potuit

145 2989 234 3014 00110
254 2977 331 3014 dici
355 2979 421 3014 καὶ
445 2977 560 3036 πρὸς
586 2961 810 3025 φευγόντων
829 2994 868 3016 τε
890 2981 1135 3042 διωκομένων
1161 2979 1196 3017 τ’
1211 2980 1465 3040 ἐγένεσθε,
1491 2980 1537 3017 cf.
1552 2980 1687 3017 Aesch.

148 3025 250 3072 Sept.
277 3029 346 3062 497
385 3024 480 3073 πρὸς
511 3041 586 3063 των
618 3026 860 3074 κρατούντων
894 3026 1024 3076 ἐσμέν,
1063 3028 1102 3066 οἵ
1130 3028 1167 3065 δ’
1201 3027 1434 3077 ἡσσημένων.
