1890 3216
804 160 1157 201 ARCHILOCHUS.
1667 158 1756 202 405

894 288 1070 341 78.[1J

284 421 293 431 .
325 422 334 431 .
369 420 378 429 .
410 382 593 430 Πολλὸν
626 383 675 428 δὲ
706 386 852 428 πίνων
884 382 958 426 καὶ
991 384 1258 440 χαλίκρητον
1290 380 1429 437 μέθυ,

281 456 385 502 οὔτε
416 466 547 514 τῖμον
579 454 844 513 εἰσενεγκών
876 490 1176 500 ........

282 527 390 574 οὐδὲ
422 527 511 586 μὴν
543 528 726 585 κληθεὶς
756 524 855 585 (ὑφ’
891 524 1039 584 ἡμῶν)
1073 519 1230 583 ἦλθες,
1263 521 1336 569 οἷα
1369 523 1424 582 δὴ
1459 527 1609 580 φίλος·

283 599 394 646 ἀλλά
428 599 469 645 σ’
505 598 574 659 (ἡ)
605 597 774 657 γαστὴρ
806 597 919 644 νόον
951 615 997 644 τε
1029 597 1103 643 καὶ
1137 597 1306 656 φρένας
1337 595 1597 655 παρήγαγεν

234 686 256 720 5
282 676 345 728 εἰς
376 671 623 730 ἀναιδείην.

310 820 369 855 Fr.
397 821 453 854 78.
503 817 640 854 Athen.
666 816 682 851 Ι
709 820 727 852 7
755 816 800 851 F:
825 811 905 852 ’Ὁτι
931 815 1018 858 περὶ
1051 812 1336 860 Περικλέους
1363 813 1479 859 φησὶν
1502 809 1705 860 Ἀρχίλοχος
1731 811 1751 850 ὁ

214 863 359 912 Πάριος
378 864 534 912 ποιητὴς
554 862 604 906 ὡς
628 860 828 909 ἀκλήτου
856 860 1216 902 ἐπεισπαίοντος
1242 860 1296 902 εἰς
1322 858 1372 896 τὰ
1401 859 1633 907 συμπόσια
1654 865 1751 897 Μυ-

210 915 378 951 κονίων
404 915 554 959 δίκην·
594 911 751 948 δοκοῦσι
776 907 813 946 δ’
849 909 887 946 οἲ
916 907 1108 946 Μυκόνιοι
1141 909 1204 945 διὰ
1231 906 1272 944 τὸ
1300 907 1489 944 πένεσθαι
1515 909 1580 944 καὶ
1604 908 1752 955 λυπρὰν

209 963 328 1009 νῆσον
362 961 482 998 οἰκεῖν
518 958 581 997 ἐπὶ
615 956 850 1006 γλισχρότητι
884 958 949 994 καὶ
984 959 1184 1001 πλεονεξία
1220 954 1513 1003 διαβάλλεσθαι·
1552 954 1619 992 τὸν
1656 958 1752 1003 γοῦν

209 1011 381 1068 γλίσχρον
405 1000 623 1055 Ἰσχόμαχδν
650 1010 843 1064 Κρατῖνος1
860 1003 1058 1042 Μυκόνιον
1092 994 1215 1041 καλεῖ·
1248 1005 1327 1045 πῶς
1358 1000 1407 1039 ὃὶν
1436 1000 1654 1050 Ἰσχομάχου
1690 1018 1750 1050 78*

209 1071 330 1103 γονως
355 1057 555 1093 Μυκονίου
582 1052 794 1101 φιλόδωρος
819 1068 868 1089 αν
895 1055 985 1099 εἴης.
1022 1053 1116 1096 (Iam
1142 1064 1205 1097 ea,
1231 1063 1328 1098 quae
1354 1052 1648 1097 subsequuntur,
1677 1064 1752 1088 non

211 1105 371 1150 Cratini,
404 1105 467 1139 sed
504 1104 601 1139 alius
634 1102 767 1138 comici
801 1113 881 1138 esse
914 1101 1115 1147 videntur.)
1163 1097 1320 1146 Ἀγαθὸς
1350 1097 1446 1146 πρὸς
1477 1096 1654 1145 ἀγαθοὺς
1685 1098 1751 1136 ἄν-

210 1155 303 1199 δρας
328 1149 594 1198 ἑστιασόμενος
613 1146 724 1197 ἧκον·
752 1147 862 1186 κοινὰ
884 1147 956 1195 γὰρ
984 1146 1028 1184 τὰ
1055 1149 1129 1185 τῶν
1150 1150 1283 1194 φίλων.
1307 1145 1501 1183 ·Πολλὸν
1527 1146 1575 1184 δὲ
1603 1149 1752 1184 πίνων

210 1200 286 1238 καὶ
325 1201 603 1246 χαλίκρητον
641 1195 827 1244 μεθύων
864 1194 967 1233 οὔτε
1003 1197 1073 1243 (ita.
1106 1196 1219 1241 BCD,
1251 1192 1333 1232 οὔτ’
1373 1194 1427 1231 ε”τι
1454 1196 1504 1240 V,
1531 1192 1617 1231 οὔτε
1645 1210 1680 1231 τι
1705 1196 1748 1241 L)

209 1254 340 1296 τῐμον
375 1248 437 1294 (Β,
462 1249 570 1294 τίμον
597 1247 677 1292 LV)
712 1242 989 1292 εἰσήνεγκας
1015 1242 1273 1290 (εἰσήνεγκους
1299 1244 1346 1288 V)
1382 1240 1491 1279 οὐδὲ
1525 1241 1612 1289 μὴν
1644 1247 1749 1289 κλη-

208 1296 314 1338 θεὶς
338 1290 479 1342 ἦλθες
511 1294 585 1331 οἷα
618 1291 671 1340 δὴ
704 1294 855 1339 φίλος,
888 1290 999 1328 ἄλλά
1032 1305 1077 1328 σε
1111 1290 1283 1338 γαστὴρ
1315 1288 1425 1327 νόον
1452 1290 1572 1335 (BCD,
1598 1291 1676 1326 νῶν
1702 1291 1748 1337 V)

208 1358 254 1381 τε
293 1344 370 1380 καὶ
408 1342 586 1389 φρένας
621 1339 891 1387 παρήγαγεν
930 1340 996 1381 εἰς
1039 1337 1290 1376 ἀναίδειαν
1332 1335 1584 1384 Ἀρχίλοχος
1622 1340 1751 1385 φησίν.

209 1394 342 1438 Itaque
368 1392 461 1427 haec
492 1391 696 1427 novissima
729 1390 854 1425 omnia
886 1388 1002 1424 Ionici
1033 1387 1300 1434 iambographi
1331 1389 1434 1422 sunt:
1467 1387 1565 1422 huno
1597 1386 1753 1433 respicit

208 1440 381 1477 Eustath.
410 1440 448 1475 ll.
472 1443 577 1483 1148,
598 1441 660 1474 38:
687 1434 742 1496 μή
769 1450 871 1472 τινα
897 1441 1028 1483 τῖμον
1056 1432 1351 1480 εἰσενεγκών,
1378 1434 1502 1470 εἰπεῖν
1528 1431 1616 1469 κατ’
1641 1431 1753 1480 Ἀρχί-

208 1491 336 1534 λοχον,
369 1483 463 1523 ἀλλὰ
500 1483 675 1533 δηλονότι
715 1482 929 1531 ασύμβολον
962 1485 1129 1519 δεῖπνον.
1163 1483 1229 1519 καὶ
1261 1481 1361 1518 ἔστιν
1392 1479 1411 1517 ὁ
1445 1487 1550 1528 τῖμος
1580 1480 1676 1517 κατὰ
1709 1480 1750 1518 τὸ

211 1533 290 1582 αἰνὴ
317 1530 414 1577 «rivos
439 1534 503 1570 καὶ
529 1532 618 1580 χολὴ
644 1530 762 1580 χόλος.
813 1533 918 1568 Idem
951 1536 1078 1567 tamen
1102 1543 1235 1578 parum
1261 1530 1331 1566 sibi
1363 1531 1530 1574 constat,
1564 1530 1751 1575 siquidem

209 1597 244 1630 p.
273 1588 355 1626 563,
380 1587 446 1620 27:
470 1579 557 1629 τιμὴ
584 1586 687 1628 τῖμος
718 1577 822 1626 παρὰ
857 1581 900 1627 τῇ
933 1581 1147 1629 κωμῳδίᾳ
1179 1576 1221 1614 τὸ
1254 1580 1397 1625 τίμημα
1430 1578 1541 1623 (adde
1567 1577 1616 1612 ib.
1647 1582 1751 1622 1222,

208 1635 256 1668 28
283 1634 323 1668 et
346 1630 530 1673 Philemo,
556 1630 622 1675 qui
647 1629 795 1672 dicitur,
814 1641 849 1674 p.
873 1631 954 1672 105)
981 1629 1081 1663 certe
1107 1639 1182 1662 non
1207 1625 1437 1662 abutendum
1464 1627 1523 1661 est
1547 1625 1618 1661 hoc
1645 1625 1750 1661 testi-

210 1679 352 1723 monio,
385 1680 426 1714 ut
459 1679 604 1724 priores
635 1688 763 1713 versus
796 1675 1022 1712 Archilocho
1055 1674 1255 1711 abiudices.
1287 1695 1327 1700 -
1356 1674 1398 1710 V.
1433 1678 1458 1709 1.
1486 1673 1588 1719 μέθυ
1615 1674 1751 1708 Casan-

211 1729 340 1773 bonuq,
366 1725 455 1763 libri
480 1723 648 1772 μεθύων.
669 1746 716 1751 -
735 1725 780 1760 V.
807 1728 841 1760 2.
867 1720 1094 1769 εἰσενεγκών
1121 1722 1264 1768 scripsi,
1290 1721 1488 1768 legebatur
1514 1718 1750 1766 εἰσήνεγκας.

210 1796 255 1802 -
282 1774 331 1815 VK
353 1779 388 1810 3.
414 1771 525 1819 οὐδὲ,
560 1772 801 1809 casaubonus
828 1768 927 1807 οὔτε.
955 1793 999 1797 -
1025 1767 1096 1814 ὑφ’
1131 1767 1238 1816 ἡμῶν
1271 1769 1403 1805 adieci.
1435 1790 1477 1795 —
1503 1769 1547 1805 V.
1573 1772 1607 1804 4.
1633 1767 1656 1814 ἡ
1684 1768 1748 1804 ad-

209 1823 306 1859 didit
329 1821 480 1859 Person.
510 1842 553 1858 —.-
581 1821 624 1857 V.
652 1825 684 1856 ὁ.
711 1817 914 1865 ἀναιδείην
947 1819 1008 1854 vel
1041 1816 1244 1854 ἀναίδειαν
1276 1817 1363 1852 libri
1394 1819 1437 1852 ut
1468 1815 1635 1858 videtur,
1662 1816 1750 1852 Din-

209 1870 298 1907 dorf
333 1867 523 1915 ἄναιδίην.
575 1868 667 1904 Cum
706 1870 818 1903 antea
849 1867 942 1902 haec
974 1867 1021 1901 ad
1061 1866 1202 1911 epodos
1239 1863 1469 1907 retulissem,
1508 1865 1551 1899 ut
1587 1863 1751 1900 trimetri

212 1930 296 1955 cum
322 1917 491 1954 dimetris
515 1915 687 1952 iambicis
714 1917 839 1951 essent
865 1914 1082 1959 consociati,
1110 1925 1207 1949 nunc
1226 1912 1431 1948 Porsonum
1458 1913 1607 1947 secutus
1631 1912 1671 1947 in
1696 1913 1750 1947 te-

209 1968 412 2002 trametros
447 1964 592 2010 redegi:
626 1963 692 1999 ille
727 1966 855 1999 autem
891 1962 1029 2008 partim
1066 1961 1177 1998 aliter
1210 1959 1422 2004 constituit,
1462 1959 1613 2005 scripsit
1650 1959 1750 1995 enim

210 2026 244 2050 v.
266 2018 287 2049 2
308 2014 347 2049 et
365 2018 404 2049 3:
432 2009 574 2049 ἐσθίων
599 2008 644 2047 θ’
672 2005 725 2046 ὧν
751 2008 838 2046 οὔτε
865 2015 973 2056 τῖμον
1000 2007 1046 2046 οὔ
1070 2006 1144 2045 τιν’
1173 2006 1427 2054 εἰσενήνοχας,
1454 2004 1540 2042 οὔτε
1567 2004 1641 2052 μὴν
1666 2010 1751 2052 κλη-

211 2060 299 2102 θεὶς
325 2058 364 2102 ἐς
388 2057 490 2106 ἡμᾶς
513 2053 630 2105 ἦλθες
655 2062 730 2094 κτλ.
758 2080 801 2084 -
829 2059 908 2094 Iam
940 2069 1036 2103 quae
1068 2057 1286 2092 Athenaeus
1311 2056 1360 2091 ab
1384 2055 1493 2090 initio
1520 2054 1630 2090 dicit:
1662 2056 1750 2099 περὶ

213 2106 444 2153 Περικλέους
469 2104 519 2148 ὥς
544 2103 708 2152 άκλήτου
736 2103 1024 2146 ἐπεισπαίοντος
1050 2103 1103 2146 εἰς
1122 2102 1168 2139 τὰ
1189 2101 1379 2150 συμπόσια
1400 2103 1607 2138 Μυκονίων
1628 2103 1750 2147 δίκην,

212 2157 259 2192 de
284 2155 344 2191 his
368 2154 512 2201 ambigi
537 2156 678 2200 potest:
705 2155 854 2200 poterat
880 2153 980 2189 enim
1005 2152 1086 2198 ipse
1117 2151 1334 2187 Athenaeus
1358 2149 1559 2196 proverbio
1590 2149 1657 2185 illo
1684 2150 1750 2185 ad-

214 2204 336 2240 hibito
372 2203 597 2238 sententiam
629 2213 802 2237 versuum
833 2200 1176 2242 Archssochiorum,
1211 2210 1304 2244 quos
1337 2197 1513 2242 subiecit,
1543 2197 1751 2232 illustrare:

213 2251 279 2288 sed
304 2251 384 2287 veri
409 2249 568 2287 similius
593 2249 753 2293 videtur,
780 2250 873 2285 haec
900 2259 1049 2294 quoque
1076 2259 1121 2283 ex
1148 2245 1364 2282 Archilochi
1383 2245 1456 2281 isto
1476 2245 1602 2281 iambo
1629 2246 1752 2291 petita.

212 2311 303 2343 esse,
328 2299 372 2334 ut
397 2296 616 2333 Archilochi
642 2308 753 2332 causa.
779 2295 1046 2342 grammaticus
1077 2294 1316 2341 proverbium
1348 2293 1443 2329 illud
1475 2293 1750 2339 explanaverit:

211 2358 333 2393 neque
359 2348 487 2382 tamen
513 2345 597 2391 ipsa
621 2344 886 2390 iambographi
911 2343 1025 2379 verba
1050 2342 1259 2388 descripsit,
1279 2341 1344 2378 sed
1369 2341 1576 2377 orationem
1602 2340 1748 2376 confor-

185 2438 188 2441 ,
213 2394 334 2431 mavit
357 2394 405 2430 ad
432 2393 646 2439 exemplum
671 2392 805 2428 comici
830 2393 984 2437 poetae,
1010 2391 1112 2436 quod
1137 2389 1302 2426 servavit
1326 2389 1460 2424 Suidas
1486 2401 1519 2425 v.
1547 2385 1752 2428 Μυκώνιος

212 2443 360 2489 γείτων,
386 2441 451 2476 ubi
477 2443 550 2477 est:
577 2439 642 2475 καὶ
666 2440 866 2485 παροιμία·

715 2511 922 2546 Μυκονίων
949 2511 1058 2567 δίκην

431 2557 727 2597 ἐπεισπέπαικεν
754 2557 808 2600 εἰς
832 2556 878 2594 τὰ
906 2569 1106 2605 συμποσια.

213 2632 460 2671 Archilochus
485 2631 643 2668 fortasse
669 2630 886 2676 scripserat:

427 2700 522 2740 ἄλλά
549 2699 585 2738 σ’
612 2699 636 2748 ἡ
662 2698 804 2747 γαστὴρ
829 2697 921 2736 νόον
947 2713 985 2735 τε
1013 2699 1078 2735 καὶ
1104 2698 1247 2745 φρένας
1272 2695 1493 2744 παρήγαγεν

429 2751 483 2793 εἰς
507 2747 687 2808 άναιὸίην
713 2745 876 2794 άκλητὶ
902 2749 1043 2794 δεῦρο
1070 2747 1320 2783 Μυκονίων
1347 2747 1480 2791 δίκην

429 2810 647 2845 κωμασαί

215 2849 392 2909 conferas
418 2882 578 2915 versum,
605 2869 671 2915 qui
696 2869 735 2904 in
762 2866 969 2914 proverbiis
995 2867 1113 2902 fertur
1139 2866 1289 2911 (Zenob.
1316 2866 1350 2900 11
1376 2869 1432 2902 46.
1461 2865 1568 2911 Diog.
1595 2864 1611 2899 1
1637 2865 1710 2910 60):

425 2939 564 2988 Ἀκλητὶ
590 2938 827 2987 κωμάζουσιν
854 2938 909 2980 εἰς
933 2939 1066 2985 φίλους
1090 2938 1205 2983 φίλοι.
