1890 3216
211 197 297 239 142
746 198 941 235 POETAE
967 169 1207 236 mmm.

362 306 540 363 πωτήσῃ
572 305 646 349 καὶ
678 307 764 362 γῆν
795 308 945 351 πᾶσαν
976 305 1239 365 ἀειράμενος
1672 323 1740 355 502

302 378 502 434 ῥηϊδίως·
535 380 699 435 θοίνης
730 376 780 421 δὲ
811 379 885 422 καὶ
917 381 1167 436 εἰλαπίνῃσι
1199 380 1395 439 παρέσσῃ

207 461 275 492 240
361 450 410 492 έν
441 447 628 505 πάσαις,
660 451 839 493 πολλῶν
869 453 1070 506 κείμενος
1101 451 1151 494 ἐν
1183 450 1414 507 στόμασιν·

300 523 379 563 καί
407 533 455 563 σε
487 518 571 564 σὺν
604 518 856 564 αὐλίσκοισι
888 521 1214 578 λιγυφθόγγοις
1244 521 1534 582 νέοιᾶνὸρες

364 593 411 635 ἐν
443 591 610 649 κώμοις
643 593 815 649 ἐρατοῖς
845 591 957 636 καλά
989 609 1037 636 τε
1067 592 1140 636 καὶ
1171 594 1296 649 λιγέα

301 661 505 720 ᾄσονται·
536 663 609 707 καὶ
630 656 751 707 ’ὅταν
785 666 1009 721 δνοφερῆς
1039 661 1126 708 ὑπὸ
1159 664 1343 709 κεύθεσι
1375 670 1502 724 γαίης

358 738 441 793 βῇς
472 735 909 788 πολυκωκύτους-εἰς
935 734 1086 780 Ἀΐδαο
1119 735 1308 793 δόμους,

203 818 272 850 245
300 804 408 850 οὐδὲ
438 803 528 851 τότ’
565 805 673 851 οὐδὲ
704 805 863 851 θανών
896 804 1075 860 ἀπολεῖς
1106 809 1254 865 κλέος,
1287 807 1400 853 ἀλλὰ
1431 809 1634 867 μελήσεις

358 877 558 936 ἄφθιτον
591 876 851 936 ἀνθρώποις
883 878 980 923 αι’ὲν
1013 882 1126 936 ἔχων
1159 878 1323 937 ὄνομα,

298 948 474 1007 Κύρνε,
505 948 612 994 καθ’
642 948 834 994 Ἑλλάδα
866 954 952 1007 γῆν
986 950 1312 1009 στρωφώμενος
1343 950 1415 1009 ἠδ’
1445 951 1531 997 ἀνὰ
1559 953 1739 1011 νήσους,

359 1020 601 1078 ἰχθυόεντα
632 1024 781 1080 περῶν
813 1021 982 1066 πόντον
1014 1021 1081 1066 ἔπ’
1117 1021 1381 1081 ἀτρύγετον,

300 1091 382 1151 οὐχ
414 1095 563 1146 ἵπποις
594 1100 832 1150 θνητοῖσιν
866 1093 1104 1150 ἐφήμενος·
1137 1093 1249 1138 ἄλλά
1283 1107 1331 1138 σε
1363 1096 1523 1152 πέμψει

206 1176 275 1209 250
362 1163 506 1221 ἀγλαὰ
538 1161 773 1209 Μουσάὼν
807 1166 930 1222 δῶρα
962 1164 1260 1222 ἰοστεφάνων·

302 1237 411 1279 πᾶσι
441 1234 548 1293 γάρ,
581 1230 671 1280 οἷσι
702 1236 891 1292 μέμηλε,
923 1235 997 1279 καὶ
1031 1237 1341 1292 ἐσσομένοισιν
1372 1236 1504 1296 ἀοιδή

299 1439 342 1474 V.
370 1442 462 1474 238.-
484 1436 655 1496 πωτήση,
686 1438 753 1473 ΑΟ
785 1435 959 1482 πωτήσει.
995 1459 1039 1464 ——
1071 1438 1137 1474 καὶ
1169 1438 1302 1485 scripsi
1334 1441 1366 1475 V.
1399 1437 1506 1476 κατὰ.
1534 1462 1579 1467 -
1610 1438 1741 1487 αειρά-

204 1499 316 1533 μενος
343 1486 390 1531 Ο,
423 1486 490 1521 rel.
527 1483 758 1543 ἀειρόμενος.
793 1507 836 1511 -
876 1486 919 1521 V
948 1489 1028 1520 239.
1063 1488 1199 1543 θοίνῃς
1223 1487 1275 1532 A,
1306 1489 1443 1533 θοίνης
1475 1488 1523 1534 Ο,
1563 1488 1629 1525 rel.
1655 1490 1739 1525 θοί-

202 1548 296 1574 ναις.
326 1556 369 1561 —-
397 1533 440 1570 V.
468 1537 549 1569 241.
576 1531 644 1569 σὺν
671 1530 891 1576 αὐλίσκοισι,
915 1545 951 1567 m
979 1531 1048 1568 σὺν
1075 1515 1275 1578 άλίσίκοισι
1298 1534 1433 1571 deinde
1457 1536 1506 1570 Al
1530 1535 1739 1592 λιγυφθόγ-

203 1594 317 1627 γοισι,
355 1593 430 1627 qua
462 1581 623 1617 lectione
652 1582 786 1617 abusus
814 1580 985 1616 Schmidt
1009 1580 1299 1641 λιγυφθόγγοισι
1324 1583 1460 1623 νεᾶνες
1486 1584 1656 1620 coniecit.
1695 1605 1739 1611 —

204 1630 246 1665 V.
267 1633 348 1664 242.
377 1627 418 1665 ἐν
444 1626 583 1689 κώμοις
610 1626 758 1685 ἐρατοῖς
777 1628 918 1674 scripsi.
957 1629 1153 1689 legebatur
1171 1627 1366 1675 εὐκόσμως
1386 1627 1524 1675 ε’ρατοί,
1550 1631 1620 1667 nisi
1641 1633 1740 1677 quod.

202 1679 219 1712 t
244 1674 429 1723 εὐκόσμω,
456 1688 503 1721 cg
529 1674 570 1712 έν
595 1674 732 1722 κόσμω.
759 1676 967 1711 Blackwall
1003 1674 1044 1712 ἐν
1080 1674 1391 1734 κώμφ,Β11111011
1423 1675 1464 1714 ἐν
1495 1677 1635 1724 κώμοις
1659 1690 1738 1715 sua-

203 1726 339 1760 serunt.
370 1746 411 1749 —
439 1725 483 1759 V
510 1728 590 1760 243.
619 1725 809 1769 δνοφερῆς
833 1724 918 1768 ΑΟ,
944 1723 1008 1759 rel.
1036 1713 1246 1770 ὃνοφεροῐς.
1276 1746 1316 1750 -—
1351 1722 1438 1769 ὑπὸ,
1465 1727 1489 1761 h
1516 1724 1588 1771 ἐπὶ,
1616 1727 1711 1762 sed
1700 1739 1740 1762 111

150 1791 154 1795 ·
202 1785 251 1809 111.
278 1769 365 1807 ὑπό
393 1793 439 1798 -
464 1769 625 1807 κεύθεσι
650 1773 693 1806 ut
717 1771 865 1806 Brunck
891 1771 1042 1828 scripsit
1072 1774 1104 1806 A
1133 1773 1330 1829 (κενθεσι),
1356 1755 1554 1830 κευθμῶσι
1580 1755 1629 1818 ⁷0,
1655 1773 1740 1810 κεύ-

201 1823 323 1865 θμασι
356 1820 421 1855 101.
455 1840 498 1845 —
532 1819 575 1854 V.
603 1823 682 1854 245.
711 1815 801 1854 οὐδὲ
828 1815 907 1853 τότ’
936 1819 1084 1864 scripsi,
1116 1831 1149 1854 v.
1178 1816 1268 1855 οὐδέ
1302 1817 1387 1855 ποτ’
1392 1849 1399 1856 .
1434 1841 1478 1846 —
1504 1818 1599 1857 ἄλλα
1630 1820 1738 1868 μελή-

202 1879 279 1908 σεις
311 1868 360 1912 Α,
394 1863 485 1902 οὐδέ
522 1879 560 1902 τε
601 1865 724 1912 λήσεις
763 1866 812 1910 Ο,
851 1862 942 1902 οὐδέ
981 1879 1021 1911 ’γε
1060 1857 1184 1912 λήσεις
1219 1867 1285 1903 rel.
1337 1888 1375 1892 —
1421 1868 1464 1903 V.
1497 1872 1578 1904 247.
1617 1870 1738 1905 Antea

203 1915 415 1950 existimavi
446 1915 531 1960 post
563 1914 662 1949 hunc
701 1927 734 1950 ν.
766 1915 1043 1959 pentametrum
1069 1925 1153 1949 cum
1182 1915 1397 1950 hexametro
1424 1915 1621 1972 excidisse,
1654 1927 1736 1952 011111

201 1962 410 1998 hexametri
454 1962 574 1997 exitus
618 1961 828 1997 simillimus
872 1962 971 1997 esset
1011 1973 1046 1996 v.
1085 1966 1165 1997 247.
1229 1990 1237 1997 .
1265 1990 1272 1998 .
1307 1959 1392 1998 οὐκ
1427 1960 1520 1998 civo}
1558 1964 1736 2008 νηυσὶν

200 2007 422 2056 Ἰχθυόεντα
442 2013 534 2045 mim:
555 2009 628 2044 nisi
646 2009 744 2045 forte
763 2006 856 2066 quis
867 2009 1068 2044 crediderit
1086 2021 1119 2044 v.
1141 1989 1209 2044 249
1229 2010 1450 2045 detrimento
1470 2010 1543 2046 isto
1563 2011 1737 2047 affectum

202 2069 293 2103 esse⁷
320 2069 405 2092 cum
430 2059 542 2103 poeta
577 2057 783 2103 scripsisset
815 2053 882 2102 οὐχ
914 2057 1038 2091 ἵππων
1069 2054 1241 2092 νώτοισιν
1276 2055 1489 2104 ἐφήμενον,
1519 2055 1616 2094 οὐδ’
1649 2056 1736 2095 ἀνὰ

201 2107 377 2151 νηυσίν,
405 2134 411 2141 .
500 2106 735 2150 pentametro
766 2115 842 2139 una
872 2116 954 2139 cum
987 2104 1195 2140 hexametri
1225 2107 1331 2150 parte
1363 2106 1636 2150 praetermisso.
1687 2107 1738 2142 At

202 2165 276 2188 non
303 2154 360 2188 est
385 2132 588 2188 verisimile
614 2153 766 2198 poetam
792 2152 951 2187 nimium
975 2152 1071 2187 hanc
1097 2152 1322 2188 sententiam
1342 2152 1609 2198 amplificasse3
1636 2155 1735 2190 haud

202 2200 314 2236 dubie
349 2212 382 2236 v.
410 2204 478 2235 249
510 2199 644 2235 vitium
675 2199 752 2234 iam
783 2199 991 2244 antiquitus
1028 2199 1223 2236 contraxit.
1264 2221 1307 2225 —
1341 2200 1383 2236 V.
1411 2204 1490 2236 248.
1519 2181 1736 2247 ἰχθύόεντα,

205 2260 223 2283 0
251 2247 423 2293 ἰχθυόεν.
452 2269 494 2273 -
522 2248 658 2292 περῶν,
684 2247 737 2282 fm
763 2248 919 2304 πτερῶν.
941 2267 986 2272 --
1006 2245 1049 2283 V.
1071 2250 1149 2284 249.
1171 2244 1240 2291 οὐχ
1266 2249 1394 2289 ἵπποις
1417 2251 1614 2293 θνητοισιν
1641 2246 1734 2295 ἐφή-

201 2295 504 2386 fflss'ffsffipgssa
524 2291 1735 2399 ¹333323¹3ag²25⁶1143335{35:332}(5...Z”{3‘:;3‘‡3.152}²5⁵²23232

201 2402 310 2426 curru
343 2391 430 2426 vehi
463 2390 570 2432 fecit;
602 2401 723 2434 neque
748 2402 783 2425 v.
809 2393 877 2425 257
904 2391 1018 2430 ιππος
1043 2386 1180 2435 ἄεθλιή
1209 2401 1326 2447 equus
1353 2391 1466 2436 celer,
1504 2391 1569 2426 sed
1594 2392 1732 2427 curulis

201 2440 276 2483 est,
309 2419 623 2482 quemadmodum
648 2449 696 2482 ap
733 2438 841 2473 Hom.
869 2437 910 2472 Il.
937 2437 1041 2472 XXII
1066 2441 1111 2472 22
1137 2438 1251 2478 ιππος
1275 2420 1525 2484 ἀεθλοφόρος.
1563 2439 1613 2475 Et
1637 2440 1734 2475 hanc

201 2486 443 2520 offensionem
469 2487 507 2520 et
532 2484 805 2530 difficultatem,
831 2496 944 2530 quam
968 2497 1002 2520 v.
1025 2488 1092 2520 247
1113 2485 1253 2526 notavi,
1277 2485 1382 2521 facili
1407 2486 1559 2531 negotio
1579 2486 1732 2523 removi.

200 2532 342 2577 Verba,
374 2533 687 2577 quemadmodum
720 2533 873 2578 correxi,
904 2534 984 2567 tam
1016 2533 1064 2567 ad
1088 2532 1294 2575 terrestria,
1329 2544 1439 2576 quam
1471 2534 1519 2568 ad
1544 2534 1734 2570 maritima

200 2581 337 2616 itinera
357 2582 443 2615 sunt
462 2581 667 2623 referenda,
687 2591 775 2615 nam
794 2591 908 2615 naves
929 2582 1016 2615 sunt
1034 2576 1157 2620 ἆλός”
1133 2592 1256 2637 ιπποι,
1270 2561 1399 2624 iiaque
1414 2581 1529 2616 etiam
1543 2578 1733 2627 ἐφήμενος

201 2629 292 2663 satis
313 2629 370 2664 est
389 2628 621 2663 conveniens.
654 2628 880 2662 Herwerden
894 2624 962 2672 οὐχ
977 2628 1104 2667 ιπποις
1118 2640 1139 2672 η
1153 2627 1287 2671 νηυσὶν
1308 2625 1498 2708 ἐΙφήμενος
1518 2628 1734 2664 dubitanter

200 2676 404 2732 proposuit.
419 2672 574 2710 -άλλά
590 2686 643 2719 σε,
663 2674 692 2710 O
713 2671 796 2710 ἀλλ’
818 2671 898 2720 ἄγε.
915 2696 958 2700 -
973 2673 1128 2732 πέμψει,
1148 2686 1167 2710 0
1187 2676 1226 2710 et
1243 2674 1332 2719 111-,1
1358 2675 1507 2720 πρέψει.
1529 2696 1574 2701 -
1595 2676 1638 2710 V
1650 2680 1730 2713 251.

200 2724 293 2758 πᾶσι
312 2720 396 2768 γάρ,
421 2724 453 2757 Α
473 2723 565 2757 πᾶσι
591 2720 683 2766 διὸς,
711 2722 739 2757 Ο
760 2723 875 2757 πᾶσιν
896 2734 965 2758 0111.
987 2722 1182 2778 γὰρ,111110
1201 2722 1417 2758 Lachmann
1442 2723 1532 2758 πᾶσι
1552 2719 1590 2757 δ’
1612 2735 1733 2758 οσοισι

202 2770 372 2813 coniecit,
398 2770 618 2806 Heimsoeth
644 2770 736 2805 πᾶσι
761 2766 800 2804 δ’
829 2766 931 2810 ὅσοις
956 2767 1001 2805 τὰ
1028 2768 1178 2827 μέμηλε,
1198 2771 1347 2814 praeter
1365 2770 1636 2815 necessitatem,
1667 2772 1730 2807 sed

201 2798 392 2854 adsenticir
416 2817 583 2853 monenti
607 2815 801 2852 Μουσάων
836 2817 939 2862 δῶρα
970 2817 1075 2853 verbi
1106 2815 1243 2863 μέμηλε
1279 2827 1357 2852 esse
1391 2817 1615 2860 subiectum,
1647 2829 1731 2853 cum

201 2868 313 2901 antea
338 2865 513 2901 dixissem
547 2862 673 2921 αοιδὴ
693 2865 739 2909 (A
770 2861 915 2923 άοιδηῖ)
949 2876 1027 2900 esse
1052 2876 1118 2910 per
1149 2864 1431 2910 brachylogiam
1458 2864 1732 2922 explicandum,

200 2913 332 2956 πᾶσιν,
360 2911 439 2996 οἷσὲ
458 2912 623 2958 μέμηλεν
649 2909 780 2962 άοιδῄ,
809 2910 895 2959 ἔσσῃ
922 2910 1046 2957 ἀοιδή.
1095 2913 1138 2947 111
1163 2911 1218 2947 ed.
1247 2916 1263 2946 1
1293 2912 1514 2957 scripseram
1541 2909 1613 2962 ᾄσῃ
1635 2916 1732 2959 (pas-

201 2960 295 3006 sive)
322 2972 389 3006 pro
439 2971 517 3007 σσῃ.
