1890 3216
806 166 837 202 A
845 163 1162 202 RCHILOOHUS.
1665 162 1756 205 415

825 307 827 309 -
901 273 927 302 ’¹‘
963 274 1058 318 105.

180 404 186 407 ,
332 363 431 401 Mar.
470 362 626 401 Plotius
666 363 769 401 277:
808 361 916 414 „Hoc
954 364 1089 412 potest
1130 359 1254 399 dividi
1292 359 1332 398 in
1371 358 1588 399 dimetrum
1619 361 1753 398 acata-

210 427 360 467 lectum
391 427 700 478 Archilochium,
733 427 782 467 de
808 441 885 479 quo
913 440 1035 477 supra
1060 426 1193 467 docui:
1221 419 1686 479 ‹DABOYAOOEGKvol
1712 419 1753 478 Ι)

214 492 454 534 ΘΟΘΙΛΟΙ
493 490 516 511 “
561 493 616 532 sic
655 493 778 533 codex
824 488 897 548 (B)
944 494 1051 544 apud
1098 491 1389 540 Gaisfmdium,
1434 490 1516 531 cod.
1555 490 1593 529 A
1632 489 1755 529 Keilii

212 558 820 599 ΦΑΒΘΥΑΟΟΘΟΘΙΑΘΊὈ.
853 559 1028 599 Putsche
1053 553 1229 606 Αἰτωλὸς
1260 551 1364 608 ἀνὴρ
1388 550 1552 607 ὑψόθεν
1592 568 1641 595 ex
1665 568 1754 595 con-

210 625 366 666 iectura
395 625 650 665 Pindaricum
681 637 842 665 versum
875 624 1105 664 restituens.
1146 623 1361 663 Librorum
1387 621 1586 673 scriptura
1617 621 1753 671 fallax,

210 691 288 731 nisi
313 691 420 742 quod
440 704 557 731 versu
584 693 762 730 extremo
782 693 914 742 φίλοις
932 690 998 729 vel
1017 688 1160 740 φίλους
1179 689 1303 728 fuisse
1336 690 1502 728 certum.
1536 685 1753 726 Coniicias:

726 770 933 826 Ἰαμβύλος
962 768 1056 828 θῳὴ
1089 772 1231 823 φίλοις.

211 859 260 899 de
292 872 386 900 voce
419 854 610 911 ἰαμβύλος
641 859 719 898 vid.
751 857 896 896 Aread.
923 871 959 908 p.
990 858 1057 905 64,
1079 858 1135 895 20
1157 855 1288 895 Schm.
1343 854 1517 905 Hesych.
1543 849 1751 906 ἰαμβηλός·

212 920 492 977 λοιδορητικός.
543 924 676 964 Antea
716 918 901 976 Φαγηλὸς
932 917 986 970 ὣς
1021 920 1217 968 Θεοινίοις
1250 921 1410 962 conieci.
1443 920 1522 959 vid.
1556 920 1752 970 Heeych:

211 986 405 1044 φαγηλός·
437 985 563 1042 ἆμνός
594 985 710 1043 (haec
742 988 847 1028 enim
879 988 988 1027 iusta
1027 986 1210 1027 vocabuli
1242 987 1373 1026 forma
1404 986 1486 1036 est,
1524 997 1604 1025 non
1636 981 1752 1039 φάγι-

210 1058 295 1107 λος,
333 1058 380 1096 ut
416 1056 617 1095 nonnullis
650 1049 838 1108 placuit),
878 1055 920 1092 et
956 1046 1136 1106 φαγλαός
1174 1047 1291 1105 (puto
1324 1045 1538 1105 φαγαλός)·
1578 1051 1752 1103 χίμαρος.

209 1121 423 1172 Emporius
449 1117 622 1174 ἄβουλος
647 1116 772 1175 ᾔσθεο
799 1119 961 1171 σφαλείς
990 1119 1167 1170 scripsit,
1195 1112 1629 1169 Ηειήιωςπρόβουλός
1655 1110 1748 1156 ἐσθ’

209 1181 232 1227 ὁ
269 1182 500 1238 Λεῶφιλος,
541 1187 668 1226 Brink
714 1183 887 1239 ἄβουλος
930 1180 968 1225 εἷ
1002 1180 1051 1224 σὺ
1087 1185 1141 1239 τῷ
1179 1183 1301 1239 φίλῳ,
1344 1183 1465 1222 Kiehl
1502 1179 1675 1235 ἄβουλος
1712 1181 1753 1230 ἐς

210 1251 355 1304 φίλους
385 1249 493 1301 θεός.
551 1252 848 1293 Grammaticus
880 1251 1096 1291 dimetrum
1127 1249 1418 1290 Archilochium
1450 1250 1584 1297 vocat,
1615 1249 1753 1298 itaque

210 1322 520 1359 consentaneum
547 1320 619 1369 est,
659 1318 886 1369 exemplum
913 1317 1019 1368 quod
1050 1317 1206 1367 profert
1231 1329 1278 1355 ex
1303 1315 1543 1355 Archilocho
1571 1314 1752 1365 deprom-

210 1386 326 1435 ptum
363 1397 463 1425 esse.
513 1385 597 1424 Alii
635 1397 731 1424 sane
770 1383 928 1423 metrici
964 1381 1274 1422 Anacreontium
1310 1380 1528 1432 appellant,
1567 1380 1754 1430 quoniam

209 1450 280 1490 ille
311 1463 468 1502 quoque
499 1451 605 1490 haud
637 1450 914 1501 infrequenter
939 1449 1013 1488 hoc
1042 1447 1241 1487 versiculo
1266 1459 1364 1486 usus
1391 1451 1470 1496 est,
1502 1458 1632 1496 neque
1657 1457 1754 1485 vero

210 1515 285 1556 hac
317 1516 597 1556 observatione
630 1516 890 1566 abutendum,
915 1517 961 1567 ut
985 1513 1231 1553 Anacreonti
1255 1513 1432 1552 vindices
1459 1512 1564 1551 hunc
1592 1524 1751 1551 versum

211 1583 253 1620 et
265 1581 379 1621 ΒΑΘ
387 1582 583 1622 ΤΛΛΟΣ
591 1582 633 1621 in
653 1575 832 1622 codicum
850 1581 1033 1631 vestigiis
1059 1579 1294 1618 delitescere
1313 1578 1465 1628 credas,
1491 1578 1540 1616 de
1561 1577 1753 1628 Bathyllo

210 1646 290 1686 vid.
323 1647 374 1686 ad
405 1647 550 1688 Anacr.
576 1649 625 1687 fr.
654 1650 721 1687 20.
766 1647 845 1687 Sed
874 1647 1047 1686 fortasse
1073 1645 1300 1695 exemplum
1325 1656 1350 1683 a
1374 1643 1639 1695 grammatico
1664 1655 1754 1682 con-

210 1711 348 1752 fictum
381 1708 685 1766 Φαβούλλιος
716 1713 856 1764 φίλος
882 1712 1065 1763 φίλοις,
1096 1713 1142 1750 ut
1166 1711 1370 1750 Romanus
1403 1711 1522 1750 homo
1543 1709 1752 1748 Fabullius

131 1802 134 1805 ·
212 1777 419 1827 adhibitus
452 1779 516 1819 sit.

845 1872 944 1915 106.
976 1871 1111 1925 [102]

282 1951 596 1998 Πτῶσσουσαν
627 1952 740 1999 ὥστε
770 1954 970 2012 πέρδικα.

847 2074 1112 2128 107.[101]

283 2155 520 2214 Πάρελθε,
551 2166 759 2214 γενναῖος
789 2155 874 2216 γὰρ
907 2154 981 2210 εἷς.

209 2309 298 2353 λεύς
323 2312 384 2348 vel
409 2311 536 2354 σέλλος
556 2310 709 2358 (σελλός)
735 2313 884 2350 videtur
902 2311 1174 2366 appellativum
1195 2321 1287 2355 esse,
1313 2322 1386 2356 quo
1406 2310 1578 2346 homines
1602 2310 1750 2356 yar-ruli

212 2361 251 2395 et
274 2361 365 2396 vani
389 2361 637 2405 notabantur3
663 2361 762 2396 unde
788 2362 1024 2403 σελλίζεσθαι
1050 2358 1146 2395 dixit
1170 2358 1404 2403 Phrynichus
1430 2357 1602 2394 Comicus
1627 2358 1671 2394 fr.
1694 2362 1749 2403 13,

210 2407 311 2453 quod
336 2409 388 2444 sic
413 2408 748 2467 redintegrandum
773 2407 923 2444 videtur
948 2418 1020 2465 ope
1047 2405 1216 2453 Apostol.
1243 2406 1312 2441 XV
1338 2410 1400 2442 41:
1420 2403 1589 2466 Ἅγαμαι,
1617 2406 1749 2451 Λιονῦ,

209 2467 278 2492 σου
287 2466 523 2539 Αα)’(*1τομί,ιι)ιτο(ςΑ
548 2454 840 2539 wlfluegdlltuat
870 2451 966 2491 Κατ’
976 2450 1414 2538 ίιΑἰσχζξνηνΑκ.ε·ιι1;οέἰμῗιῐῖ
1422 2451 1523 2536 37’1‘g71
1559 2434 1749 2535 πολλοὲκις.

210 2513 1334 2610 οἷδ’Ἀρχίίλὲχοςω,1.οξοέιςῗέἒῖξέυςϊῖοἳῑθέλιλῗῑνωῗετέαὶ
1360 2498 1749 2591 τονςὸἐνὸἓὲοἷὲτζῖζ

211 2597 314 2645 ἔλεγε
342 2600 480 2644 κακῶς,
505 2596 599 2635 ἀλλὰ
627 2597 835 2647 Λυκάμβην
861 2598 926 2634 καὶ
952 2594 1091 2633 Χειδὸν
1113 2595 1298 2653 (Meineke
1318 2596 1478 2632 coniecit
1500 2597 1651 2652 Φεῖδον,
1677 2607 1748 2653 ego

209 2648 420 2705 Χαρίλαον)
450 2647 514 2683 καὶ
546 2644 624 2683 τὸν
657 2648 788 2682 δεῖνα
820 2643 899 2681 τὸν
931 2644 1114 2703 μάντιν,
1147 2643 1211 2679 καὶ
1244 2641 1310 2679 τὸν
1337 2642 1526 2688 Περικλέα
1558 2640 1624 2678 τὸν
1641 2624 1746 2679 καθ’

211 2690 344 2739 αὑτόν,
373 2708 418 2732 ον
445 2693 513 2731 τὸν
538 2708 653 2741 πανυ,
678 2694 744 2730 καὶ
769 2691 962 2734 τοιούτους
986 2689 1217 2748 ἀνθρώπους
1243 2690 1345 2737 ἔλεγε
1372 2691 1508 2732 κακῶς.

306 2742 365 2778 Fr.
394 2746 473 2778 106.
524 2743 659 2779 Athen.
693 2742 743 2778 IX
776 2745 845 2778 388
877 2741 922 2776 F:
964 2741 1043 2777 Τοῦ
1074 2738 1117 2775 δὲ
1134 2735 1338 2796 ὀνόματος
1372 2734 1498 2774 αὐτῶν
1531 2739 1748 2784 (περδίκων)

212 2788 314 2826 ἔνιοι
350 2790 588 2826 συστέλλουσι
625 2788 694 2836 τὴν
733 2787 849 2836 μέσην
881 2785 1087 2835 συλλαβήν,
1120 2784 1169 2828 ὡς
1203 2782 1468 2832 Ἀρχίλοχος·
1507 2785 1748 2823 Πτώσσου-

211 2848 293 2873 σαν
306 2841 466 2922 ΕᾘλΙΟἿ.
504 2885 637 2922 Athen.
658 2884 743 2920 XIV
764 2888 833 2921 653
855 2884 903 2920 D.
933 2886 1099 2920 Γενναῖοι
1123 2879 1224 2927 λέγει
1248 2879 1295 2918 τὰ
1322 2878 1460 2928 εὐγενῆ
1483 2879 1503 2918 ὁ
1525 2878 1747 2928 φιλόσοφος,

213 2929 263 2973 ὡς
287 2933 352 2969 καὶ
375 2930 642 2980 Ἀρχίλοχος·
669 2930 881 2977 Πάρελθε
908 2935 982 2969 κτλ.
