1890 3216
774 198 1105 236 ANTIMACHUS.
1622 198 1706 240 291

168 312 356 363 Hartung
389 307 611 364 Ἡφαίστου
643 312 783 368 Σαμίῳ
815 311 912 366 πυρὶ
944 311 1114 362 εἴκελον,
1151 308 1205 364 ἤν
1236 311 1286 366 ῥα
1317 315 1416 362 κτλ.,
1455 312 1562 363 quod
1599 312 1710 351 nullo

168 378 286 419 modo
318 378 415 418 ferri
447 380 602 430 potest,
637 392 729 419 nam
763 379 994 431 Mosychlus
1026 379 1167 419 Lemni
1200 391 1313 419 mons
1346 379 1435 419 fuit.

886 473 909 499 *
928 471 993 515 10.

289 558 418 601 Schol.
452 560 587 610 Apoll.
619 561 691 600 Rh.
724 559 782 598 IV
812 561 913 600 156:
942 554 1013 598 'Ev
1043 554 1195 607 τούτοις
1225 557 1291 599 καὶ
1322 561 1404 607 τοῖς
1435 556 1580 611 ἐφεξῆς
1613 556 1712 610 φησὶ

167 620 240 677 τὴν
260 621 451 677 Μήδειαν
485 624 792 678 ἑπιρραίνουσαν
818 621 1004 679 ἆρκεύθῳ
1031 621 1073 665 τὸ
1102 622 1194 678 (hoc
1214 639 1290 665 om.
1312 626 1396 666 cod.
1416 620 1467 679 L)
1498 620 1711 676 φάρμακον

169 690 343 743 κοιμίσαι
376 687 444 732 τὸν
477 689 674 744 δράκοντα
705 688 934 748 ἐπᾴδουσαν
965 690 1031 731 καὶ
1057 688 1160 731 οὕτω
1188 688 1229 731 τὸ
1257 693 1362 739 κῶας
1388 687 1614 741 ἀνελέσθαι,
1645 689 1711 730 καὶ

168 759 416 810 χωρισθῆναι
448 750 697 810 άμφοτέρους
729 755 792 797 ἐπὶ
817 753 890 809 τὴν
916 761 1018 797 ναῦν
1043 755 1292 810 κοιμωμένου
1318 759 1387 798 τοῦ
1413 756 1581 809 θηρίου,
1615 768 1712 807 συμ-

170 818 319 874 φώνως
349 825 402 880 τῷ
428 819 657 879 Ἀντιμάχῳ.

290 978 419 1019 Sohol.
439 979 579 1030 Apoll..
594 979 666 1018 Rh.
687 978 744 1017 IV
769 980 900 1018 1153:
936 979 1104 1031 Τιμαίου
1135 977 1316 1033 λέγοντος
1342 978 1384 1020 ἕν
1411 977 1596 1036 Κερκύρᾳ
1621 977 1712 1029 τοὺς

169 1040 320 1098 γάμους
351 1040 527 1097 ἀχθῆναι
553 1040 766 1093 Διονύσιος
798 1039 819 1085 ὃ
852 1041 1054 1097 Μιλήσιος
1085 1044 1129 1085 ἐν
1161 1043 1328 1101 δευτέρῳ
1361 1048 1439 1086 τῶν
1466 1042 1712 1100 Ἀργοναυτι-

169 1110 252 1149 κῶν
283 1107 328 1149 ἔν
359 1110 560 1166 Βυζαντίῳ
600 1110 744 1162 φησίν,
780 1106 1009 1164 Ἀντίμαχος
1041 1110 1085 1152 ἕν
1116 1108 1237 1167 Λύδῃ
1270 1110 1314 1152 ἐν
1346 1108 1516 1166 Κόλχοις
1547 1113 1714 1165 πλησίον

169 1177 239 1216 τοῦ
269 1179 448 1229 ποταμοῦ
479 1178 644 1230 μιγῆναι
676 1172 742 1232 (τῇ
775 1177 941 1233 Μηδείᾳ
971 1173 1040 1218 τὸν
1068 1171 1258 1231 Ἰάσονα).

912 1270 979 1313 12.

291 1344 420 1385 Schol.
450 1345 581 1396 Apoll.
608 1345 683 1384 Rh.
709 1344 768 1383 IV
792 1346 895 1384 259:
922 1339 1110 1393 Ἡσίοδος
1141 1342 1184 1384 δὲ
1216 1343 1282 1384 καὶ
1314 1345 1521 1397 Πίνδαρος
1552 1344 1596 1385 ἐν
1628 1348 1712 1386 Πυ-

170 1409 370 1458 θιονίκαις
401 1408 468 1450 καὶ
494 1406 723 1463 Ἀντίμαχος
763 1408 806 1449 ἕν
838 1406 960 1464 Λύδῃ
998 1407 1065 1450 διὰ
1103 1413 1172 1451 τοῦ
1200 1407 1393 1451 Ὠκεανοῦ
1426 1423 1550 1462 φασιν
1582 1410 1715 1452 ἐλθεῖν

171 1471 317 1523 αὖτοὺς
343 1471 461 1555 ε(τοὺς
481 1472 765 1541 Ἀργοναύτας)
799 1475 854 1524 εἰς
881 1472 1064 1529 Λιβύην,
1096 1475 1162 1516 καὶ
1194 1473 1465 1529 βαστάσαντας
1496 1493 1568 1529 την
1589 1473 1714 1531 Ἀργὼ

173 1541 228 1589 εἷς
259 1538 301 1581 τὸ
333 1537 520 1594 ἡμέτερον
551 1540 718 1596 πέλαγος
749 1540 947 1595 γενέσθαι.

912 1635 978 1677 13.

295 1710 426 1750 Schol.
456 1709 588 1760 Apoll.
615 1710 688 1749 Rh.
715 1709 756 1748 II
785 1711 888 1750 296:
921 1706 1162 1761 Στροφάδας
1194 1708 1293 1763 φησὶ
1324 1713 1542 1763 κεκλῆσθαι
1574 1707 1639 1750 διὰ
1671 1708 1713 1751 τὸ

171 1771 265 1823 τοὺς
284 1771 486 1828 Βορεάδας
512 1771 684 1815 αὐτόθεν
709 1770 976 1827 ὑποστρέψαι,
1009 1774 1249 1828 στραφέντας
1275 1776 1330 1824 εἰς
1355 1773 1550 1826 τούπίσω,
1582 1773 1717 1829 λαβὼν

172 1836 280 1893 παρὰ
307 1836 560 1894 Ἀντιμάχου·
601 1836 725 1895 (οὕτω
762 1837 838 1894 γὰρ
877 1839 1026 1889 ἐκεῖνος
1065 1840 1108 1881 ἐν
1138 1844 1185 1896 τῇ
1216 1838 1340 1895 Λύδῃ
1372 1841 1459 1894 περὶ
1491 1838 1623 1882 αὐτῶν
1655 1841 1716 1895 με’-

174 1903 333 1960 μνηται)
368 1907 483 1958 [haee
515 1908 664 1948 omissa
695 1907 736 1946 in
767 1908 852 1947 cod.
884 1906 948 1958 L].
1009 1907 1062 1947 Οἱ
1090 1905 1132 1947 δὲ
1164 1904 1406 1960 Στροφάδας
1438 1907 1562 1959 φασὶν
1594 1906 1717 1958 αὐτὰς

173 1975 409 2024 κεκλῆσθαι,
447 1968 552 2012 καθὸ
585 1971 884 2024 ἐπιστραφέντες
915 1968 1059 2013 αὐτόθι
1095 1970 1267 2025 ηὔξαντο
1299 1975 1352 2028 τῷ
1386 1974 1456 2014 Διῒ
1482 1977 1717 2028 καταλαβεῖν
1754 1990 1768 2003 ·

175 2034 244 2087 τὰς
275 2033 478 2090 Ἁρπυίας.
540 2033 652 2077 Κατὰ
691 2035 734 2077 δὲ
759 2033 949 2078 εΗσιόδον
987 2037 1053 2079 καὶ
1081 2035 1311 2092 Ἀντίμαχον
1351 2038 1415 2079 καὶ
1451 2036 1717 2082 Ἀπολλώνιον

176 2100 224 2144 οὖ
249 2104 476 2144 κτείνονται.
527 2103 586 2144 Cf.
607 2105 661 2144 ib.
681 2104 733 2142 ad
752 2118 789 2144 v.
811 2106 915 2143 297:
949 2105 1008 2144 Αἵ
1023 2103 1183 2144 Πλωταὶ
1210 2107 1323 2157 νῆσοι
1350 2102 1717 2158 μετωνομάσθησαν

113 2198 123 2203 -
176 2166 425 2223 Στροφάδες·
459 2168 648 2222 μέμνηται
679 2167 811 2211 αὐτῶν
842 2169 909 2211 καὶ
936 2167 1165 2223 Ἀντίμαχος
1197 2169 1240 2211 ἐν
1270 2173 1316 2226 τῇ
1348 2168 1481 2225 Λύδῃ.

892 2265 916 2291 *
931 2264 997 2307 14.

298 2337 428 2377 Sohol.
456 2337 587 2388 Apoll.
613 2338 688 2378 Rh.
713 2338 753 2377 II
783 2340 886 2378 178:
915 2334 1246 2392 Ἀγηνορίδης·
1274 2335 1491 2393 Ἀγήνορος
1522 2336 1596 2394 γὰρ
1622 2345 1717 2389 παῖς

178 2402 256 2444 ἐστι
283 2399 489 2457 (Φινεύς),
522 2398 575 2451 ὡς
599 2398 860 2452 Ἑλλάνικος·-
882 2399 934 2452 ὦς
967 2402 1010 2444 δὲ
1032 2401 1219 2453 “Ησίοδός
1250 2417 1394 2457 φησιν,
1429 2406 1616 2463 Φοίνικος
1647 2409 1716 2446 τοῦ

101 2507 105 2512 ,
175 2465 389 2522 Ἀγήνορος
420 2467 486 2508 καὶ
521 2469 795 2517 Κασσιεπείας·
834 2465 979 2522 ὁμοίως
1011 2468 1054 2510 δὲ
1085 2469 1151 2510 καὶ
1178 2466 1470 2523 Ἀσκληπιάδης
1501 2469 1566 2510 καὶ
1594 2467 1718 2511 Ἀντί·

111 2536 113 2539 ’
179 2550 301 2588 μαχος
331 2533 395 2574 καὶ
432 2530 658 2587 Φερεκύδης
690 2535 824 2586 φασίν.

895 2627 919 2652 '²‘
936 2628 999 2671 15.

298 2703 432 2754 Etym.
464 2703 568 2742 Flor.
600 2715 662 2754 ap.
697 2702 830 2742 Miller
862 2699 1090 2754 Melanges
1094 2717 1132 2754 p.
1162 2705 1265 2743 265:
1297 2699 1480 2756 Σήσαμοι
1511 2702 1578 2744 καὶ
1603 2700 1716 2757 Ἐρυ-

179 2772 310 2818 θῐνοι,
347 2767 470 2820 χωρία
506 2768 812 2822 Παφλαγονίας
852 2762 923 2815 οὓς
949 2763 1191 2819 Ἐρυθίνους
1228 2766 1352 2820 φησὶν
1385 2763 1613 2821 Ἀντίμαχος
1651 2767 1718 2831 δια

180 2829 252 2885 τὴν
277 2829 521 2885 ἐρυθρότητα
545 2831 612 2873 καὶ
637 2830 710 2886 τὴν
734 2829 920 2886 τοιαύτην
944 2830 1092 2886 χροιάν.
1137 2834 1273 2874 Petita
1297 2835 1394 2874 haec
1422 2836 1516 2873 sunt.
1542 2848 1590 2874 ex
1616 2828 1716 2874 00111-

182 2898 376 2938 mentm-io
413 2900 543 2950 magis
580 2900 739 2950 integro
771 2899 903 2949 Apoll.
935 2899 1061 2939 Rhod.
1093 2899 1134 2938 II
1162 2901 1271 2951 941,
1308 2899 1379 2939 ubi
1414 2910 1520 2937 nunc
1550 2899 1716 2950 legitm:

176 2959 386 3016 Ἐρυθῖνοι
412 2960 455 3003 δὲ
487 2978 589 3004 ουτω
622 2960 824 3017 λεγόμενοι
848 2960 967 3016 λόφοι
991 2963 1080 3017 περὶ
1107 2965 1414 3019 Παφλαγονίαν·
1447 2977 1551 3004 ουτω
1584 2963 1627 3005 δε
1658 2965 1718 3005 λε’-

1362 3033 1433 3068 19*
