1890 3216
189 186 246 230 82
724 186 915 226 ΡΟΕΤΑΕ
942 180 1180 226 ELEGI'AOI.

260 295 428 350 ψεύδεα
459 294 519 354 μὴ
551 295 722 353 βάζειν,
755 295 808 340 τὰ
842 295 883 355 δ’
920 296 1111 355 ἐτήτυμα
1142 295 1271 342 πάντ’
1308 295 1557 356 ἀγορεύειν.
1702 307 1724 340 5

321 370 489 425 Πρῶτα
520 366 632 412 θεὸν
664 371 788 425 τίμα,
820 369 1047 425 μετέπειτα
1080 369 1129 414 δὲ
1161 378 1254 413 σεῖο
1287 371 1465 426 φονῆας.

260 443 368 484 πᾶσι
402 443 552 483 δίκαια
582 440 755 497 νέμειν,
789 441 900 497 μηδὲ
927 444 1080 498 κρίσιν
1113 442 1157 493 ἐς
1187 440 1319 499 χάριν
1353 441 1461 484 ἕλκε.

193 525 236 556 10
262 511 320 568 μὴ
355 512 487 569 ῥίψῃς
518 515 677 568 πενίην
710 509 891 564 ἀδίκως·
924 511 983 569 μὴ
1015 521 1140 571 κρῖνε
1172 511 1425 570 πρόσωπον.

192 654 393 691 admodum
409 654 486 690 alia
502 653 667 690 eiusdem
693 654 869 700 notionis,
889 654 1058 691 dativum
1078 655 1274 701 asciscere,
1295 654 1361 691 sed
1380 654 1607 692 recentiores
1632 665 1723 689 non-

192 713 381 747 nunquam
409 702 523 738 etiam
553 702 872 748 praepositionem
904 703 1064 747 addunt,
1097 703 1200 740 velut
1229 700 1385 749 ἀγαπᾶν
1410 702 1521 748 περὶ,
1554 702 1593 737 et
1623 702 1723 748 apud

191 751 433 787 scholiastarn
471 750 731 786 Demosthenis
770 762 887 796 nuper
923 762 968 786 ex
1001 750 1080 787 cod.
1114 751 1262 787 Patmio
1306 750 1449 786 editum
1486 746 1724 796 ἀρκούμενος

194 795 256 834 ἐπὶ
287 798 348 834 vel
380 795 450 833 σὺν
483 797 640 843 legitur,
673 798 704 833 si
735 799 836 834 recte
868 798 1038 843 memini;
1071 800 1198 844 itaque
1231 810 1305 834 non
1332 798 1503 834 dubitavi
1528 797 1621 843 παρ’
1651 793 1727 838 ἑοῖς

194 856 386 889 revocare3
412 847 545 891 postea
571 847 756 881 corrector
786 845 941 891 aliquis,
975 857 1050 882 non
1081 847 1202 882 ferens
1235 847 1443 881 structurae
1474 844 1726 887 insolentiam,

194 904 315 939 neque
351 903 559 939 pronomen
591 890 653 934 ἑὸς
685 893 724 928 111
765 894 837 929 1100
876 894 1038 930 carmine
1076 894 1349 930 admittendum
1379 895 1498 938 ratus,
1531 892 1728 929 substituit

193 939 398 988 ἀρκεῖσθαι
419 941 603 986 παρεοῦσι
622 940 687 976 καὶ
707 938 784 977 ἀλλ.
806 938 884 987 ἀπ.,
904 953 1046 977 memor
1070 941 1268 988 pervagati
1294 940 1497 987 praecepti,
1524 942 1622 999 quod
1647 941 1727 976 tam

192 989 351 1035 pagani,
378 1000 490 1047 quam
525 988 719 1046 christiani
750 989 920 1025 homines
954 990 1013 1035 (cf.
1042 990 1150 1035 epist.
1177 990 1225 1025 ad
1250 989 1361 1024 Hebr.
1391 993 1447 1033 13,
1474 993 1494 1024 5
1521 986 1729 1034 ἀφιλάργυ-

195 1051 259 1083 ρος
284 1034 303 1072 ὁ
332 1047 485 1082 τροπος·
513 1033 744 1082 ἀρκούμενοι
768 1041 847 1078 τοῖς
871 1037 1072 1083 παροῦσιν)
1103 1039 1225 1073 terere
1258 1037 1360 1072 soliti
1392 1038 1490 1073 sunt.
1518 1057 1562 1063 -·
1589 1037 1727 1073 Versus

195 1086 257 1120 hic
292 1084 666 1130 Pseudophocylideo
699 1084 862 1120 carmine
894 1085 995 1120 haud
1027 1085 1138 1120 dubie
1170 1085 1376 1129 antiquior,
1408 1083 1448 1120 id
1480 1084 1581 1130 quod
1613 1084 1729 1120 etiam

193 1133 332 1168 Hierax
365 1133 546 1177 testatur,
582 1131 647 1177 qui
682 1132 881 1168 manifesto
918 1134 1016 1168 hunc
1053 1144 1203 1169 versum
1236 1131 1455 1178 respiciens,
1489 1143 1566 1167 non
1602 1133 1730 1167 tamen

192 1180 305 1216 huius
331 1179 516 1226 poematis
543 1179 766 1215 auctoritate
792 1192 880 1215 usus
907 1181 1016 1226 est*),
1043 1182 1157 1226 atque
1185 1180 1276 1216 olim
1297 1179 1476 1237 scriptum
1499 1179 1572 1215 fuit
1598 1179 1731 1226 opinor

194 1225 400 1275 ἀρκεῖσθαι
424 1224 621 1273 παύροις
645 1239 720 1263 11οΠ
745 1224 837 1275 παρ’
866 1225 953 1271 ἓοῐς,
975 1228 1019 1263 cf.
1036 1228 1203 1274 Theogn.
1225 1231 1293 1263 145
1315 1229 1447 1276 βουλεο
1474 1224 1511 1263 δ’
1540 1224 1626 1263 εὗσε
1657 1225 1729 1263 ε’ων

194 1274 334 1322 ὀλίγοις
367 1273 435 1311 σὺν
461 1273 646 1321 χρήμασιν
673 1274 793 1311 οἰκεῖν
818 1279 892 1311 κτλ.
944 1275 1108 1312 Hesiodo
1139 1287 1288 1312 versum
1314 1274 1488 1311 attribuit
1520 1274 1636 1311 Goett
1654 1275 1730 1320 ing,

195 1324 271 1360 levi
298 1323 500 1359 admodum
526 1326 748 1368 argumenio
779 1335 884 1367 usus,
917 1324 1018 1368 quod
1050 1323 1251 1369 Gregorius
1283 1322 1498 1359 Corinthius
1531 1323 1626 1358 dixit
1655 1322 1732 1357 alia

197 1372 369 1417 exempla
399 1370 594 1416 infinitivi,
628 1371 693 1416 qui
723 1370 936 1417 imperativi
969 1371 1020 1406 sit
1050 1371 1228 1415 vicarius,
1259 1370 1300 1406 111
1325 1371 1478 1406 Homeri
1504 1371 1542 1405 et
1575 1369 1731 1406 Hesiodi

197 1419 424 1456 carminibus
450 1418 544 1463 legi:
575 1419 697 1464 possis
728 1419 776 1454 ad
801 1418 1045 1464 Phocylidem
1070 1418 1259 1454 Milesium
1289 1419 1444 1462 referre,
1470 1429 1582 1464 quem
1606 1417 1731 1454 medio

195 1468 309 1503 verbo
335 1463 540 1511 ἀρκεῖσθαι
565 1478 675 1501 usum
702 1478 793 1510 esse,
820 1466 915 1502 sicut
939 1465 1192 1510 Herodotum,
1217 1478 1292 1502 non
1318 1467 1375 1502 est
1399 1466 1544 1502 mirum.
1596 1466 1673 1501 Iam
1701 1465 1732 1500 si

195 1515 297 1550 recte
322 1514 420 1550 infra
446 1514 494 1548 ad
519 1526 552 1550 v.
580 1517 624 1549 87
652 1513 748 1559 dixi,
782 1514 891 1549 huius
921 1514 1106 1560 poematis
1139 1516 1328 1550 auctorem
1359 1525 1434 1549 non
1469 1525 1549 1549 esse
1580 1513 1731 1549 solitum

197 1562 330 1598 alienis
364 1561 530 1597 versibus
565 1561 638 1606 uti,
671 1562 872 1597 verisimile
912 1564 984 1608 est,
1024 1563 1122 1597 hunc
1166 1573 1312 1606 quoque
1346 1573 1491 1597 versum
1528 1561 1575 1596 ab
1608 1560 1733 1596 aliena

198 1621 311 1646 manu
335 1610 470 1655 postea
495 1609 665 1645 additum
693 1621 789 1653 esse3
818 1610 894 1645 iam
922 1621 1005 1645 cum
1025 1622 1059 1646 v.
1081 1614 1102 1645 6
1127 1610 1239 1645 iteret
1263 1609 1340 1645 fere
1366 1610 1606 1655 praeceptum
1632 1608 1732 1654 quod

196 1658 365 1704 proximo
391 1657 514 1703 priore
546 1668 657 1693 versu
689 1658 917 1701 continetur,
949 1669 992 1693 eo
1025 1657 1146 1692 minus
1179 1656 1310 1692 dubito
1342 1669 1489 1693 versum
1521 1667 1732 1702 segregare,

196 1718 283 1741 nam
309 1705 468 1741 decebat
492 1706 684 1740 auctorem
708 1705 895 1751 poematis
920 1706 959 1740 in
984 1705 1174 1750 prooemio
1201 1700 1416 1740 summatim
1448 1704 1570 1750 operis
1597 1704 1654 1739 sui
1677 1703 1731 1739 in-

199 1753 374 1789 stitutum
404 1752 673 1798 perstringere,
705 1764 773 1788 nec
804 1752 920 1788 latius
952 1752 1164 1798 exspatiari.
1198 1773 1242 1778 -
1274 1752 1317 1788 V.
1347 1756 1378 1787 7.
1412 1750 1453 1787 δὲ
1487 1764 1558 1787 om.
1584 1750 1652 1787 Ae.
1687 1772 1728 1786 --τ

198 1797 311 1836 πάντ’
345 1797 562 1846 ἀγορεύειν,
597 1800 620 1835 S
657 1796 782 1835 πάντα
815 1798 1038 1845 φυλάσσειν,
1072 1800 1206 1835 deinde
1240 1799 1263 1835 S
1295 1799 1427 1835 inserit
1456 1800 1556 1835 hunc
1585 1811 1733 1835 versum

199 1846 327 1894 Μηδὲ
365 1845 510 1894 μάτην
541 1848 706 1882 εἴδωλα
739 1846 893 1895 σέβου·
926 1845 1004 1883 τὸν
1038 1844 1075 1882 δ’
1109 1844 1315 1892 ἄφθιτον
1349 1846 1442 1882 αἰεὶ
1473 1847 1603 1894 πρῶτα
1634 1844 1732 1882 θεὸν

199 1899 276 1932 κτλ.
303 1917 345 1922 --
373 1896 416 1931 V.
444 1899 475 1932 8.
503 1895 644 1941 πρῶτα,
671 1894 729 1930 V4
754 1896 884 1941 πρῶτα
910 1894 990 1941 μὲν.
1018 1916 1061 1921 —-
1090 1893 1131 1930 δὲ
1159 1907 1230 1930 0111.
1259 1894 1358 1939 SA3,
1385 1895 1423 1930 in
1448 1895 1487 1930 M
1514 1906 1626 1940 supra
1651 1906 1732 1937 sen,

199 1944 233 1978 H
265 1943 296 1990 fi
341 1942 378 1989 (i.
412 1955 443 1979 e.
475 1942 566 1986 καὶ).
605 1964 649 1968 -
694 1942 738 1978 V.
771 1947 803 1979 9.
845 1944 953 1988 πᾶσι,
992 1940 1117 1978 πάντα
1148 1941 1469 1978 VaPTBV1234S.
1515 1964 1559 1968 -
1600 1940 1731 1987 νέμειν

199 1991 326 2038 vulgo,
352 1989 478 2037 νέμων
504 1990 756 2034 PBV2A2Ma,
781 1989 906 2037 νέμων
927 1993 1022 2037 (sup.
1043 1989 1187 2036 νέμειν)
1206 1990 1275 2027 Va.
1298 2011 1337 2016 --
1361 1988 1467 2036 μηδὲ,
1494 1988 1543 2036 μὴ
1565 1989 1606 2025 δὲ
1628 1989 1732 2035 VaH,

201 2041 244 2075 ut
270 2039 402 2074 solent.
430 2059 474 2064 —-
503 2037 585 2074 ἕλκε
613 2038 795 2082 VaV12P‚
822 2051 855 2075 v.
884 2038 1019 2081 ἕλκειν,
1045 2039 1083 2073 Μ
1109 2034 1199 2084 μηδ’
1234 2037 1288 2079 εἰς
1313 2038 1434 2083 κρίσιν
1459 2035 1570 2083 χάριν
1597 2036 1732 2083 ἕλκειν,

201 2087 225 2122 S
252 2083 344 2133 μηδ’
373 2085 426 2127 εἰς
451 2087 572 2131 κρίσιν
598 2082 734 2121 ἄδικον
761 2085 886 2133 ἔλθῃς.
915 2108 959 2112 -
985 2086 1029 2122 V.
1053 2090 1107 2122 10.
1127 2084 1251 2133 ῥίψῃς,
1278 2087 1331 2121 Al
1353 2082 1488 2132 ῥ’ήψης.
1511 2106 1554 2111 ——
1575 2081 1733 2127 ἀδίκως·

202 2132 251 2181 μὴ
277 2134 445 2178 V3PA2‚
471 2133 571 2169 idem
599 2131 647 2179 μὴ
676 2132 717 2169 δὲ
739 2135 860 2179 κρίνε,
887 2147 919 2171 v.
947 2131 1089 2174 ἀδίκως
1113 2131 1175 2180 μὴ.
1204 2155 1239 2159 -—
1273 2138 1394 2178 κρῖνε,
1420 2133 1458 2167 Μ
1483 2134 1598 2181 λαβη,
1624 2143 1735 2179 supra

202 2187 318 2228 κρῖνε.
345 2202 388 2207 -
415 2179 634 2227 πρόσωπον,
672 2181 695 2216 S
727 2180 923 2227 προσώπω.
976 2182 1067 2218 Cum
1103 2192 1172 2227 ego
1208 2180 1449 2216 correxissem
1481 2191 1635 2227 pravam
1661 2181 1735 2216 dis-

202 2230 438 2274 tinctionem,
471 2241 597 2264 rursus
629 2229 795 2275 Bernays
831 2227 971 2271 ἀδίκως
1003 2227 1052 2276 μὴ
1086 2233 1187 2275 κρῖνε
1221 2225 1422 2274 πρόσωπον
1454 2228 1736 2264 revocavit:·at

203 2278 316 2313 iudex
341 2278 405 2322 qui
431 2277 583 2322 respicit
607 2274 827 2322 πρόσωπον,
854 2289 1001 2323 semper
1025 2276 1163 2312 iniuste
1189 2276 1286 2322 agit:
1317 2276 1444 2320 itaque
1470 2277 1509 2311 in
1535 2276 1733 2311 Deuteron.

207 2330 239 2369 1,
269 2329 311 2361 17
337 2325 450 2370 plane
477 2326 535 2360 est
560 2321 628 2360 οὐκ
656 2322 842 2372 έπιγνώσῃ
869 2324 1070 2370 πρόσωπον
1098 2321 1138 2360 ἐν
1158 2325 1277 2370 κρίσει
1298 2325 1336 2359 et
1354 2324 1403 2359 ib.
1426 2327 1480 2367 10,
1504 2328 1563 2359 17:
1591 2320 1610 2358 ὃ
1637 2321 1732 2363 θεὸς

205 2370 224 2408 ὁ
251 2371 367 2419 μέγας
402 2401 409 2408 .
433 2401 440 2408 .
462 2400 469 2407 .
505 2368 605 2413 ὅστις
637 2369 681 2407 οὐ
713 2370 906 2418 θαυμάζει
940 2370 1140 2419 πρόσωπον
1172 2367 1262 2406 οὐδὲ
1304 2367 1348 2406 οὗ
1384 2368 1433 2416 μὴ
1468 2368 1563 2417 λάβῃ
1600 2371 1732 2416 δῶρον,

205 2421 324 2456 ποιῶν
361 2421 483 2466 κρίσιν
518 2423 592 2457 κτλ.
644 2419 716 2456 Sed
755 2423 969 2466 corruptum
1006 2420 1106 2456 haud
1144 2419 1273 2464 dubie,
1311 2418 1411 2464 quod
1447 2418 1651 2467 praecessit
1683 2417 1733 2464 μὴ

301 2528 335 2574 *)
363 2528 500 2563 Hierax
524 2526 783 2573 philosophus,
809 2527 854 2563 de
881 2539 954 2572 quo
979 2527 1075 2563 nihil
1099 2526 1300 2562 memoriae
1318 2525 1510 2569 traditum,
1531 2536 1641 2570 quem
1666 2524 1734 2560 im-

207 2577 422 2622 peratorum
446 2574 697 2611 Romanorum
723 2575 954 2620 temporibus
986 2574 1123 2611 vixisse
1153 2575 1441 2610 consentaneum
1472 2573 1546 2618 est,
1576 2572 1735 2609 fortasse

207 2624 358 2660 natione
383 2621 612 2669 Aegyptius,
638 2622 821 2667 siquidem
847 2634 982 2658 nomen
1008 2620 1126 2668 Ἱέραξ
1158 2621 1238 2657 11110
1269 2621 1362 2657 satis
1392 2620 1589 2665 usitatum,
1621 2621 1733 2656 homo

206 2683 281 2707 non
312 2671 504 2714 indoctus,
538 2670 602 2715 qui
633 2670 813 2706 Nicandri
846 2671 1028 2706 Theriaca
1059 2683 1092 2706 v.
1120 2673 1188 2706 823
1214 2680 1290 2714 seq.
1317 2669 1356 2704 et
1387 2668 1610 2703 Archelaum
1641 2668 1733 2713 phy-

208 2719 323 2754 sicum
352 2718 507 2754 adhibet
530 2717 553 2755 i.
581 2730 612 2754 e.
639 2716 704 2763 qui
733 2715 901 2763 Ἰδιοφυῆ
935 2718 1083 2764 scripsit
1114 2716 1231 2763 (Stob.
1257 2715 1292 2750 X
1325 2720 1379 2752 77.
1411 2714 1510 2761 fugit
1539 2714 1601 2750 hic
1630 2714 1735 2751 locus

208 2767 246 2802 et
274 2767 314 2803 O.
335 2765 560 2802 'Schneideri
585 2765 823 2811 diligentiam
850 2768 885 2801 et
907 2766 1240 2809 Westermannum,
1267 2763 1332 2808 qui
1357 2763 1533 2798 Archelai
1557 2763 1735 2807 reliquias

209 2814 444 2859 composuit),
470 2813 534 2858 qui
560 2813 715 2848 subinde
740 2813 1004 2859 intempestive
1036 2811 1271 2860 grammatici
1301 2822 1500 2856 personam
1527 2809 1656 2857 ipduit
1682 2812 1731 2856 (v.

211 2862 314 2897 Stob.
343 2862 374 2897 V
401 2861 464 2906 60)
496 2861 559 2906 qui
591 2861 777 2897 Platonici
809 2861 988 2898 sermonis
1019 2860 1161 2896 lumina
1197 2860 1376 2903 sectatur,
1408 2859 1479 2893 hoc
1510 2857 1638 2893 Iudaei
1669 2858 1734 2893 ho-

208 2909 318 2992 1111ῃέ11
344 2909 581 2955 opusculum,
615 2908 646 2944 si
678 2908 828 2954 quidem
860 2908 983 2953 nevit,
1015 2906 1221 2944 testimonii
1252 2907 1391 2942 honore
1417 2906 1518 2941 haud
1543 2905 1656 2941 fuerit
1680 2906 1734 2941 di-

208 2968 282 3002 gna
300 2968 353 2991 us.
