1890 3216
789 224 809 235 x

851 230 1022 268 SOLON.
1656 233 1707 273 51

847 341 918 384 27.
952 341 1028 395 [3.]
1587 365 1602 381 -.
1644 353 1711 383 431

98 418 102 419 ⁷
172 454 179 457 -
238 428 357 477 Παῖς
387 423 470 482 μὲν
502 422 671 481 ἄνηβος
703 421 790 468 ἐὼν
822 426 886 467 ἔτι
917 422 1079 480 νήπιος
1110 423 1238 480 ἕρκος
1270 421 1475 467 ὀδόντων

296 495 446 555 φύσας
478 494 682 553 ἐκβάλλει
713 498 894 555 πρῶτον
927 496 976 540 ἐν
1008 493 1101 540 ἕπτ’
1139 498 1299 539 ἔτεσιν·

235 566 343 621 τοὺς
374 566 416 612 δ’
452 567 630 623 ἑτέρους
662 565 736 612 ὅτε
768 566 824 625 δὴ
857 568 1010 626 τελέσῃ
1043 565 1153 619 θεὸς
1186 565 1278 610 ἕπτ’
1315 566 1569 624 ἐνιαυτούς,

297 638 410 698 ἥβης
441 641 645 697 ἐκφαίνει
677 638 852 698 σήματα
884 640 1164 697 γεινομένης·

189 724 212 757 5
235 714 290 772 τῇ
321 711 502 771 τριτάτῃ
536 711 586 757 δὲ
618 712 794 770 γένειον
827 709 1082 769 ἆεξομένων
1116 714 1180 756 ἔτι
1211 714 1354 768 γυίων

261 855 320 892 Fr.
347 860 403 893 27.
455 857 647 903 Integram
673 856 772 892 hano
797 855 960 914 elegiam
986 856 1229 892 servaverunt
1253 854 1364 890 Philo
1391 855 1436 891 de
1469 855 1556 901 opif.
1585 856 1715 892 mundi

165 915 214 960 p.
223 903 317 940 24A
342 905 397 941 ed.
424 904 596 941 Francos.
618 906 758 950 (1691):
785 917 853 944 τας
878 900 1026 948 ἡλικίας
1051 901 1192 944 ταύτας
1218 899 1415 948 ανέγραψε
1443 904 1507 939 καὶ
1534 901 1665 940 Σόλων
1693 903 1713 940 ὁ

164 952 239 988 τῶν
274 949 485 997 Ἀθηναίων
523 951 755 1009 νομοθέτης
776 949 924 998 ἐλεγεῖα
956 963 1118 1008 ποιησας
1150 949 1261 987 τάδε·
1300 954 1416 992 Παῖς
1454 965 1536 1010 μεν
1568 956 1642 988 κτλ.
1678 955 1716 988 et

166 1000 282 1038 Clem.
303 1000 409 1036 AleX.
431 1000 503 1038 Str.
524 1000 576 1036 VI
597 1005 683 1037 814:
710 997 778 1041 τάς
802 1012 841 1035 τε
870 999 945 1035 τῶν
971 996 1137 1057 ἡλικιῶν
1154 996 1366 1048 μεταβολὰς
1391 997 1487 1035 κατὰ
1517 996 1714 1048 ἑβδομάδα

166 1049 346 1094 γίνεσθαι
370 1045 547 1090 Σόλωνος
579 1046 622 1084 αἵ
653 1045 816 1094 ἐλεγεῖαι
849 1049 895 1094 δη
899 1047 1028 1084 λοῦσιν
1062 1041 1137 1083 ὧδέ
1169 1058 1265 1088 πως·
1304 1061 1394 1088 παις
1420 1046 1490 1094 μὲν
1516 1051 1591 1083 κτλ.
1643 1049 1715 1084 huc

163 1095 320 1142 respicit
344 1096 459 1132 etiam
486 1097 520 1133 V
542 1100 622 1133 714.
658 1096 753 1132 Add.
782 1095 1000 1131 Ambrosius
1026 1095 1092 1141 Ep.
1114 1095 1165 1130 Vl
1187 1099 1243 1131 39.
1283 1095 1439 1142 Legitur
1458 1095 1582 1153 elegia
1601 1097 1715 1132 etiam

169 1143 209 1180 in
242 1143 331 1181 eod.
363 1144 482 1181 Paris.
510 1155 569 1190 ap.
597 1143 750 1180 Cramer
780 1143 850 1179 An.
877 1144 958 1180 Par.
987 1144 1004 1178 Ι
1029 1147 1092 1179 46:
1132 1140 1381 1188 Ηρωελεγεῖα
1413 1140 1590 1184 Σόλωνος
1623 1142 1718 1199 πρὸς

170 1193 390 1238 περίστασιν
415 1189 572 1238 ἡλικιῶν
599 1192 753 1238 (notabo
779 1191 909 1228 littera
935 1190 988 1237 C),
1015 1194 1054 1227 et
1078 1192 1248 1238 Apostol.
1275 1191 1362 1227 XIV
1390 1195 1445 1227 94.
1496 1192 1596 1238 Resp
1598 1191 1718 1228 iciunt

168 1240 242 1276 huc
268 1239 458 1276 Censorin.
485 1241 532 1276 de
557 1240 619 1276 die
649 1242 726 1276 nat.
755 1251 784 1276 c.
814 1243 858 1275 14
895 1239 1075 1284 (Macr0b‚
1102 1239 1140 1274 in
1169 1239 1292 1275 Somn.
1322 1238 1419 1299 Seip.
1447 1240 1462 1274 I
1489 1240 1525 1284 6)
1552 1245 1591 1276 et
1616 1241 1716 1276 haud

169 1287 284 1324 dubie
309 1287 669 1324 Aristot.Pol.V11
698 1292 843 1346 14,11:
870 1285 968 1324 κατὰ
995 1285 1064 1333 τὴν
1091 1287 1157 1333 τῆς
1182 1288 1356 1328 διανοίας
1381 1285 1522 1345 ἀκμήν
1550 1283 1648 1334 αὕτη
1674 1284 1714 1324 δ’

92 1340 96 1343 ’
168 1333 269 1372 ἐστὶν
303 1333 344 1372 ἒν
377 1340 456 1377 τοις
487 1338 675 1377 πλείστοις
706 1333 826 1392 ἤνπερ
862 1336 949 1371 τῶν
989 1336 1191 1393 ποιητῶν
1230 1334 1354 1376 τινὲς
1393 1332 1635 1393 εἰρήκασιν
1674 1334 1719 1372 οἷ

92 1420 94 1423 ,
166 1384 450 1442 μετροῦντες
486 1389 588 1426 ταις
609 1381 882 1445 ἑβδομάσιν
922 1380 1003 1430 τὴν
1040 1380 1245 1429 ἡλικίαν,
1290 1383 1395 1441 περὶ
1433 1381 1510 1419 τὸν
1548 1382 1716 1430 χρόνον

166 1445 255 1467 των
281 1429 575 1490 πεντήκοντα
602 1429 727 1468 ἔτων.
779 1443 822 1468 ac
847 1443 973 1468 rursus
999 1431 1069 1466 Vll
1098 1435 1153 1476 15,
1182 1436 1243 1467 11:
1279 1429 1360 1467 Δύο
1387 1429 1425 1466 δ’
1453 1431 1548 1467 εἰσὶν
1573 1431 1715 1491 ἡλικίαι

165 1477 259 1525 πρὸς
283 1493 334 1520 ας
357 1476 572 1526 αναγκαῖον
606 1480 815 1537 διῃρῆσθαι
843 1478 915 1537 τὴν
947 1480 1147 1537 παιδείαν,
1181 1477 1275 1525 μετὰ
1307 1477 1376 1524 τὴν
1409 1476 1485 1515 απὸ
1519 1480 1594 1515 τῶν
1621 1477 1715 1515 ἔπτὰ

166 1526 281 1612 ’ἔέἶξῖῗ
302 1517 792 1634 η.’ῗ«ηῑξ.ρ”“ἒαζζάὲ’ἔὸέῗέἓι
811 1523 1349 1621 τέιίιῗᾶνέεἷηίὰὲεᾜικῖῗέ
1370 1523 1716 1634 ..ifffflsi‘z‘ssffi

166 1622 341 1681 λέγουσιν
381 1620 427 1660 οὗ
466 1624 589 1664 καλῶς
627 1621 734 1670 (corr.
769 1635 854 1659 cum
885 1624 1032 1659 Mureto
1068 1624 1252 1670 κακῶς),
1289 1624 1356 1659 δει
1380 1622 1422 1658 δε
1455 1623 1498 1670 τῇ
1533 1622 1718 1670 διαιρέσει

165 1672 233 1718 τῆς
270 1669 422 1717 φύσεως
461 1669 753 1708 επακολουθεῖν.
805 1671 929 1717 Atque
974 1671 1068 1707 alias
1113 1683 1261 1717 quoque
1299 1660 1516 1717 philosophi
1553 1672 1717 1708 rationes

166 1719 280 1766 plane
320 1722 531 1765 congruunt
565 1731 651 1755 cum
682 1720 754 1755 hac
793 1719 933 1766 elegia,
971 1719 1077 1755 velut
1112 1719 1338 1755 testificatur
1367 1718 1463 1754 Hist
1496 1721 1567 1754 An.
1593 1719 1663 1755 VII
1698 1724 1715 1754 1

168 1767 254 1805 coll.
274 1780 309 1804 v.
330 1772 362 1804 5.
385 1771 417 1803 6.
445 1769 485 1803 et
508 1767 620 1804 Rhet.
647 1768 682 1803 II
709 1772 754 1803 14
780 1767 864 1804 coll.
885 1779 920 1804 v.
942 1771 962 1803 9
978 1779 1054 1813 seq.
1098 1767 1194 1803 Hinc
1227 1767 1318 1803 satis
1349 1778 1532 1813 superque
1559 1768 1719 1814 apparet

167 1826 274 1852 secus
311 1815 555 1861 iudicavisse,
594 1816 658 1861 qui
693 1817 753 1851 sat
783 1815 932 1851 levibus
963 1815 1196 1861 argumentis
1227 1814 1287 1850 usi
1319 1815 1418 1850 hanc
1450 1814 1612 1861 elegiam
1643 1827 1718 1852 non

167 1864 288 1899 solum
315 1863 445 1899 soloni
469 1862 803 1907 abiudicaverunt,
839 1864 904 1899 sed
935 1863 1051 1899 etiam
1084 1863 1286 1899 admodum
1312 1863 1499 1899 noviciam
1525 1874 1607 1898 esse
1634 1875 1717 1899 cen-

135 1945 138 1947 .
168 1912 323 1948 suerunt
348 1910 436 1956 (vid.
457 1910 583 1955 infra).
618 1892 855 1956 Aristotel'es,
882 1923 967 1947 cum
992 1911 1143 1957 poetas,
1173 1922 1248 1947 non
1273 1911 1439 1947 medicos
1465 1911 1526 1947 vel
1550 1911 1717 1957 philoso-

167 1958 262 2006 phos
280 1959 521 2004 testificetur,
546 1958 694 1996 Solonis
715 1971 851 1995 nomen
870 1958 959 1995 huic
978 1959 1148 2005 poemati
1167 1958 1390 2005 inscriptum
1410 1959 1559 1995 abunde
1579 1961 1716 1995 tuetur.

168 2007 224 2044 De
250 2006 368 2043 simili
386 2006 630 2053 Hippocratis
657 2007 846 2044 sententia
865 2007 939 2043 vid.
961 2008 1157 2053 praeterea
1176 2006 1310 2042 Pollux
1330 2007 1364 2042 II
1384 2011 1399 2042 1
1430 2009 1469 2043 et
1487 2006 1717 2043 Boissonade

167 2054 307 2091 Anecd.
334 2055 368 2090 II
388 2059 469 2091 455.
515 2055 621 2091 Adde
647 2055 883 2102 Daremberg
907 2055 1074 2091 Extraits
1100 2055 1146 2091 de
1171 2054 1261 2091 Msc.
1288 2054 1486 2091 medicaux
1510 2068 1546 2101 p.
1571 2059 1649 2092 141.
1672 2075 1716 2081 —

167 2102 328 2148 Porson,
353 2103 520 2147 Franks,
555 2103 622 2139 alii
646 2104 744 2139 hanc
771 2103 918 2140 Solonis
944 2103 1107 2150 elegiam
1133 2103 1174 2139 in
1200 2103 1451 2150 suspicionem
1477 2103 1717 2147 vocaverunt,

168 2151 324 2187 iniuria:
358 2162 447 2187 nam
471 2153 585 2187 tenue
611 2152 683 2188 hoc
716 2153 983 2198 argumentum
1015 2151 1130 2187 etiam
1156 2151 1337 2187 orationis
1364 2151 1575 2187 exilitatem
1600 2162 1714 2205 quan—

171 2198 259 2235 dam
295 2198 471 2244 requirit,
489 2211 628 2254 neque
667 2211 764 2245 quae
797 2199 893 2235 dixit
925 2199 1040 2236 Solon
1065 2199 1110 2235 fr.
1138 2203 1183 2235 20
1210 2212 1242 2236 v.
1270 2203 1293 2234 4
1330 2199 1575 2234 adversantur
1608 2198 1717 2234 huius

171 2246 317 2293 elegiae
335 2259 371 2283 v.
388 2250 444 2291 16,
469 2246 501 2283 si
519 2248 732 2284 accuratius
741 2247 995 2305 inquisiveris
1014 2247 1055 2283 in
1072 2247 1267 2292 utriusque
1288 2246 1464 2283 carminis
1489 2246 1716 2282 institutum.

171 2315 217 2321 -—
244 2295 288 2332 V.
315 2299 348 2331 2.
375 2292 457 2331 ἐν“
445 2292 544 2340 ἕπτ’,
569 2295 596 2331 O
624 2291 707 2331 ἕπτ’
735 2291 796 2332 div.
825 2317 867 2321 —
902 2295 945 2331 V.
973 2300 1006 2331 3.
1042 2294 1174 2342 τελέσῃ
1202 2295 1396 2339 Schaefer,
1421 2294 1537 2341 vulgo
1564 2292 1716 2330 τελεσει.

169 2342 372 2389 Perperam
401 2342 535 2379 Sitzler
565 2343 731 2380 tentavit
761 2339 882 2379 τελεσ’
910 2341 1048 2391 ᾔθεος,
1079 2355 1168 2379 nam
1199 2342 1426 2379 indicativus
1458 2343 1504 2378 ab
1532 2343 1602 2378 hoc
1635 2343 1717 2378 loco

169 2401 319 2436 prorsus
346 2390 505 2436 alienus,
535 2403 656 2437 neque
682 2393 826 2438 septem
853 2403 971 2428 annos
997 2393 1108 2427 natus
1133 2402 1251 2436 usque
1285 2390 1334 2425 ad
1365 2402 1503 2426 annum
1538 2391 1717 2447 quartum

171 2438 358 2475 decimum
394 2420 542 2498 ᾔθεος,
586 2439 651 2475 sed
694 2444 784 2481 παῖς
820 2441 993 2483 vocatum
1037 2439 1113 2476 vid.
1146 2439 1204 2474 Et.
1238 2439 1286 2475 M.
1321 2442 1407 2482 422,
1441 2442 1486 2474 40
1527 2435 1662 2483 ἠίθεος
1695 2435 1714 2473 ὁ

124 2531 128 2536 η
172 2499 331 2531 απειρος
356 2485 480 2533 γάμου
506 2486 593 2529 νέος
618 2483 695 2523 ἀπὸ
725 2484 819 2523 ε’τῶν
853 2484 1141 2532 δεκατεσσαρων
1169 2485 1239 2526 ε’ως
1265 2484 1715 2522 δεκαοκτώ.Τ1·8.(111-.3.ῐη

173 2535 398 2581 scripturam
426 2534 518 2571 satis
543 2535 671 2572 tuetur
695 2540 886 2572 v.17.-—
915 2535 957 2570 V.
985 2539 1016 2570 4.
1052 2532 1247 2580 ἐκφαίνει,
1275 2534 1302 2570 O
1328 2533 1370 2570 δὲ
1399 2535 1550 2580 φαίνει,
1575 2545 1633 2580 ap.
1662 2532 1714 2568 Cl.

172 2581 252 2620 cod.
272 2583 355 2618 Par.
383 2581 425 2619 δὲ
453 2584 649 2642 φανειᾞσης
679 2605 722 2609 -
749 2581 898 2630 σήματα
923 2582 1032 2618 Philo
1059 2583 1128 2629 Ap.
1150 2582 1189 2627 C,
1217 2580 1412 2628 σπέρματα
1440 2581 1492 2618 Cl.
1523 2603 1564 2607 —-
1580 2594 1713 2639 γεινο-

172 2628 306 2677 μένης,
337 2629 540 2677 γινομένης
564 2630 654 2677 Ap.‚
686 2631 903 2690 γενομένων
931 2630 1012 2667 cod.
1040 2631 1149 2666 Laur.
1177 2630 1231 2666 Cl
1265 2651 1310 2656 -
1342 2630 1386 2665 V.
1414 2633 1446 2666 5.
1485 2627 1655 2676 τριτάτη,
1689 2628 1716 2664 C

171 2679 287 2726 τρίτῃ.
315 2699 357 2704 -
387 2677 430 2715 δὲ
457 2690 530 2715 om.
556 2679 676 2715 Philo.
706 2701 750 2706 -—
776 2678 945 2725 γένειον,
971 2678 1101 2738 γένεια
1121 2679 1205 2724 Ap.
1230 2677 1334 2724 γένει
1354 2678 1393 2713 C.
1420 2698 1464 2703 —
1493 2676 1547 2711 ἔτι
1574 2676 1715 2733 scripsi,

197 2715 273 2763 uod
298 2726 414 2762 etiam
433 2725 630 2773 Emperius
656 2727 834 2771 coniecit,
862 2727 984 2772 legeb.
1006 2723 1079 2762 ἐπὶ.
1106 2725 1176 2785 ΑΡ.
1200 2725 1252 2762 Cl.
1274 2726 1354 2762 cod.
1375 2725 1483 2760 Laur.
1505 2721 1715 2768 ἀεξόμενον

194 2772 420 2820 πὶγενύων.
470 2775 547 2811 Α111
577 2775 736 2812 fortasse
768 2775 947 2830 legebant
976 2774 1021 2832 τῇ
1055 2773 1205 2821 τριτάτῃ
1239 2772 1280 2808 δε
1317 2771 1464 2830 γένειον
1497 2769 1715 2828 αεξομένων

172 2834 248 2858 οτε
275 2823 393 2868 γυίων
417 2823 624 2868 λα’χνοῦται
651 2852 658 2860 .
681 2852 688 2859 .
711 2851 718 2859 .
741 2849 749 2858 .
775 2823 824 2870 τῇ
852 2835 897 2858 τε
924 2835 1082 2868 τεταρτῃ
1106 2822 1182 2862 πᾶς
1202 2834 1256 2861 τις
1277 2818 1318 2856 ἐν
1346 2816 1600 2867 ἕβδομασιν
1626 2818 1694 2864 μέγ

173 2866 343 2914 ἄριστος,
368 2871 568 2916 utrumque
595 2871 784 2907 distichon
810 2871 915 2906 arcta
939 2869 1216 2905 necessitudine
1236 2867 1461 2912 vincientes,
1486 2878 1606 2911 neque
1626 2877 1715 2902 vero

173 2917 381 2963 probabilis
406 2918 500 2955 haec
531 2919 642 2955 ratio.
694 2918 842 2954 Solonis
874 2917 933 2952 his
967 2917 1133 2953 versibus
1166 2916 1223 2951 usi
1256 2917 1359 2960 sunt,
1396 2915 1460 2960 qui
1485 2915 1530 2950 de
1557 2926 1603 2960 ep
1606 2914 1718 2949 hebia.

174 2964 303 3002 Attica
321 2967 566 3021 commentati
585 2965 681 3011 sunt,
708 2966 752 3002 ef.
768 2965 944 3001 Schaefer
962 2965 1154 3001 Demosth.
1176 2963 1227 2998 ΠΙ
1249 2969 1282 3008 2,
1304 2967 1361 3008 22,
1388 2963 1451 2998 sed
1470 2961 1718 3008 neglexerunt

174 3011 206 3048 si
230 3014 331 3049 recte
355 3013 511 3050 memini
528 3013 715 3060 insignem
734 3014 858 3050 locum
881 3012 1021 3049 Teletis
1040 3010 1258 3081 philosophi
1283 3023 1343 3057 ap.
1365 3009 1467 3047 Stob
1489 3010 1639 3046 XCVIII
1660 3014 1715 3045 72.

1380 3069 1429 3105 4*
