1890 3216
223 177 280 224 32
758 180 953 218 ΡοΕΤΑΕ
978 180 1217 218 ELEG-IACI.

875 303 954 345 -174
986 303 1091 355 [14]
1683 312 1753 343 414
1787 275 1798 299 ‘

294 388 498 436 Παίονας
532 383 700 441 ἄνδρας
732 381 876 439 ἄγων,
908 385 983 427 ἵνα
1004 400 1066 429 ,τεν
1090 381 1266 426 κλειτόν
1298 383 1428 438 γένος
1458 385 1617 427 ἵππων.

958 487 1063 545 18.’

346 591 491 630 Athen.
512 590 569 628 IV
590 604 627 641 p.
652 589 798 629 174A:
824 583 868 627 ‘O
894 583 930 626 δ’
967 583 1084 636 αὐτὸς
1109 583 1354 664 (9Δημήτριος
1379 585 1400 629 ὃ
1426 585 1628 642 Σκήψιος)
1653 589 1756 630 ἱστο-

227 659 290 708 ρεῖ
314 652 390 695 κᾶν
427 658 479 712 τῷ
510 652 672 710 τετάρτῳ
704 652 771 694 καὶ
803 653 961 708 εἰκοστῷ
991 655 1060 704 τῆς
1092 648 1213 704 αὐτῆς
1252 654 1514 707 πραγματείας
1554 649 1758 708 (Τρωϊκοῦ

223 717 457 773 διακόσμου)
492 721 674 771 Δαίτην
707 714 782 773 (sie
813 718 892 770 BC,
927 694 1064 757 δαίταν
1094 713 1269 772 PVL)‘
1251 715 1363 770 η’ρωα
1399 715 1618 771 τιμώμενον
1648 714 1755 771 παρὰ

220 789 301 834 τοῖς
330 786 502 839 Τρωσίν,
535 778 583 825 οὗ
616 781 878 837 μνημονεύειν
907 784 1154 836 Μίμνερμον.
1187 782 1245 823 Cf.
1266 784 1379 823 Eust.
1407 785 1457 824 ad
1478 783 1548 824 Od.
1567 798 1606 835 p.
1629 786 1755 836 1413,

224 853 291 892 23.
335 852 438 891 Item
465 852 632 902 Spaitae
659 864 734 891 see.
755 850 1004 889 Demetrium
1031 850 1266 889 colebantur
1291 850 1433 890 heroes
1459 849 1616 889 Δαίτων
1642 844 1755 904 (eun-

223 918 312 956 dem
332 913 535 956 Ματτωνα
567 918 663 956 dicit
689 917 852 955 Polemo
878 928 940 965 ap.
967 915 1114 955 Athen.
1147 915 1189 954 II
1216 917 1269 955 39
1293 911 1343 969 O)
1376 918 1417 955 et
1442 911 1621 968 Κεραων.
1659 915 1757 955 Δαί-

222 997 309 1033 της,
341 995 512 1032 quocum
544 985 635 1032 apte
669 994 880 1032 componas
907 977 1135 1032 Ἰσοδαίτης,
1168 981 1290 1020 etiam
1321 982 1555 1032 appellativi
1586 981 1758 1021 nominis

225 1049 311 1087 loco
343 1050 448 1099 erat,
480 1049 592 1087 velut
623 1048 665 1086 in
690 1047 895 1097 Euripidis
920 1046 1116 1094 versibus,
1148 1059 1247 1097 quos
1274 1046 1469 1098 Porphyr.
1495 1047 1544 1085 de
1577 1046 1681 1086 abst.
1699 1044 1759 1084 IV

229 1115 280 1151 19
303 1112 531 1162 adscripsit:
564 1110 629 1151 καὶ
658 1108 896 1152 νυκτιπόλου
916 1110 1098 1165 Ζᾶγρέως
1123 1112 1353 1164 βρονταῖς
1378 1107 1490 1159 τοὺς
1516 1107 1757 1165 ὠμοφάγους

224 1177 248 1215 δ
255 1177 389 1225 αίτας
419 1175 589 1227 τελέσας,
631 1178 702 1216 ubi
732 1190 926 1229 perquam
963 1178 1098 1229 inepte
1130 1178 1280 1228 legitur
1311 1174 1478 1230 βροντὰς
1515 1174 1583 1226 τοὶς
1613 1173 1649 1217 τ’
1685 1169 1775 1230 ὥμζ

227 1242 370 1289 δαῖτας.
423 1243 542 1282 Recte
581 1257 644 1282 me
681 1256 894 1294 procurare
926 1243 1115 1282 mendum
1147 1245 1383 1293 argumento
1417 1245 1510 1283 sunt
1542 1243 1760 1294 Hesychia-

227 1321 298 1346 nae
325 1309 500 1358 glossae,
527 1321 627 1359 quae
653 1309 730 1347 huo
754 1309 1005 1348 referendae:
1038 1303 1279 1362 ὠμοφάγους
1306 1308 1439 1356 δαῖτας
1466 1303 1558 1361 (sor.
1586 1301 1758 1361 δαίτας)·

225 1370 315 1421 τοὺς
346 1370 390 1413 τὰ
424 1369 510 1426 ὠμὰ
541 1371 634 1426 κρέα
661 1373 884 1428 μερίζοντας
909 1372 974 1413 καὶ
1001 1372 1206 1422 ἐσθίοντας
1238 1376 1279 1413 et
1310 1373 1465 1421 δαίτας·
1499 1368 1687 1425 μεριστάς.

891 1491 1097 1544 19.[16]

344 1577 499 1616 Aelian.
521 1577 569 1617 V.
600 1566 704 1617 Hist.
725 1576 803 1614 XII
825 1578 899 1616 36:
926 1572 1127 1616 Ἐοίκασιν
1147 1575 1188 1615 οἱ
1204 1571 1360 1628 ἆρχαῖοι
1379 1570 1477 1627 ὑπὲρ
1496 1576 1564 1614 τοῦ
1584 1570 1759 1627 ἆροθμοῢ

227 1644 304 1681 τῶν
335 1640 404 1693 τῆς
430 1638 587 1694 Νιόβης
613 1642 771 1682 παίδων
796 1638 848 1694 μὴ
876 1639 1063 1698 συνᾴδειν
1088 1637 1271 1693 ἀλλήλοις
1290 1672 1298 1680 .
1320 1671 1328 1680 .
1350 1672 1358 1681 .
1379 1640 1614 1693 Μίμνερμος
1639 1639 1760 1680 εἴκοσι

225 1706 290 1746 καὶ
323 1708 525 1760 Πίνδαρος
555 1705 775 1757 τοσούτους.

889 1801 1099 1869 203[17]

346 1887 549 1927 Plutarch.
582 1888 630 1927 de
661 1888 736 1928 fac.
767 1888 809 1926 in
841 1887 936 1927 orbe
967 1887 1049 1926 lun.
1082 1899 1113 1927 e.
1150 1888 1221 1925 19:
1260 1885 1316 1924 Εἰ
1352 1882 1394 1924 δὲ
1431 1880 1483 1937 μὴ
1521 1881 1634 1923 Θέων
1664 1878 1760 1935 ἡμῖν

227 1945 341 2000 οὗτος
365 1949 434 1992 τόν
453 1954 693 2006 Μίμνερμον
713 1950 845 2001 ἐπάξει
870 1950 936 1992 καὶ
960 1947 1029 1992 τὸν
1047 1950 1208 1990 Κυδίαν
1232 1948 1298 1990 καὶ
1317 1945 1385 1990 τὸν
1400 1946 1636 2003 Ἀρχίλοχον,
1661 1943 1761 2000 πρὸς

228 2014 269 2055 δὲ
294 2013 445 2066 τούτοις
469 2014 538 2058 τὸν
564 2019 808 2071 Στησίχορον
833 2016 898 2057 καὶ
922 2013 991 2057 τὸν
1017 2016 1226 2070 Πίνδαρον
1252 2015 1295 2055 ἐν
1319 2019 1402 2064 ταῖς
1427 2014 1647 2066 ἐκλείψεσιν
1671 2009 1760 2053 ὀλο-

227 2081 478 2135 φυρομένους
496 2079 565 2123 τὸν
586 2080 864 2136 φανερώτατον
883 2080 1146 2136 κλεπτόμενον
1169 2080 1236 2122 καὶ
1256 2080 1358 2137 μέσῳ
1378 2077 1494 2133 ἄματι
1514 2078 1589 2133 (sic
1609 2079 1760 2130 Schott,

226 2163 261 2188 v.
294 2144 374 2199 ἅμα
393 2145 484 2202 τὴν)
507 2145 628 2189 νύκτα
653 2147 866 2202 γινομένην
886 2147 952 2188 καὶ
970 2146 1042 2202 τὴν
1062 2145 1200 2188 ἀκτῖνα
1225 2150 1294 2188 τοῦ
1319 2143 1433 2199 ἡλίου
1459 2142 1623 2193 σκότους
1647 2140 1761 2197 ἄτρα-

225 2208 304 2252 πὸν
325 2244 333 2252 .
354 2242 362 2251 .
384 2243 392 2252 .
413 2210 647 2264 φάσκοντας.
680 2214 751 2254 ubi
769 2215 899 2265 prima
919 2214 1146 2254 Mimnermi
1171 2213 1280 2253 haud
1299 2213 1417 2252 dubie
1438 2213 1543 2262 sunt,
1562 2211 1762 2261 corrigen-

227 2280 320 2318 dum
350 2282 485 2319 autem
511 2277 683 2332 ἄστρον
715 2276 1052 2332 φανερώτατον
1082 2275 1429 2330 κλεπτόμενον,
1463 2289 1564 2328 quae
1591 2288 1762 2326 sequun-

227 2347 293 2383 tur
314 2359 361 2385 ex
375 2347 502 2396 Cydia
522 2341 605 2399 (vel
620 2342 867 2400 Stesichoro)
888 2348 929 2385 et
941 2345 1113 2385 Pindaro
1129 2341 1213 2398 (Fr.
1226 2338 1331 2396 107)
1346 2345 1440 2383 sunt
1457 2342 1604 2393 petita:
1624 2354 1758 2392 quam-

229 2424 347 2461 quam
379 2412 575 2451 Pindarus
609 2424 766 2462 quoque
798 2425 893 2451 voce
924 2405 1186 2462 κλεπτόμενον
1216 2409 1356 2448 utitur.

958 2527 1028 2568 21.

350 2614 516 2664 Argum.
550 2614 668 2664 Soph.
701 2614 864 2664 Antig.:-
897 2613 1132 2664 Μίμνερμος
1170 2608 1213 2649 δέ
1244 2621 1343 2661 φησι
1372 2603 1445 2660 τὴν
1475 2605 1546 2660 μὲν
1572 2603 1760 2660 Ἰσμήνην

228 2682 544 2730 προσομιλοῦσαν
562 2677 817 2733 Θεοκλυμένῳ
832 2674 910 2718 ὑπὸ
928 2676 1086 2725 Τυδέως
1103 2671 1199 2716 κατὰ
1217 2671 1388 2726 Ἀθηνᾶς
1401 2672 1620 2727 ἕγκέλευσιν
1633 2676 1758 2713 τελευ-

228 2745 350 2794 τῆσαι.
382 2745 551 2783 Videtur
573 2745 764 2784 excidisse
784 2745 842 2794 id,
869 2744 974 2794 quod
1000 2745 1048 2782 de
1074 2741 1277 2791 Antigone
1305 2740 1462 2778 dixerat
1487 2740 1757 2779 Mimnermus.

324 2893 381 2927 F1.
412 2898 465 2929 17.
518 2893 842 2930 Sch01.Hon1.11
869 2906 896 2928 π
923 2897 1007 2928 287:
1035 2861 1329 2947 immoquo’mg.
1354 2890 1592 2948 Μίμνερμος,
1618 2889 1758 2924 Παίο

230 2952 310 2979 νας
335 2943 409 2976 κτλ.
437 2940 489 2975 Cf.
518 2941 636 2976 Cram.
663 2942 731 2975 An.
757 2941 840 2978 Par.
867 2942 918 2975 III
944 2944 1024 2984 287,
1054 2943 1072 2973 1
1100 2938 1281 2984 (παιᾶνας
1305 2934 1341 2973 ἅ
1367 2934 1430 2981 ἅ..)
