1890 3216
187 194 275 239 250
538 192 542 197 ’
720 195 913 231 ΡΟΕΤΑΕ
941 195 1176 232 ELEGIACI.

949 302 969 323 ηε

407 376 516 436 [Σῆς]
537 371 671 435 μάκαρ
697 367 726 409 ὦ
753 371 883 410 Παιὰν
906 371 1114 431 Ἀσκληπιέ,
1136 375 1202 419 σῆς
1228 371 1303 410 ὑπὸ
1330 374 1462 421 τέχνης

407 421 570 480 [ιάῙθεὶς
596 420 814 479 Διόφαντος
839 418 999 458 ἀνίατον
1024 419 1145 458 κακὸν
1173 421 1295 481 ἕλκος,

407 467 537 506 οὐκέτι
562 467 817 516 καρκινόπους
836 467 969 528 ἕσφρῶ
997 469 1120 516 μένος,
1123 466 1232 506 ὀὐδ’
1261 450 1323 507 ἐπ’
1352 467 1536 513 ἀκάνθας
1605 500 1607 502 .

306 523 351 554 24
402 515 452 559 ὡς
481 514 616 564 ἀγρίας
643 518 798 566 βαίνων,
824 514 909 554 ἀλλ’
938 515 1104 564 ἀρτίπος,
1131 530 1256 564 ωσπερ
1283 515 1453 564 ὑπέστης.

188 614 273 650 'ries
307 614 433 659 partes
459 613 632 649 carminis
657 613 695 648 in
721 612 784 659 lap
786 612 847 649 ide
872 612 1060 649 asteriscis
1086 613 1268 650 diremtae
1293 615 1387 650 sunt.
1438 615 1578 650 Iterum
1604 614 1723 651 edidit

188 661 413 707 Drttenberg
416 672 455 697 er
481 660 569 697 CIA.
596 660 649 696 III
674 660 759 696 add.
785 673 819 696 n.
849 665 914 697 171
929 672 969 717 a,
995 661 1147 707 repetiit
1164 661 1299 697 Kaibel
1317 661 1411 698 Mus.
1432 661 1550 697 Rhen.
1571 661 1725 698 XXXIV

191 714 268 745 120.
296 730 341 735 -
368 709 411 744 V.
430 713 462 744 2.
489 712 570 753 παῖ,
595 708 861 755 Dittenberger
886 706 957 744 πάι·
979 708 1147 754 requirit,
1172 709 1238 745 sed
1263 720 1423 755 syncope
1449 709 1611 746 admissa
1628 710 1725 746 nihil

187 758 304 793 habet
335 755 560 802 offensionis,
586 767 706 801 neque
738 757 965 804 anapaestus
990 768 1025 793 v.
1051 760 1094 792 10
1125 758 1290 792 extremo
1324 757 1406 793 loco
1441 756 1557 793 iambi
1587 757 1725 795 ascitus

188 804 406 849 tentandus,
446 804 577 841 eadem
614 804 797 840 varietate
833 815 1070 840 numerorum
1105 804 1354 841 Philostratus
1391 816 1478 841 usus
1509 805 1550 840 in
1585 805 1724 851 hymno

188 852 226 887 in
253 851 463 896 Thetidem,
493 852 574 887 vide
600 851 698 887 infra,
722 851 776 887 III
801 863 836 897 p.
863 855 954 887 1321
982 851 1037 887 ed.
1067 856 1100 888 3.
1150 852 1352 898 Perperam
1377 851 1512 888 Kaibel
1535 852 1725 899 logaoedi-

188 912 250 936 cos
278 901 345 936 hos
371 881 576 936 versiculos
603 899 729 935 clodos
761 899 986 945 anapaestos
1009 899 1178 945 appellat
1202 902 1240 935 et
1258 899 1549 936 Wilamowitzio
1574 901 1725 937 auctore

187 947 413 984 inventionis
439 948 590 983 laudem
615 947 663 983 ad
688 947 893 984 Lucianum
919 947 1044 983 refert.
1071 968 1113 973 —
1148 947 1191 984 V.
1218 951 1251 983 8.
1277 945 1390 983 πάλιν
1416 946 1661 994 Cumanudes,
1685 948 1726 984 in

187 995 313 1042 lapide
340 997 396 1031 est
432 997 620 1032 ΒΙΑΛΙΝ.
654 1016 698 1021 -
738 995 781 1030 V.
809 999 866 1031 21.
899 995 983 1051 σῆς
995 994 1184 1052 supplevi,
1219 1008 1247 1030 ω
1283 994 1527 1031 Cumanudes.
1577 976 1723 1032 Ditten-

188 1044 322 1089 berger
346 1044 554 1089 τρίσμακαρ
571 1042 747 1102 scripsit,
779 1041 914 1079 Kaibel
945 1039 1012 1078 σὸν
1039 1040 1182 1088 μάκαρ,
1207 1041 1370 1078 referens
1394 1042 1443 1078 ad
1468 1039 1584 1089 ἐσορῶ
1611 1042 1725 1089 μένος

187 1104 221 1126 ν.
248 1095 303 1126 23.
333 1112 377 1117 —-
409 1090 452 1126 V.
480 1095 535 1126 23.
564 1087 689 1136 ἐσφρῶ
722 1089 835 1136 μένος
866 1089 1013 1136 scripsi,
1045 1071 1279 1144 Cumanudes
1304 1087 1547 1136 ἔσορώμενος,
1572 1091 1636 1128 sed
1660 1091 1723 1128 de-

189 1138 396 1174 sideramus
427 1138 467 1174 in
498 1138 700 1174 novissimo
733 1138 895 1174 carmine
929 1138 1101 1183 verbum,
1134 1149 1218 1174 cum
1248 1137 1288 1173 in
1318 1138 1390 1173 fine
1422 1138 1597 1174 carminis
1627 1138 1724 1175 nihil

189 1187 318 1223 deesse
343 1186 531 1231 videatur3
566 1185 834 1221 animadvertit
864 1185 935 1222 hoc
962 1166 1214 1230 Cumafiudes‚
1247 1185 1312 1221 sed
1343 1186 1443 1245 quod
1469 1183 1585 1232 ἐσορῶ
1611 1185 1725 1232 μένος

188 1233 337 1270 divisim
364 1233 530 1279 scripsit,
565 1245 640 1269 non
671 1233 865 1270 satisfacit.
921 1233 1094 1269 Formam
1125 1233 1357 1269 contractam
1389 1229 1516 1279 ἐσφρῶ
1548 1245 1616 1279 pro
1648 1232 1721 1270 εἰσ-

187 1279 290 1326 φρέω
318 1281 409 1318 satis
448 1283 573 1317 tuetur
603 1280 667 1317 καὶ
700 1278 855 1321 τούτους
879 1278 1025 1321 πάντας
1051 1281 1201 1316 καταδῶ
1228 1280 1380 1316 CIG1·.I
1406 1284 1474 1316 539
1501 1280 1524 1318 i.
1551 1292 1582 1317 e.
1608 1294 1722 1318 κατα-

187 1327 272 1374 δέω,
299 1329 375 1365 alia.
398 1329 437 1365 id
458 1328 615 1375 generis,
642 1329 687 1365 de
714 1328 848 1374 quibus
875 1328 970 1365 dixit
989 1328 1108 1365 Cobet
1127 1327 1493 1365 Var.Lecss.11529.
