<?xml version="1.0" encoding="UTF-8"?>
<!DOCTYPE html PUBLIC "-//W3C//DTD XHTML 1.0 Transitional//EN"
    "http://www.w3.org/TR/xhtml1/DTD/xhtml1-transitional.dtd">
<html xmlns="http://www.w3.org/1999/xhtml" xml:lang="en" lang="en">
 <head>
  <title>
</title>
<meta http-equiv="Content-Type" content="text/html;charset=utf-8" />
  <meta name='ocr-system' content='tesseract 3.04.00' />
  <meta name='ocr-capabilities' content='ocr_page ocr_carea ocr_par ocr_line ocrx_word'/>
</head>
<body>
  <div class='ocr_page' id='page_1' title='image "./poetaelyricigrae02berguoft_0232.png"; bbox 0 0 1890 3216; ppageno 0'>
   <div class='ocr_carea' id='block_1_1' title="bbox 201 158 1188 202">
    <p class='ocr_par' dir='ltr' id='par_1_1' title="bbox 201 158 1188 202">
     <span class='ocr_line' id='line_1_1' title="bbox 201 158 1188 202; baseline -0.006 0"><span class='ocrx_word' id='word_1_1' title='bbox 201 161 287 202; x_wconf 77' lang='grc'><strong>222</strong></span> <span class='ocrx_word' id='word_1_2' title='bbox 734 158 928 196; x_wconf 87' lang='grc' dir='ltr'><strong>ΡΟΕΤΑΕ</strong></span> <span class='ocrx_word' id='word_1_3' title='bbox 953 158 1188 197; x_wconf 77' lang='lat' dir='ltr'><strong>ELEGIACI.</strong></span> 
     </span>
    </p>
   </div>
   <div class='ocr_carea' id='block_1_2' title="bbox 322 266 1736 537">
    <p class='ocr_par' dir='ltr' id='par_1_2' title="bbox 322 266 1736 537">
     <span class='ocr_line' id='line_1_2' title="bbox 325 266 1736 327; baseline 0.001 -16"><span class='ocrx_word' id='word_1_4' title='bbox 325 266 419 312; x_wconf 78' lang='grc' dir='ltr'><strong>Οὐκ</strong></span> <span class='ocrx_word' id='word_1_5' title='bbox 451 271 610 325; x_wconf 78' lang='grc' dir='ltr'><em>ἔραμαι</em></span> <span class='ocrx_word' id='word_1_6' title='bbox 640 268 810 327; x_wconf 78' lang='grc' dir='ltr'><strong><em>κλισμῷ</em></strong></span> <span class='ocrx_word' id='word_1_7' title='bbox 843 268 1057 327; x_wconf 78' lang='grc' dir='ltr'><strong><em>βασιληΐῳ</em></strong></span> <span class='ocrx_word' id='word_1_8' title='bbox 1090 268 1430 323; x_wconf 77' lang='grc' dir='ltr'><strong><em>ἐγκατακεῖσθαι</em></strong></span> <span class='ocrx_word' id='word_1_9' title='bbox 1669 280 1736 312; x_wconf 79' lang='grc'><strong>557</strong></span> 
     </span>
     <span class='ocr_line' id='line_1_3' title="bbox 382 336 1506 395; baseline -0.001 -12"><span class='ocrx_word' id='word_1_10' title='bbox 382 337 597 395; x_wconf 73' lang='grc' dir='ltr'><strong><em>τεθνεώς,</em></strong></span> <span class='ocrx_word' id='word_1_11' title='bbox 629 336 742 382; x_wconf 79' lang='grc' dir='ltr'><strong><em>ἄλλά</em></strong></span> <span class='ocrx_word' id='word_1_12' title='bbox 774 340 821 381; x_wconf 88' lang='grc' dir='ltr'><strong><em>τί</em></strong></span> <span class='ocrx_word' id='word_1_13' title='bbox 847 355 922 394; x_wconf 90' lang='grc' dir='ltr'><strong>μοι</strong></span> <span class='ocrx_word' id='word_1_14' title='bbox 956 340 1084 391; x_wconf 81' lang='grc' dir='ltr'><strong><em>ζῶντι</em></strong></span> <span class='ocrx_word' id='word_1_15' title='bbox 1115 336 1280 394; x_wconf 76' lang='grc' dir='ltr'><strong><em>γένοιτ’</em></strong></span> <span class='ocrx_word' id='word_1_16' title='bbox 1315 336 1506 394; x_wconf 75' lang='grc' dir='ltr'><strong><em>ἀγαθόν.</em></strong></span> 
     </span>
     <span class='ocr_line' id='line_1_4' title="bbox 322 407 1529 466; baseline -0.002 -12"><span class='ocrx_word' id='word_1_17' title='bbox 322 408 580 454; x_wconf 79' lang='grc' dir='ltr'><strong><em>ἄσπάλαθοι</em></strong></span> <span class='ocrx_word' id='word_1_18' title='bbox 613 408 663 453; x_wconf 82' lang='grc' dir='ltr'><strong><em>δε</em></strong></span> <span class='ocrx_word' id='word_1_19' title='bbox 693 408 885 465; x_wconf 80' lang='grc' dir='ltr'><em>τάπησιν</em></span> <span class='ocrx_word' id='word_1_20' title='bbox 917 407 1077 466; x_wconf 79' lang='grc' dir='ltr'><strong><em>ὁμοῖον</em></strong></span> <span class='ocrx_word' id='word_1_21' title='bbox 1110 411 1290 466; x_wconf 78' lang='grc' dir='ltr'><strong><em>στρῶμα</em></strong></span> <span class='ocrx_word' id='word_1_22' title='bbox 1320 408 1529 454; x_wconf 83' lang='grc' dir='ltr'><strong><em>θανόντι·</em></strong></span> 
     </span>
     <span class='ocr_line' id='line_1_5' title="bbox 383 476 1414 537; baseline -0.001 -12"><span class='ocrx_word' id='word_1_23' title='bbox 383 480 432 525; x_wconf 91' lang='grc' dir='ltr'><strong><em>τὸ</em></strong></span> <span class='ocrx_word' id='word_1_24' title='bbox 467 479 602 534; x_wconf 82' lang='grc' dir='ltr'><strong><em>ξύλον</em></strong></span> <span class='ocrx_word' id='word_1_25' title='bbox 634 477 661 536; x_wconf 79' lang='grc' dir='ltr'><em>ἢ</em></span> <span class='ocrx_word' id='word_1_26' title='bbox 694 477 889 537; x_wconf 83' lang='grc' dir='ltr'><strong><em>σκληρὸν</em></strong></span> <span class='ocrx_word' id='word_1_27' title='bbox 920 483 1110 536; x_wconf 79' lang='grc' dir='ltr'><strong><em>γίνεται,</em></strong></span> <span class='ocrx_word' id='word_1_28' title='bbox 1141 476 1169 536; x_wconf 71' lang='grc' dir='ltr'><strong>’ἡ</strong></span> <span class='ocrx_word' id='word_1_29' title='bbox 1202 479 1414 536; x_wconf 83' lang='grc' dir='ltr'><strong><em>μαλακόν.</em></strong></span> 
     </span>
    </p>
   </div>
   <div class='ocr_carea' id='block_1_3' title="bbox 206 572 1567 705">
    <p class='ocr_par' dir='ltr' id='par_1_3' title="bbox 206 572 1567 705">
     <span class='ocr_line' id='line_1_6' title="bbox 206 572 1567 633; baseline -0.001 -12"><span class='ocrx_word' id='word_1_30' title='bbox 206 590 295 621; x_wconf 86' lang='grc'>1195</span> <span class='ocrx_word' id='word_1_31' title='bbox 324 575 446 633; x_wconf 82' lang='grc' dir='ltr'><strong><em>Μήτι</em></strong></span> <span class='ocrx_word' id='word_1_32' title='bbox 478 573 616 627; x_wconf 80' lang='grc' dir='ltr'><strong><em>θεοὺς</em></strong></span> <span class='ocrx_word' id='word_1_33' title='bbox 648 576 857 633; x_wconf 80' lang='grc' dir='ltr'><strong><em>ἐπίορκον</em></strong></span> <span class='ocrx_word' id='word_1_34' title='bbox 890 573 1133 631; x_wconf 82' lang='grc' dir='ltr'><strong><em>ἐπόμνυθι·</em></strong></span> <span class='ocrx_word' id='word_1_35' title='bbox 1167 572 1222 618; x_wconf 84' lang='grc' dir='ltr'><strong>οὐ</strong></span> <span class='ocrx_word' id='word_1_36' title='bbox 1252 573 1338 632; x_wconf 76' lang='grc' dir='ltr'><strong>γὰρ</strong></span> <span class='ocrx_word' id='word_1_37' title='bbox 1371 573 1567 620; x_wconf 80' lang='grc' dir='ltr'><strong><em>ἀνυστόν</em></strong></span> 
     </span>
     <span class='ocr_line' id='line_1_7' title="bbox 382 644 1360 705; baseline -0.001 -13"><span class='ocrx_word' id='word_1_38' title='bbox 382 646 643 699; x_wconf 74' lang='grc' dir='ltr'><strong><em>ἀθανάτους</em></strong></span> <span class='ocrx_word' id='word_1_39' title='bbox 673 646 841 705; x_wconf 81' lang='grc' dir='ltr'><strong><em>κρύψαι</em></strong></span> <span class='ocrx_word' id='word_1_40' title='bbox 872 655 1020 705; x_wconf 82' lang='grc' dir='ltr'><strong><em>χρεῖος</em></strong></span> <span class='ocrx_word' id='word_1_41' title='bbox 1050 644 1360 704; x_wconf 82' lang='grc' dir='ltr'><strong><em>ὀφειλόμενον.</em></strong></span> 
     </span>
    </p>
   </div>
   <div class='ocr_carea' id='block_1_4' title="bbox 203 774 1777 1836">
    <p class='ocr_par' dir='ltr' id='par_1_4' title="bbox 203 774 1777 1776">
     <span class='ocr_line' id='line_1_8' title="bbox 205 774 1740 827; baseline 0 -13"><span class='ocrx_word' id='word_1_42' title='bbox 205 779 237 814; x_wconf 92' lang='grc' dir='ltr'><strong>Α</strong></span> <span class='ocrx_word' id='word_1_43' title='bbox 265 781 286 827; x_wconf 86' lang='grc' dir='ltr'><em>β</em></span> <span class='ocrx_word' id='word_1_44' title='bbox 312 790 382 824; x_wconf 60' lang='lat' dir='ltr'><strong>ern,</strong></span> <span class='ocrx_word' id='word_1_45' title='bbox 414 778 443 813; x_wconf 95' lang='lat' dir='ltr'>O</span> <span class='ocrx_word' id='word_1_46' title='bbox 476 775 667 827; x_wconf 83' lang='grc' dir='ltr'><strong><em>βούλομαι.</em></strong></span> <span class='ocrx_word' id='word_1_47' title='bbox 718 777 895 813; x_wconf 87' lang='lat' dir='ltr'><strong>Mendum</strong></span> <span class='ocrx_word' id='word_1_48' title='bbox 921 787 995 812; x_wconf 93' lang='lat' dir='ltr'><strong>non</strong></span> <span class='ocrx_word' id='word_1_49' title='bbox 1023 777 1174 813; x_wconf 88' lang='lat' dir='ltr'><strong>sustulit</strong></span> <span class='ocrx_word' id='word_1_50' title='bbox 1196 776 1380 813; x_wconf 88' lang='lat' dir='ltr'><strong>Matthiae</strong></span> <span class='ocrx_word' id='word_1_51' title='bbox 1414 774 1619 824; x_wconf 76' lang='grc' dir='ltr'><strong><em>οὐλομένας</em></strong></span> <span class='ocrx_word' id='word_1_52' title='bbox 1650 778 1740 814; x_wconf 87' lang='lat' dir='ltr'><strong>scri-</strong></span> 
     </span>
     <span class='ocr_line' id='line_1_9' title="bbox 204 822 1741 882; baseline 0 -20"><span class='ocrx_word' id='word_1_53' title='bbox 204 828 312 871; x_wconf 90' lang='lat' dir='ltr'><strong>bens,</strong></span> <span class='ocrx_word' id='word_1_54' title='bbox 341 838 428 873; x_wconf 90' lang='lat' dir='ltr'><strong>ego,</strong></span> <span class='ocrx_word' id='word_1_55' title='bbox 461 838 545 861; x_wconf 91' lang='lat' dir='ltr'><strong>cum</strong></span> <span class='ocrx_word' id='word_1_56' title='bbox 570 828 683 862; x_wconf 89' lang='lat' dir='ltr'><strong>antea</strong></span> <span class='ocrx_word' id='word_1_57' title='bbox 708 823 887 882; x_wconf 79' lang='grc' dir='ltr'><strong><em>ἴλάμενας</em></strong></span> <span class='ocrx_word' id='word_1_58' title='bbox 913 824 951 868; x_wconf 92' lang='grc'><strong>(1.</strong></span> <span class='ocrx_word' id='word_1_59' title='bbox 972 835 1003 859; x_wconf 91' lang='lat' dir='ltr'><strong>e.</strong></span> <span class='ocrx_word' id='word_1_60' title='bbox 1023 822 1134 870; x_wconf 87' lang='grc' dir='ltr'><strong><em>θεὸν)</em></strong></span> <span class='ocrx_word' id='word_1_61' title='bbox 1161 825 1421 871; x_wconf 89' lang='lat' dir='ltr'><strong>coniecissem,</strong></span> <span class='ocrx_word' id='word_1_62' title='bbox 1452 837 1549 862; x_wconf 89' lang='lat' dir='ltr'><strong>nunc</strong></span> <span class='ocrx_word' id='word_1_63' title='bbox 1574 826 1741 872; x_wconf 85' lang='lat' dir='ltr'><strong>suspicor</strong></span> 
     </span>
     <span class='ocr_line' id='line_1_10' title="bbox 204 870 1741 929; baseline 0.001 -19"><span class='ocrx_word' id='word_1_64' title='bbox 204 876 356 921; x_wconf 88' lang='lat' dir='ltr'><strong>poetam</strong></span> <span class='ocrx_word' id='word_1_65' title='bbox 401 874 592 919; x_wconf 77' lang='lat' dir='ltr'>scripsisse</span> <span class='ocrx_word' id='word_1_66' title='bbox 635 870 771 918; x_wconf 81' lang='grc' dir='ltr'><strong><em>δώροις</em></strong></span> <span class='ocrx_word' id='word_1_67' title='bbox 809 886 857 909; x_wconf 89' lang='lat' dir='ltr'><strong>ov</strong></span> <span class='ocrx_word' id='word_1_68' title='bbox 869 885 1067 929; x_wconf 86' lang='grc' dir='ltr'><strong><em>ναμενος</em></strong></span> <span class='ocrx_word' id='word_1_69' title='bbox 1103 873 1139 910; x_wconf 85' lang='grc'><strong>11.</strong></span> <span class='ocrx_word' id='word_1_70' title='bbox 1173 885 1203 908; x_wconf 93' lang='lat' dir='ltr'><strong>e</strong></span> <span class='ocrx_word' id='word_1_71' title='bbox 1241 884 1436 909; x_wconf 88' lang='lat' dir='ltr'><strong>munerum</strong></span> <span class='ocrx_word' id='word_1_72' title='bbox 1474 885 1562 920; x_wconf 88' lang='lat' dir='ltr'><strong>ope,</strong></span> <span class='ocrx_word' id='word_1_73' title='bbox 1608 874 1741 912; x_wconf 78' lang='lat' dir='ltr'><strong>eadem</strong></span> 
     </span>
     <span class='ocr_line' id='line_1_11' title="bbox 203 916 1740 979; baseline -0.001 -21"><span class='ocrx_word' id='word_1_74' title='bbox 203 923 401 966; x_wconf 71' lang='lat' dir='ltr'><strong>structura,</strong></span> <span class='ocrx_word' id='word_1_75' title='bbox 423 933 497 967; x_wconf 89' lang='lat' dir='ltr'><strong>qua</strong></span> <span class='ocrx_word' id='word_1_76' title='bbox 513 921 796 974; x_wconf 78' lang='lat' dir='ltr'><strong>Aristophanes</strong></span> <span class='ocrx_word' id='word_1_77' title='bbox 799 916 1101 979; x_wconf 59' lang='lat' dir='ltr'><strong>Uffissur‚‘f3112828172¹</strong></span> <span class='ocrx_word' id='word_1_78' title='bbox 1121 918 1258 979; x_wconf 80' lang='grc' dir='ltr'><strong><em>λόγοις,</em></strong></span> <span class='ocrx_word' id='word_1_79' title='bbox 1280 923 1445 962; x_wconf 85' lang='grc' dir='ltr'><strong><em>τελεταις</em></strong></span> <span class='ocrx_word' id='word_1_80' title='bbox 1464 921 1599 957; x_wconf 88' lang='lat' dir='ltr'><strong>dicens.</strong></span> <span class='ocrx_word' id='word_1_81' title='bbox 1629 918 1740 958; x_wconf 89' lang='grc' dir='ltr'><strong><em>Ὄνα-</em></strong></span> 
     </span>
     <span class='ocr_line' id='line_1_12' title="bbox 205 964 1739 1016; baseline 0 -11"><span class='ocrx_word' id='word_1_82' title='bbox 205 983 271 1015; x_wconf 85' lang='grc' dir='ltr'><strong>μαι</strong></span> <span class='ocrx_word' id='word_1_83' title='bbox 291 970 443 1016; x_wconf 83' lang='lat' dir='ltr'><strong>passiva</strong></span> <span class='ocrx_word' id='word_1_84' title='bbox 467 969 587 1004; x_wconf 86' lang='lat' dir='ltr'><strong>forma</strong></span> <span class='ocrx_word' id='word_1_85' title='bbox 612 968 716 1004; x_wconf 89' lang='lat' dir='ltr'><strong>verbi</strong></span> <span class='ocrx_word' id='word_1_86' title='bbox 741 966 956 1014; x_wconf 89' lang='lat' dir='ltr'><strong>primigenii</strong></span> <span class='ocrx_word' id='word_1_87' title='bbox 975 965 1089 1013; x_wconf 85' lang='grc' dir='ltr'><strong><em>ὅνημι</em></strong></span> <span class='ocrx_word' id='word_1_88' title='bbox 1109 964 1290 1014; x_wconf 84' lang='grc' dir='ltr'><strong><em>(ὀνίνημι)</em></strong></span> <span class='ocrx_word' id='word_1_89' title='bbox 1317 980 1401 1004; x_wconf 84' lang='grc'>011111</span> <span class='ocrx_word' id='word_1_90' title='bbox 1421 979 1443 1004; x_wconf 92' lang='lat' dir='ltr'><strong>a</strong></span> <span class='ocrx_word' id='word_1_91' title='bbox 1461 969 1578 1005; x_wconf 86' lang='lat' dir='ltr'><strong>verbo</strong></span> <span class='ocrx_word' id='word_1_92' title='bbox 1603 982 1739 1016; x_wconf 87' lang='grc' dir='ltr'><strong><em>ονομαι</em></strong></span> 
     </span>
     <span class='ocr_line' id='line_1_13' title="bbox 204 1015 1738 1063; baseline 0.001 -11"><span class='ocrx_word' id='word_1_93' title='bbox 204 1029 278 1053; x_wconf 84' lang='grc'>11011</span> <span class='ocrx_word' id='word_1_94' title='bbox 309 1017 510 1052; x_wconf 81' lang='lat' dir='ltr'><strong>admodum</strong></span> <span class='ocrx_word' id='word_1_95' title='bbox 543 1017 744 1062; x_wconf 87' lang='lat' dir='ltr'><strong>discrepet,</strong></span> <span class='ocrx_word' id='word_1_96' title='bbox 776 1018 920 1052; x_wconf 86' lang='lat' dir='ltr'><strong>veteres</strong></span> <span class='ocrx_word' id='word_1_97' title='bbox 951 1015 1233 1051; x_wconf 88' lang='lat' dir='ltr'><strong>Homericorum</strong></span> <span class='ocrx_word' id='word_1_98' title='bbox 1266 1016 1472 1051; x_wconf 84' lang='lat' dir='ltr'><strong>carminum</strong></span> <span class='ocrx_word' id='word_1_99' title='bbox 1504 1016 1738 1063; x_wconf 73' lang='lat' dir='ltr'><strong>interpretes,</strong></span> 
     </span>
     <span class='ocr_line' id='line_1_14' title="bbox 205 1062 1777 1110; baseline 0 -10"><span class='ocrx_word' id='word_1_100' title='bbox 205 1065 360 1110; x_wconf 86' lang='lat' dir='ltr'><strong>singulis</strong></span> <span class='ocrx_word' id='word_1_101' title='bbox 395 1065 489 1100; x_wconf 89' lang='lat' dir='ltr'><strong>locis</strong></span> <span class='ocrx_word' id='word_1_102' title='bbox 515 1063 592 1100; x_wconf 87' lang='lat' dir='ltr'><strong>fere</strong></span> <span class='ocrx_word' id='word_1_103' title='bbox 617 1065 719 1100; x_wconf 86' lang='lat' dir='ltr'><strong>ambi</strong></span> <span class='ocrx_word' id='word_1_104' title='bbox 749 1065 832 1109; x_wconf 86' lang='lat' dir='ltr'><strong>unt,</strong></span> <span class='ocrx_word' id='word_1_105' title='bbox 863 1073 934 1098; x_wconf 89' lang='lat' dir='ltr'><strong>nec</strong></span> <span class='ocrx_word' id='word_1_106' title='bbox 964 1062 1084 1109; x_wconf 86' lang='lat' dir='ltr'><strong>magis</strong></span> <span class='ocrx_word' id='word_1_107' title='bbox 1111 1066 1213 1099; x_wconf 82' lang='lat' dir='ltr'><strong>certa</strong></span> <span class='ocrx_word' id='word_1_108' title='bbox 1238 1064 1433 1109; x_wconf 86' lang='lat' dir='ltr'><strong>scriptura</strong></span> <span class='ocrx_word' id='word_1_109' title='bbox 1485 1063 1588 1108; x_wconf 80' lang='lat' dir='ltr'><strong>Quae</strong></span> <span class='ocrx_word' id='word_1_110' title='bbox 1613 1076 1738 1110; x_wconf 86' lang='lat' dir='ltr'><strong>gram-</strong></span> <span class='ocrx_word' id='word_1_111' title='bbox 1747 1063 1777 1087; x_wconf 61' lang='lat'><strong>›&#39;</strong></span> 
     </span>
     <span class='ocr_line' id='line_1_15' title="bbox 204 1075 1740 1157; baseline -0.001 -9"><span class='ocrx_word' id='word_1_112' title='bbox 204 1113 426 1148; x_wconf 88' lang='lat' dir='ltr'><strong>maticorum</strong></span> <span class='ocrx_word' id='word_1_113' title='bbox 451 1112 625 1157; x_wconf 86' lang='lat' dir='ltr'><strong>princeps</strong></span> <span class='ocrx_word' id='word_1_114' title='bbox 651 1123 696 1146; x_wconf 89' lang='lat' dir='ltr'><strong>ea</strong></span> <span class='ocrx_word' id='word_1_115' title='bbox 721 1075 832 1146; x_wconf 54' lang='lat' dir='ltr'><strong>ge</strong></span> <span class='ocrx_word' id='word_1_116' title='bbox 792 1123 832 1146; x_wconf 88' lang='lat' dir='ltr'><strong>re</strong></span> <span class='ocrx_word' id='word_1_117' title='bbox 858 1110 972 1156; x_wconf 78' lang='lat' dir='ltr'><strong>dixit,</strong></span> <span class='ocrx_word' id='word_1_118' title='bbox 1004 1122 1078 1146; x_wconf 86' lang='grc'>11011</span> <span class='ocrx_word' id='word_1_119' title='bbox 1111 1111 1363 1155; x_wconf 84' lang='lat' dir='ltr'><strong>satisfaciunt;</strong></span> <span class='ocrx_word' id='word_1_120' title='bbox 1394 1122 1480 1147; x_wconf 87' lang='lat' dir='ltr'><strong>nam</strong></span> <span class='ocrx_word' id='word_1_121' title='bbox 1507 1111 1605 1156; x_wconf 87' lang='lat' dir='ltr'><strong>quod</strong></span> <span class='ocrx_word' id='word_1_122' title='bbox 1630 1111 1740 1148; x_wconf 88' lang='lat' dir='ltr'><strong>Butt—</strong></span> 
     </span>
     <span class='ocr_line' id='line_1_16' title="bbox 204 1155 1740 1218; baseline 0 -23"><span class='ocrx_word' id='word_1_123' title='bbox 204 1172 318 1196; x_wconf 90' lang='lat' dir='ltr'><strong>mann</strong></span> <span class='ocrx_word' id='word_1_124' title='bbox 346 1159 454 1195; x_wconf 86' lang='lat' dir='ltr'><strong>Hom.</strong></span> <span class='ocrx_word' id='word_1_125' title='bbox 481 1160 522 1195; x_wconf 91' lang='lat' dir='ltr'><strong>Il.</strong></span> <span class='ocrx_word' id='word_1_126' title='bbox 550 1161 585 1194; x_wconf 76' lang='grc' dir='ltr'><strong>,Ω</strong></span> <span class='ocrx_word' id='word_1_127' title='bbox 610 1163 680 1194; x_wconf 81' lang='lat'><strong>241</strong></span> <span class='ocrx_word' id='word_1_128' title='bbox 713 1156 876 1194; x_wconf 77' lang='grc' dir='ltr'><strong><em>οὔνεσθε</em></strong></span> <span class='ocrx_word' id='word_1_129' title='bbox 905 1159 952 1193; x_wconf 86' lang='lat' dir='ltr'><strong>ad</strong></span> <span class='ocrx_word' id='word_1_130' title='bbox 984 1155 1123 1202; x_wconf 83' lang='grc' dir='ltr'><strong><em>ὅνομαι</em></strong></span> <span class='ocrx_word' id='word_1_131' title='bbox 1153 1159 1316 1218; x_wconf 59' lang='lat' dir='ltr'><strong>rettulit,</strong></span> <span class='ocrx_word' id='word_1_132' title='bbox 1353 1158 1446 1194; x_wconf 85' lang='grc'>1111111</span> <span class='ocrx_word' id='word_1_133' title='bbox 1484 1159 1635 1204; x_wconf 89' lang='lat' dir='ltr'><strong>quidem</strong></span> <span class='ocrx_word' id='word_1_134' title='bbox 1665 1171 1740 1195; x_wconf 92' lang='lat' dir='ltr'><strong>non</strong></span> 
     </span>
     <span class='ocr_line' id='line_1_17' title="bbox 204 1203 1747 1254; baseline 0 -11"><span class='ocrx_word' id='word_1_135' title='bbox 204 1208 402 1254; x_wconf 89' lang='lat' dir='ltr'><strong>probatur:</strong></span> <span class='ocrx_word' id='word_1_136' title='bbox 436 1207 574 1242; x_wconf 87' lang='lat' dir='ltr'><strong>rectius</strong></span> <span class='ocrx_word' id='word_1_137' title='bbox 600 1206 770 1242; x_wconf 85' lang='lat' dir='ltr'><strong>nonnulli</strong></span> <span class='ocrx_word' id='word_1_138' title='bbox 795 1206 1017 1251; x_wconf 73' lang='lat' dir='ltr'><strong>interpretes</strong></span> <span class='ocrx_word' id='word_1_139' title='bbox 1043 1203 1175 1252; x_wconf 81' lang='grc' dir='ltr'><strong><em>ὄνησιν</em></strong></span> <span class='ocrx_word' id='word_1_140' title='bbox 1202 1204 1324 1252; x_wconf 76' lang='grc' dir='ltr'><strong><em>ἔ,χετε</em></strong></span> <span class='ocrx_word' id='word_1_141' title='bbox 1357 1218 1446 1242; x_wconf 91' lang='lat' dir='ltr'><strong>nam</strong></span> <span class='ocrx_word' id='word_1_142' title='bbox 1470 1206 1544 1242; x_wconf 90' lang='lat' dir='ltr'><strong>loci</strong></span> <span class='ocrx_word' id='word_1_143' title='bbox 1568 1207 1747 1243; x_wconf 82' lang='lat' dir='ltr'><strong>instituto</strong></span> 
     </span>
     <span class='ocr_line' id='line_1_18' title="bbox 204 1253 1740 1312; baseline -0.001 -21"><span class='ocrx_word' id='word_1_144' title='bbox 204 1256 318 1301; x_wconf 86' lang='lat' dir='ltr'><strong>plane</strong></span> <span class='ocrx_word' id='word_1_145' title='bbox 346 1254 522 1291; x_wconf 91' lang='lat' dir='ltr'><strong>convenit</strong></span> <span class='ocrx_word' id='word_1_146' title='bbox 542 1254 641 1312; x_wconf 89' lang='lat' dir='ltr'><strong>quod</strong></span> <span class='ocrx_word' id='word_1_147' title='bbox 661 1253 786 1289; x_wconf 86' lang='lat' dir='ltr'><strong>Latini</strong></span> <span class='ocrx_word' id='word_1_148' title='bbox 805 1253 949 1289; x_wconf 89' lang='lat' dir='ltr'><strong>dicunt:</strong></span> <span class='ocrx_word' id='word_1_149' title='bbox 976 1265 1027 1289; x_wconf 78' lang='lat' dir='ltr'><strong>an</strong></span> <span class='ocrx_word' id='word_1_150' title='bbox 1044 1264 1107 1289; x_wconf 82' lang='lat' dir='ltr'><strong>vos</strong></span> <span class='ocrx_word' id='word_1_151' title='bbox 1124 1255 1238 1290; x_wconf 79' lang='lat' dir='ltr'><strong>iuvat.</strong></span> <span class='ocrx_word' id='word_1_152' title='bbox 1277 1253 1429 1309; x_wconf 81' lang='lat' dir='ltr'><strong>Triplex</strong></span> <span class='ocrx_word' id='word_1_153' title='bbox 1453 1254 1508 1290; x_wconf 89' lang='lat' dir='ltr'><strong>ibi</strong></span> <span class='ocrx_word' id='word_1_154' title='bbox 1534 1254 1740 1300; x_wconf 81' lang='lat' dir='ltr'><strong>scripturae</strong></span> 
     </span>
     <span class='ocr_line' id='line_1_19' title="bbox 205 1298 1740 1359; baseline 0 -21"><span class='ocrx_word' id='word_1_155' title='bbox 205 1303 369 1339; x_wconf 88' lang='lat' dir='ltr'><strong>varietas</strong></span> <span class='ocrx_word' id='word_1_156' title='bbox 394 1302 534 1338; x_wconf 86' lang='lat' dir='ltr'><strong>tradita</strong></span> <span class='ocrx_word' id='word_1_157' title='bbox 560 1298 724 1337; x_wconf 75' lang='grc' dir='ltr'><strong><em>οὔνεσθε</em></strong></span> <span class='ocrx_word' id='word_1_158' title='bbox 733 1302 821 1359; x_wconf 88' lang='lat' dir='ltr'><strong>(ita</strong></span> <span class='ocrx_word' id='word_1_159' title='bbox 839 1301 957 1346; x_wconf 90' lang='lat' dir='ltr'><strong>libri),</strong></span> <span class='ocrx_word' id='word_1_160' title='bbox 984 1298 1154 1337; x_wconf 78' lang='grc' dir='ltr'><strong><em>οὕνασθε</em></strong></span> <span class='ocrx_word' id='word_1_161' title='bbox 1181 1301 1355 1347; x_wconf 81' lang='lat' dir='ltr'><strong>(Hesych.</strong></span> <span class='ocrx_word' id='word_1_162' title='bbox 1381 1302 1453 1338; x_wconf 86' lang='lat' dir='ltr'><strong>nisi</strong></span> <span class='ocrx_word' id='word_1_163' title='bbox 1479 1303 1579 1346; x_wconf 89' lang='lat' dir='ltr'><strong>quod</strong></span> <span class='ocrx_word' id='word_1_164' title='bbox 1605 1301 1740 1338; x_wconf 83' lang='lat' dir='ltr'><strong>vitiose</strong></span> 
     </span>
     <span class='ocr_line' id='line_1_20' title="bbox 208 1345 1740 1396; baseline -0.001 -10"><span class='ocrx_word' id='word_1_165' title='bbox 208 1351 387 1396; x_wconf 86' lang='lat' dir='ltr'><strong>scriptum</strong></span> <span class='ocrx_word' id='word_1_166' title='bbox 414 1347 614 1395; x_wconf 82' lang='grc' dir='ltr'><strong><em>οὐλιᾶσθε)</em></strong></span> <span class='ocrx_word' id='word_1_167' title='bbox 641 1350 679 1384; x_wconf 90' lang='lat' dir='ltr'><strong>et</strong></span> <span class='ocrx_word' id='word_1_168' title='bbox 704 1345 869 1384; x_wconf 81' lang='grc' dir='ltr'><strong><em>οὔνοσθε</em></strong></span> <span class='ocrx_word' id='word_1_169' title='bbox 898 1348 1003 1394; x_wconf 86' lang='lat' dir='ltr'><strong>(item</strong></span> <span class='ocrx_word' id='word_1_170' title='bbox 1028 1348 1216 1395; x_wconf 81' lang='lat' dir='ltr'><strong>Hesych.),</strong></span> <span class='ocrx_word' id='word_1_171' title='bbox 1243 1361 1330 1385; x_wconf 88' lang='lat' dir='ltr'><strong>nam</strong></span> <span class='ocrx_word' id='word_1_172' title='bbox 1354 1350 1454 1394; x_wconf 88' lang='lat' dir='ltr'><strong>quod</strong></span> <span class='ocrx_word' id='word_1_173' title='bbox 1479 1348 1740 1386; x_wconf 77' lang='lat' dir='ltr'><strong>A1istarcheae</strong></span> 
     </span>
     <span class='ocr_line' id='line_1_21' title="bbox 206 1395 1739 1442; baseline 0 -9"><span class='ocrx_word' id='word_1_174' title='bbox 206 1398 391 1434; x_wconf 83' lang='lat' dir='ltr'><strong>editiones</strong></span> <span class='ocrx_word' id='word_1_175' title='bbox 429 1397 691 1441; x_wconf 85' lang='lat' dir='ltr'><strong>exhibuerunt,</strong></span> <span class='ocrx_word' id='word_1_176' title='bbox 728 1395 928 1432; x_wconf 85' lang='lat' dir='ltr'><strong>manifesta</strong></span> <span class='ocrx_word' id='word_1_177' title='bbox 966 1398 1023 1432; x_wconf 86' lang='lat' dir='ltr'><strong>est</strong></span> <span class='ocrx_word' id='word_1_178' title='bbox 1060 1397 1253 1433; x_wconf 88' lang='lat' dir='ltr'><strong>correctio.</strong></span> <span class='ocrx_word' id='word_1_179' title='bbox 1303 1397 1522 1442; x_wconf 83' lang='lat' dir='ltr'><strong>Antiquitus</strong></span> <span class='ocrx_word' id='word_1_180' title='bbox 1558 1397 1739 1433; x_wconf 79' lang='lat' dir='ltr'><strong>traditum</strong></span> 
     </span>
     <span class='ocr_line' id='line_1_22' title="bbox 206 1425 1742 1496; baseline -0.001 -15"><span class='ocrx_word' id='word_1_181' title='bbox 206 1443 369 1482; x_wconf 80' lang='grc' dir='ltr'><strong><em>οὕνεσθε</em></strong></span> <span class='ocrx_word' id='word_1_182' title='bbox 397 1445 568 1491; x_wconf 85' lang='lat' dir='ltr'><strong>quamvis</strong></span> <span class='ocrx_word' id='word_1_183' title='bbox 593 1455 616 1480; x_wconf 84' lang='lat' dir='ltr'><strong>a</strong></span> <span class='ocrx_word' id='word_1_184' title='bbox 641 1425 786 1480; x_wconf 82' lang='lat' dir='ltr'><strong>ratione</strong></span> <span class='ocrx_word' id='word_1_185' title='bbox 818 1444 929 1490; x_wconf 86' lang='lat' dir='ltr'><strong>plane</strong></span> <span class='ocrx_word' id='word_1_186' title='bbox 960 1445 1136 1480; x_wconf 83' lang='lat' dir='ltr'><strong>recedens</strong></span> <span class='ocrx_word' id='word_1_187' title='bbox 1168 1455 1366 1496; x_wconf 83' lang='lat' dir='ltr'><strong>germanae</strong></span> <span class='ocrx_word' id='word_1_188' title='bbox 1398 1445 1605 1490; x_wconf 85' lang='lat' dir='ltr'><strong>scripturae</strong></span> <span class='ocrx_word' id='word_1_189' title='bbox 1639 1445 1742 1481; x_wconf 85' lang='lat' dir='ltr'><strong>haud</strong></span> 
     </span>
     <span class='ocr_line' id='line_1_23' title="bbox 206 1491 1739 1550; baseline 0.001 -22"><span class='ocrx_word' id='word_1_190' title='bbox 206 1494 326 1529; x_wconf 83' lang='lat' dir='ltr'><strong>fallax</strong></span> <span class='ocrx_word' id='word_1_191' title='bbox 362 1493 543 1529; x_wconf 89' lang='lat' dir='ltr'><strong>indicium</strong></span> <span class='ocrx_word' id='word_1_192' title='bbox 581 1492 816 1538; x_wconf 85' lang='lat' dir='ltr'><strong>suppeditat:</strong></span> <span class='ocrx_word' id='word_1_193' title='bbox 855 1492 1034 1537; x_wconf 86' lang='lat' dir='ltr'><strong>scriptum</strong></span> <span class='ocrx_word' id='word_1_194' title='bbox 1068 1492 1141 1528; x_wconf 86' lang='lat' dir='ltr'><strong>fuit</strong></span> <span class='ocrx_word' id='word_1_195' title='bbox 1174 1491 1381 1550; x_wconf 82' lang='lat' dir='ltr'><strong>antiquitus</strong></span> <span class='ocrx_word' id='word_1_196' title='bbox 1415 1493 1627 1528; x_wconf 85' lang='grc' dir='ltr'><em>ΟΝΕΣΘΕ</em></span> <span class='ocrx_word' id='word_1_197' title='bbox 1657 1493 1682 1528; x_wconf 93' lang='grc'><strong>1.</strong></span> <span class='ocrx_word' id='word_1_198' title='bbox 1707 1504 1739 1529; x_wconf 81' lang='lat' dir='ltr'><strong>e.</strong></span> 
     </span>
     <span class='ocr_line' id='line_1_24' title="bbox 207 1536 1742 1599; baseline 0 -23"><span class='ocrx_word' id='word_1_199' title='bbox 207 1538 412 1586; x_wconf 82' lang='grc' dir='ltr'><strong><em>οὔνησθε</em></strong></span> <span class='ocrx_word' id='word_1_200' title='bbox 440 1540 623 1599; x_wconf 87' lang='lat' dir='ltr'><strong>producta</strong></span> <span class='ocrx_word' id='word_1_201' title='bbox 646 1539 769 1575; x_wconf 89' lang='lat' dir='ltr'><strong>vocali</strong></span> <span class='ocrx_word' id='word_1_202' title='bbox 793 1541 957 1583; x_wconf 84' lang='lat' dir='ltr'><strong>servata,</strong></span> <span class='ocrx_word' id='word_1_203' title='bbox 984 1550 1094 1584; x_wconf 87' lang='lat' dir='ltr'><strong>quam</strong></span> <span class='ocrx_word' id='word_1_204' title='bbox 1121 1539 1235 1575; x_wconf 84' lang='lat' dir='ltr'><strong>etiam</strong></span> <span class='ocrx_word' id='word_1_205' title='bbox 1258 1537 1460 1585; x_wconf 82' lang='grc' dir='ltr'><strong><em>ὀνήμενος,</em></strong></span> <span class='ocrx_word' id='word_1_206' title='bbox 1487 1536 1641 1586; x_wconf 78' lang='grc' dir='ltr'><strong><em>ὥνήμην</em></strong></span> <span class='ocrx_word' id='word_1_207' title='bbox 1666 1539 1742 1576; x_wconf 75' lang='lat' dir='ltr'><strong>alia</strong></span> 
     </span>
     <span class='ocr_line' id='line_1_25' title="bbox 205 1584 1742 1633; baseline -0.001 -9"><span class='ocrx_word' id='word_1_208' title='bbox 205 1591 378 1632; x_wconf 85' lang='lat' dir='ltr'><strong>tuentur,</strong></span> <span class='ocrx_word' id='word_1_209' title='bbox 404 1588 534 1632; x_wconf 86' lang='lat' dir='ltr'><strong>itaque</strong></span> <span class='ocrx_word' id='word_1_210' title='bbox 559 1585 727 1633; x_wconf 76' lang='grc' dir='ltr'><strong><em>οῧνησθε</em></strong></span> <span class='ocrx_word' id='word_1_211' title='bbox 755 1599 802 1622; x_wconf 88' lang='lat' dir='ltr'><strong>an</strong></span> <span class='ocrx_word' id='word_1_212' title='bbox 827 1584 995 1623; x_wconf 85' lang='grc' dir='ltr'><strong><em>ουνασθε</em></strong></span> <span class='ocrx_word' id='word_1_213' title='bbox 1023 1587 1222 1631; x_wconf 84' lang='lat' dir='ltr'><strong>scribatur,</strong></span> <span class='ocrx_word' id='word_1_214' title='bbox 1247 1587 1343 1623; x_wconf 87' lang='lat' dir='ltr'><strong>nihil</strong></span> <span class='ocrx_word' id='word_1_215' title='bbox 1367 1588 1533 1625; x_wconf 88' lang='lat' dir='ltr'><strong>interest.</strong></span> <span class='ocrx_word' id='word_1_216' title='bbox 1578 1588 1651 1624; x_wconf 81' lang='lat' dir='ltr'><strong>Sed</strong></span> <span class='ocrx_word' id='word_1_217' title='bbox 1676 1588 1742 1633; x_wconf 88' lang='lat' dir='ltr'><strong>qui</strong></span> 
     </span>
     <span class='ocr_line' id='line_1_26' title="bbox 206 1632 1741 1694; baseline 0 -23"><span class='ocrx_word' id='word_1_218' title='bbox 206 1637 253 1672; x_wconf 92' lang='lat' dir='ltr'><strong>ad</strong></span> <span class='ocrx_word' id='word_1_219' title='bbox 290 1633 428 1690; x_wconf 79' lang='grc' dir='ltr'><strong><em>ὅνομαι</em></strong></span> <span class='ocrx_word' id='word_1_220' title='bbox 460 1636 702 1679; x_wconf 85' lang='lat' dir='ltr'><strong>rettulerunt,</strong></span> <span class='ocrx_word' id='word_1_221' title='bbox 738 1632 902 1670; x_wconf 75' lang='grc' dir='ltr'><strong><em>οὕνοσθε</em></strong></span> <span class='ocrx_word' id='word_1_222' title='bbox 935 1635 1178 1694; x_wconf 88' lang='lat' dir='ltr'><strong>scripserunt,</strong></span> <span class='ocrx_word' id='word_1_223' title='bbox 1213 1634 1312 1679; x_wconf 90' lang='lat' dir='ltr'><strong>quod</strong></span> <span class='ocrx_word' id='word_1_224' title='bbox 1346 1635 1604 1681; x_wconf 84' lang='lat' dir='ltr'><strong>comprobavit</strong></span> <span class='ocrx_word' id='word_1_225' title='bbox 1635 1635 1741 1671; x_wconf 87' lang='lat' dir='ltr'><strong>Butt-</strong></span> 
     </span>
     <span class='ocr_line' id='line_1_27' title="bbox 207 1677 1741 1741; baseline -0.001 -22"><span class='ocrx_word' id='word_1_226' title='bbox 207 1695 331 1720; x_wconf 87' lang='lat' dir='ltr'><strong>mann.</strong></span> <span class='ocrx_word' id='word_1_227' title='bbox 386 1683 607 1719; x_wconf 89' lang='lat' dir='ltr'><strong>Simillimus</strong></span> <span class='ocrx_word' id='word_1_228' title='bbox 637 1683 742 1718; x_wconf 84' lang='lat' dir='ltr'><strong>locus</strong></span> <span class='ocrx_word' id='word_1_229' title='bbox 770 1681 837 1718; x_wconf 90' lang='lat' dir='ltr'><strong>Od.</strong></span> <span class='ocrx_word' id='word_1_230' title='bbox 865 1685 895 1717; x_wconf 93' lang='lat' dir='ltr'>P</span> <span class='ocrx_word' id='word_1_231' title='bbox 919 1687 988 1718; x_wconf 80' lang='lat'><strong>378</strong></span> <span class='ocrx_word' id='word_1_232' title='bbox 1017 1677 1036 1727; x_wconf 86' lang='grc' dir='ltr'><strong><em>ἦ</em></strong></span> <span class='ocrx_word' id='word_1_233' title='bbox 1064 1679 1213 1728; x_wconf 78' lang='grc' dir='ltr'><strong><em>ὄνοσαι,</em></strong></span> <span class='ocrx_word' id='word_1_234' title='bbox 1248 1682 1314 1718; x_wconf 89' lang='lat' dir='ltr'><strong>ubi</strong></span> <span class='ocrx_word' id='word_1_235' title='bbox 1344 1684 1488 1719; x_wconf 86' lang='lat' dir='ltr'><strong>veteres</strong></span> <span class='ocrx_word' id='word_1_236' title='bbox 1519 1683 1741 1741; x_wconf 82' lang='lat' dir='ltr'><strong>interpretes</strong></span> 
     </span>
     <span class='ocr_line' id='line_1_28' title="bbox 207 1725 1739 1788; baseline -0.001 -21"><span class='ocrx_word' id='word_1_237' title='bbox 207 1731 414 1776; x_wconf 81' lang='lat' dir='ltr'><strong>haesitant,</strong></span> <span class='ocrx_word' id='word_1_238' title='bbox 439 1732 557 1766; x_wconf 83' lang='lat' dir='ltr'><strong>nostri</strong></span> <span class='ocrx_word' id='word_1_239' title='bbox 576 1731 845 1766; x_wconf 89' lang='lat' dir='ltr'><strong>Buttmannum</strong></span> <span class='ocrx_word' id='word_1_240' title='bbox 869 1733 1091 1775; x_wconf 88' lang='lat' dir='ltr'><strong>sequuntur,</strong></span> <span class='ocrx_word' id='word_1_241' title='bbox 1118 1742 1186 1776; x_wconf 88' lang='lat' dir='ltr'><strong>ego</strong></span> <span class='ocrx_word' id='word_1_242' title='bbox 1211 1731 1312 1766; x_wconf 89' lang='lat' dir='ltr'><strong>haud</strong></span> <span class='ocrx_word' id='word_1_243' title='bbox 1339 1731 1558 1766; x_wconf 82' lang='lat' dir='ltr'><strong>cunctanter</strong></span> <span class='ocrx_word' id='word_1_244' title='bbox 1581 1725 1630 1788; x_wconf 79' lang='grc' dir='ltr'><em>ἧ</em></span> <span class='ocrx_word' id='word_1_245' title='bbox 1631 1727 1739 1766; x_wconf 81' lang='grc' dir='ltr'><strong><em>ὄνα-</em></strong></span> 
     </span>
    </p>

    <p class='ocr_par' dir='ltr' id='par_1_5' title="bbox 208 1759 1737 1836">
     <span class='ocr_line' id='line_1_29' title="bbox 208 1759 1737 1836; baseline -0.001 -22"><span class='ocrx_word' id='word_1_246' title='bbox 208 1790 283 1814; x_wconf 92' lang='grc' dir='ltr'><strong>σαι</strong></span> <span class='ocrx_word' id='word_1_247' title='bbox 308 1781 374 1824; x_wconf 76' lang='lat' dir='ltr'><strong>(an</strong></span> <span class='ocrx_word' id='word_1_248' title='bbox 397 1759 430 1814; x_wconf 66' lang='lat' dir='ltr'><strong>t&#39;e</strong></span> <span class='ocrx_word' id='word_1_249' title='bbox 454 1779 573 1836; x_wconf 74' lang='lat' dir='ltr'><strong>iuvat)</strong></span> <span class='ocrx_word' id='word_1_250' title='bbox 605 1778 773 1814; x_wconf 86' lang='lat' dir='ltr'><strong>restituo.</strong></span> <span class='ocrx_word' id='word_1_251' title='bbox 812 1777 989 1813; x_wconf 84' lang='lat' dir='ltr'><strong>Vicissim</strong></span> <span class='ocrx_word' id='word_1_252' title='bbox 1013 1778 1054 1812; x_wconf 90' lang='lat' dir='ltr'><strong>Il.</strong></span> <span class='ocrx_word' id='word_1_253' title='bbox 1082 1780 1113 1812; x_wconf 92' lang='lat' dir='ltr'><strong><em>P</em></strong></span> <span class='ocrx_word' id='word_1_254' title='bbox 1130 1782 1174 1814; x_wconf 83' lang='lat'><strong>25</strong></span> <span class='ocrx_word' id='word_1_255' title='bbox 1200 1771 1245 1823; x_wconf 82' lang='grc' dir='ltr'><strong>ἧς</strong></span> <span class='ocrx_word' id='word_1_256' title='bbox 1269 1774 1364 1825; x_wconf 81' lang='grc' dir='ltr'><strong><em>ἥβης</em></strong></span> <span class='ocrx_word' id='word_1_257' title='bbox 1389 1774 1576 1823; x_wconf 55' lang='grc' dir='ltr'><strong><em>απόνηθζ</em></strong></span> <span class='ocrx_word' id='word_1_258' title='bbox 1608 1791 1669 1813; x_wconf 87' lang='grc' dir='ltr'><strong>οτε</strong></span> <span class='ocrx_word' id='word_1_259' title='bbox 1697 1774 1737 1824; x_wconf 87' lang='grc' dir='ltr'><strong>μ’</strong></span> 
     </span>
    </p>
   </div>
   <div class='ocr_carea' id='block_1_5' title="bbox 209 1824 1795 1880">
    <p class='ocr_par' dir='ltr' id='par_1_6' title="bbox 209 1824 1795 1880">
     <span class='ocr_line' id='line_1_30' title="bbox 209 1824 1795 1880; baseline -0.001 -18"><span class='ocrx_word' id='word_1_260' title='bbox 209 1840 334 1862; x_wconf 87' lang='grc' dir='ltr'><strong><em>ωνατο</em></strong></span> <span class='ocrx_word' id='word_1_261' title='bbox 349 1826 519 1862; x_wconf 84' lang='lat' dir='ltr'><strong>Bekkero</strong></span> <span class='ocrx_word' id='word_1_262' title='bbox 540 1824 682 1861; x_wconf 76' lang='grc' dir='ltr'><strong><em>ὥνοτο</em></strong></span> <span class='ocrx_word' id='word_1_263' title='bbox 704 1827 771 1870; x_wconf 84' lang='lat' dir='ltr'><strong>(me</strong></span> <span class='ocrx_word' id='word_1_264' title='bbox 789 1826 1014 1870; x_wconf 78' lang='lat' dir='ltr'><strong>contempsit)</strong></span> <span class='ocrx_word' id='word_1_265' title='bbox 1036 1825 1238 1880; x_wconf 83' lang='lat' dir='ltr'><strong>corrigenti</strong></span> <span class='ocrx_word' id='word_1_266' title='bbox 1257 1825 1608 1870; x_wconf 87' lang='lat' dir='ltr'><strong>obtemperandum;</strong></span> <span class='ocrx_word' id='word_1_267' title='bbox 1627 1826 1741 1878; x_wconf 79' lang='lat' dir='ltr'><strong>poeta</strong></span> <span class='ocrx_word' id='word_1_268' title='bbox 1790 1844 1795 1847; x_wconf 74' lang='lat'><em>—</em></span> 
     </span>
    </p>
   </div>
   <div class='ocr_carea' id='block_1_6' title="bbox 206 1872 1742 2966">
    <p class='ocr_par' dir='ltr' id='par_1_7' title="bbox 206 1872 1742 2966">
     <span class='ocr_line' id='line_1_31' title="bbox 206 1872 1741 1930; baseline -0.001 -22"><span class='ocrx_word' id='word_1_269' title='bbox 206 1874 278 1910; x_wconf 88' lang='lat' dir='ltr'><strong>hoc</strong></span> <span class='ocrx_word' id='word_1_270' title='bbox 310 1875 394 1910; x_wconf 88' lang='lat' dir='ltr'><strong>loco</strong></span> <span class='ocrx_word' id='word_1_271' title='bbox 426 1873 473 1909; x_wconf 90' lang='lat' dir='ltr'><strong>de</strong></span> <span class='ocrx_word' id='word_1_272' title='bbox 504 1872 689 1909; x_wconf 86' lang='lat' dir='ltr'><strong>industria</strong></span> <span class='ocrx_word' id='word_1_273' title='bbox 720 1874 834 1908; x_wconf 90' lang='lat' dir='ltr'><strong>ve1ba</strong></span> <span class='ocrx_word' id='word_1_274' title='bbox 865 1873 1034 1908; x_wconf 89' lang='lat' dir='ltr'><strong>diversae</strong></span> <span class='ocrx_word' id='word_1_275' title='bbox 1069 1873 1196 1930; x_wconf 85' lang='lat' dir='ltr'><strong>stirpis</strong></span> <span class='ocrx_word' id='word_1_276' title='bbox 1228 1884 1271 1908; x_wconf 85' lang='lat' dir='ltr'><strong>ac</strong></span> <span class='ocrx_word' id='word_1_277' title='bbox 1301 1873 1482 1917; x_wconf 88' lang='lat' dir='ltr'><strong>notionis,</strong></span> <span class='ocrx_word' id='word_1_278' title='bbox 1520 1873 1585 1908; x_wconf 88' lang='lat' dir='ltr'><strong>sed</strong></span> <span class='ocrx_word' id='word_1_279' title='bbox 1617 1872 1741 1918; x_wconf 88' lang='lat' dir='ltr'><strong>specie</strong></span> 
     </span>
     <span class='ocr_line' id='line_1_32' title="bbox 207 1916 1741 1978; baseline -0.001 -21"><span class='ocrx_word' id='word_1_280' title='bbox 207 1921 345 1957; x_wconf 88' lang='lat' dir='ltr'><strong>similia</strong></span> <span class='ocrx_word' id='word_1_281' title='bbox 373 1920 574 1967; x_wconf 86' lang='lat' dir='ltr'><strong>copulavit.</strong></span> <span class='ocrx_word' id='word_1_282' title='bbox 611 1919 781 1978; x_wconf 87' lang='lat' dir='ltr'><strong>Denique</strong></span> <span class='ocrx_word' id='word_1_283' title='bbox 802 1920 868 1956; x_wconf 84' lang='lat' dir='ltr'><strong>Od.</strong></span> <span class='ocrx_word' id='word_1_284' title='bbox 891 1922 923 1955; x_wconf 89' lang='lat' dir='ltr'><strong><em>E</em></strong></span> <span class='ocrx_word' id='word_1_285' title='bbox 943 1924 1010 1956; x_wconf 84' lang='lat'><strong>379</strong></span> <span class='ocrx_word' id='word_1_286' title='bbox 1031 1917 1112 1955; x_wconf 75' lang='grc' dir='ltr'><strong><em>ἀλλ’</em></strong></span> <span class='ocrx_word' id='word_1_287' title='bbox 1135 1916 1220 1956; x_wconf 76' lang='grc' dir='ltr'><strong><em>ουδ’</em></strong></span> <span class='ocrx_word' id='word_1_288' title='bbox 1244 1916 1293 1961; x_wconf 78' lang='grc' dir='ltr'><strong>ὥς</strong></span> <span class='ocrx_word' id='word_1_289' title='bbox 1312 1932 1352 1955; x_wconf 86' lang='grc' dir='ltr'><strong><em>σε</em></strong></span> <span class='ocrx_word' id='word_1_290' title='bbox 1375 1918 1491 1956; x_wconf 79' lang='grc' dir='ltr'><strong><em>ἔολπα</em></strong></span> <span class='ocrx_word' id='word_1_291' title='bbox 1511 1916 1741 1956; x_wconf 77' lang='grc' dir='ltr'><strong><em>ὀνόσσεσθαι</em></strong></span> 
     </span>
     <span class='ocr_line' id='line_1_33' title="bbox 207 1965 1740 2015; baseline -0.001 -10"><span class='ocrx_word' id='word_1_292' title='bbox 207 1967 429 2015; x_wconf 76' lang='grc' dir='ltr'><strong><em>κακότητος,</em></strong></span> <span class='ocrx_word' id='word_1_293' title='bbox 462 1968 527 2004; x_wconf 91' lang='lat' dir='ltr'><strong>ubi</strong></span> <span class='ocrx_word' id='word_1_294' title='bbox 552 1969 667 2004; x_wconf 84' lang='lat' dir='ltr'><strong>etiam</strong></span> <span class='ocrx_word' id='word_1_295' title='bbox 694 1965 762 2013; x_wconf 89' lang='grc' dir='ltr'><strong>ὀνη</strong></span> <span class='ocrx_word' id='word_1_296' title='bbox 753 1965 904 2003; x_wconf 82' lang='grc' dir='ltr'><strong><em>’σεσθαι</em></strong></span> <span class='ocrx_word' id='word_1_297' title='bbox 927 1967 1126 2013; x_wconf 85' lang='lat' dir='ltr'><strong>traditum,</strong></span> <span class='ocrx_word' id='word_1_298' title='bbox 1158 1969 1331 2003; x_wconf 89' lang='lat' dir='ltr'><strong>neutrum</strong></span> <span class='ocrx_word' id='word_1_299' title='bbox 1355 1967 1577 2003; x_wconf 86' lang='lat' dir='ltr'><strong>vocabulum</strong></span> <span class='ocrx_word' id='word_1_300' title='bbox 1603 1967 1740 2004; x_wconf 86' lang='lat' dir='ltr'><strong>admit-</strong></span> 
     </span>
     <span class='ocr_line' id='line_1_34' title="bbox 206 2012 1739 2062; baseline -0.002 -9"><span class='ocrx_word' id='word_1_301' title='bbox 206 2017 361 2053; x_wconf 86' lang='lat' dir='ltr'><strong>tendum</strong></span> <span class='ocrx_word' id='word_1_302' title='bbox 394 2027 546 2062; x_wconf 86' lang='lat' dir='ltr'><strong>censeo,</strong></span> <span class='ocrx_word' id='word_1_303' title='bbox 577 2017 700 2052; x_wconf 90' lang='lat' dir='ltr'><strong>lenem</strong></span> <span class='ocrx_word' id='word_1_304' title='bbox 733 2015 914 2051; x_wconf 85' lang='lat' dir='ltr'><strong>adhibens</strong></span> <span class='ocrx_word' id='word_1_305' title='bbox 947 2016 1082 2051; x_wconf 88' lang='lat' dir='ltr'><strong>mendo</strong></span> <span class='ocrx_word' id='word_1_306' title='bbox 1117 2016 1277 2052; x_wconf 88' lang='lat' dir='ltr'><strong>vetusto</strong></span> <span class='ocrx_word' id='word_1_307' title='bbox 1291 2026 1416 2050; x_wconf 86' lang='lat' dir='ltr'><strong>curam</strong></span> <span class='ocrx_word' id='word_1_308' title='bbox 1442 2012 1739 2060; x_wconf 77' lang='grc' dir='ltr'><strong><em>ἀνοίσεσθαι,</em></strong></span> 
     </span>
     <span class='ocr_line' id='line_1_35' title="bbox 207 2060 1739 2122; baseline -0.002 -22"><span class='ocrx_word' id='word_1_309' title='bbox 207 2064 521 2122; x_wconf 85' lang='lat' dir='ltr'><strong>quemadmodum</strong></span> <span class='ocrx_word' id='word_1_310' title='bbox 548 2061 760 2109; x_wconf 82' lang='grc' dir='ltr'><strong><em>αναφέρειν</em></strong></span> <span class='ocrx_word' id='word_1_311' title='bbox 785 2063 847 2098; x_wconf 90' lang='lat' dir='ltr'><strong>vel</strong></span> <span class='ocrx_word' id='word_1_312' title='bbox 874 2061 1124 2108; x_wconf 79' lang='grc' dir='ltr'><strong><em>ἐξαναφέρειν</em></strong></span> <span class='ocrx_word' id='word_1_313' title='bbox 1145 2060 1188 2099; x_wconf 69' lang='grc' dir='ltr'><strong>ἐκ</strong></span> <span class='ocrx_word' id='word_1_314' title='bbox 1206 2061 1339 2109; x_wconf 87' lang='grc' dir='ltr'><strong><em>νόσου,</em></strong></span> <span class='ocrx_word' id='word_1_315' title='bbox 1367 2060 1408 2098; x_wconf 79' lang='grc' dir='ltr'><strong>ἐκ</strong></span> <span class='ocrx_word' id='word_1_316' title='bbox 1428 2063 1607 2122; x_wconf 83' lang='grc' dir='ltr'><strong><em>πονηρῶν</em></strong></span> <span class='ocrx_word' id='word_1_317' title='bbox 1622 2076 1739 2109; x_wconf 79' lang='grc' dir='ltr'><strong><em>πραγ-</em></strong></span> 
     </span>
     <span class='ocr_line' id='line_1_36' title="bbox 208 2107 1739 2170; baseline -0.001 -23"><span class='ocrx_word' id='word_1_318' title='bbox 208 2110 336 2170; x_wconf 75' lang='grc' dir='ltr'><strong><em>μάτων</em></strong></span> <span class='ocrx_word' id='word_1_319' title='bbox 369 2112 443 2148; x_wconf 87' lang='lat' dir='ltr'><strong>dici</strong></span> <span class='ocrx_word' id='word_1_320' title='bbox 475 2112 580 2147; x_wconf 88' lang='lat' dir='ltr'><strong>solet.</strong></span> <span class='ocrx_word' id='word_1_321' title='bbox 631 2111 792 2147; x_wconf 84' lang='lat' dir='ltr'><strong>Easdem</strong></span> <span class='ocrx_word' id='word_1_322' title='bbox 822 2111 951 2146; x_wconf 86' lang='lat' dir='ltr'><strong>turbas</strong></span> <span class='ocrx_word' id='word_1_323' title='bbox 982 2112 1169 2147; x_wconf 83' lang='lat' dir='ltr'><strong>testantur</strong></span> <span class='ocrx_word' id='word_1_324' title='bbox 1200 2111 1347 2168; x_wconf 85' lang='lat' dir='ltr'><strong>glossae</strong></span> <span class='ocrx_word' id='word_1_325' title='bbox 1379 2110 1556 2155; x_wconf 83' lang='lat' dir='ltr'><strong>Hesychii</strong></span> <span class='ocrx_word' id='word_1_326' title='bbox 1587 2107 1739 2146; x_wconf 84' lang='grc' dir='ltr'><strong><em>ὄναται·</em></strong></span> 
     </span>
     <span class='ocr_line' id='line_1_37' title="bbox 207 2155 1740 2217; baseline -0.002 -22"><span class='ocrx_word' id='word_1_327' title='bbox 207 2157 429 2217; x_wconf 78' lang='grc' dir='ltr'><strong><em>ἀτιμάζεται</em></strong></span> <span class='ocrx_word' id='word_1_328' title='bbox 454 2156 756 2205; x_wconf 79' lang='grc' dir='ltr'>(801·.ἆτιμαζει),</span> <span class='ocrx_word' id='word_1_329' title='bbox 782 2157 971 2204; x_wconf 84' lang='grc' dir='ltr'><strong><em>μέμφεται</em></strong></span> <span class='ocrx_word' id='word_1_330' title='bbox 997 2160 1036 2193; x_wconf 89' lang='lat' dir='ltr'><strong>et</strong></span> <span class='ocrx_word' id='word_1_331' title='bbox 1054 2158 1216 2195; x_wconf 86' lang='lat' dir='ltr'><strong>vicissim</strong></span> <span class='ocrx_word' id='word_1_332' title='bbox 1235 2155 1427 2194; x_wconf 81' lang='grc' dir='ltr'><strong><em>ὀνόσεται·</em></strong></span> <span class='ocrx_word' id='word_1_333' title='bbox 1455 2155 1633 2203; x_wconf 81' lang='grc' dir='ltr'><strong><em>ὀφελήσει</em></strong></span> <span class='ocrx_word' id='word_1_334' title='bbox 1658 2161 1740 2202; x_wconf 81' lang='lat' dir='ltr'><strong>(scr.</strong></span> 
     </span>
     <span class='ocr_line' id='line_1_38' title="bbox 208 2205 1739 2265; baseline 0 -23"><span class='ocrx_word' id='word_1_335' title='bbox 208 2205 428 2253; x_wconf 82' lang='grc' dir='ltr'><strong><em>ὠφελήσει),</em></strong></span> <span class='ocrx_word' id='word_1_336' title='bbox 462 2218 556 2252; x_wconf 87' lang='lat' dir='ltr'><strong>quae</strong></span> <span class='ocrx_word' id='word_1_337' title='bbox 583 2209 755 2253; x_wconf 89' lang='lat' dir='ltr'><strong>spectant</strong></span> <span class='ocrx_word' id='word_1_338' title='bbox 780 2206 985 2242; x_wconf 87' lang='lat' dir='ltr'><strong>carminum</strong></span> <span class='ocrx_word' id='word_1_339' title='bbox 1016 2205 1251 2265; x_wconf 85' lang='lat' dir='ltr'><strong>perditorum</strong></span> <span class='ocrx_word' id='word_1_340' title='bbox 1273 2217 1418 2263; x_wconf 86' lang='lat' dir='ltr'><strong>versus,</strong></span> <span class='ocrx_word' id='word_1_341' title='bbox 1444 2217 1601 2251; x_wconf 88' lang='lat' dir='ltr'><strong>quorum</strong></span> <span class='ocrx_word' id='word_1_342' title='bbox 1625 2206 1739 2242; x_wconf 89' lang='lat' dir='ltr'><strong>inter-</strong></span> 
     </span>
     <span class='ocr_line' id='line_1_39' title="bbox 207 2235 1741 2308; baseline -0.001 -18"><span class='ocrx_word' id='word_1_343' title='bbox 207 2255 374 2300; x_wconf 88' lang='lat' dir='ltr'><strong>pretatio</strong></span> <span class='ocrx_word' id='word_1_344' title='bbox 394 2255 554 2290; x_wconf 88' lang='lat' dir='ltr'><strong>incerta·</strong></span> <span class='ocrx_word' id='word_1_345' title='bbox 581 2266 671 2290; x_wconf 90' lang='lat' dir='ltr'><strong>cave</strong></span> <span class='ocrx_word' id='word_1_346' title='bbox 696 2254 814 2299; x_wconf 83' lang='lat' dir='ltr'><strong>igitur</strong></span> <span class='ocrx_word' id='word_1_347' title='bbox 834 2254 998 2299; x_wconf 85' lang='lat' dir='ltr'><strong>corrigas</strong></span> <span class='ocrx_word' id='word_1_348' title='bbox 1025 2250 1158 2308; x_wconf 81' lang='grc' dir='ltr'><strong><em>ὅνοται</em></strong></span> <span class='ocrx_word' id='word_1_349' title='bbox 1177 2255 1215 2289; x_wconf 92' lang='lat' dir='ltr'><strong>et</strong></span> <span class='ocrx_word' id='word_1_350' title='bbox 1233 2235 1427 2298; x_wconf 84' lang='grc' dir='ltr'><strong><em>ὀνήσεται,</em></strong></span> <span class='ocrx_word' id='word_1_351' title='bbox 1452 2253 1492 2288; x_wconf 90' lang='lat' dir='ltr'><strong>id</strong></span> <span class='ocrx_word' id='word_1_352' title='bbox 1511 2253 1609 2298; x_wconf 88' lang='lat' dir='ltr'><strong>quod</strong></span> <span class='ocrx_word' id='word_1_353' title='bbox 1629 2265 1741 2289; x_wconf 87' lang='lat' dir='ltr'><strong>ausus</strong></span> 
     </span>
     <span class='ocr_line' id='line_1_40' title="bbox 209 2300 1742 2347; baseline -0.001 -9"><span class='ocrx_word' id='word_1_354' title='bbox 209 2305 266 2338; x_wconf 86' lang='lat' dir='ltr'><strong>est</strong></span> <span class='ocrx_word' id='word_1_355' title='bbox 284 2303 455 2338; x_wconf 87' lang='lat' dir='ltr'><strong>Musurus</strong></span> <span class='ocrx_word' id='word_1_356' title='bbox 473 2303 585 2338; x_wconf 90' lang='lat' dir='ltr'><strong>homo</strong></span> <span class='ocrx_word' id='word_1_357' title='bbox 611 2304 650 2338; x_wconf 88' lang='lat' dir='ltr'><strong>et</strong></span> <span class='ocrx_word' id='word_1_358' title='bbox 674 2301 825 2347; x_wconf 86' lang='lat' dir='ltr'><strong>ingenio</strong></span> <span class='ocrx_word' id='word_1_359' title='bbox 852 2302 891 2337; x_wconf 89' lang='lat' dir='ltr'><strong>et</strong></span> <span class='ocrx_word' id='word_1_360' title='bbox 915 2302 1085 2337; x_wconf 83' lang='lat' dir='ltr'><strong>doctrina</strong></span> <span class='ocrx_word' id='word_1_361' title='bbox 1104 2301 1135 2337; x_wconf 89' lang='lat' dir='ltr'><strong>si</strong></span> <span class='ocrx_word' id='word_1_362' title='bbox 1154 2302 1237 2346; x_wconf 88' lang='lat' dir='ltr'><strong>quis</strong></span> <span class='ocrx_word' id='word_1_363' title='bbox 1257 2302 1352 2336; x_wconf 84' lang='lat' dir='ltr'><strong>alius</strong></span> <span class='ocrx_word' id='word_1_364' title='bbox 1370 2300 1544 2346; x_wconf 87' lang='lat' dir='ltr'><strong>insignis:</strong></span> <span class='ocrx_word' id='word_1_365' title='bbox 1571 2301 1742 2336; x_wconf 82' lang='lat' dir='ltr'><strong>Schmidt</strong></span> 
     </span>
     <span class='ocr_line' id='line_1_41' title="bbox 208 2347 1742 2405; baseline -0.001 -20"><span class='ocrx_word' id='word_1_366' title='bbox 208 2350 304 2385; x_wconf 89' lang='lat' dir='ltr'><strong>nihil</strong></span> <span class='ocrx_word' id='word_1_367' title='bbox 330 2349 531 2396; x_wconf 86' lang='lat' dir='ltr'><strong>expedivit,</strong></span> <span class='ocrx_word' id='word_1_368' title='bbox 557 2361 677 2405; x_wconf 90' lang='lat' dir='ltr'><strong>neque</strong></span> <span class='ocrx_word' id='word_1_369' title='bbox 697 2349 863 2393; x_wconf 88' lang='lat' dir='ltr'><strong>Lobeck,</strong></span> <span class='ocrx_word' id='word_1_370' title='bbox 889 2349 953 2394; x_wconf 86' lang='lat' dir='ltr'><strong>qui</strong></span> <span class='ocrx_word' id='word_1_371' title='bbox 972 2349 1101 2385; x_wconf 78' lang='lat' dir='ltr'><strong>Ehem.</strong></span> <span class='ocrx_word' id='word_1_372' title='bbox 1125 2353 1190 2385; x_wconf 82' lang='lat'><strong>162</strong></span> <span class='ocrx_word' id='word_1_373' title='bbox 1218 2350 1310 2384; x_wconf 89' lang='lat' dir='ltr'><strong>haec</strong></span> <span class='ocrx_word' id='word_1_374' title='bbox 1330 2348 1471 2394; x_wconf 84' lang='lat' dir='ltr'><strong>attigit,</strong></span> <span class='ocrx_word' id='word_1_375' title='bbox 1496 2347 1742 2394; x_wconf 86' lang='lat' dir='ltr'><strong>probabiliter</strong></span> 
     </span>
     <span class='ocr_line' id='line_1_42' title="bbox 209 2394 1738 2443; baseline -0.001 -11"><span class='ocrx_word' id='word_1_376' title='bbox 209 2397 426 2443; x_wconf 87' lang='lat' dir='ltr'><strong>disputavit.</strong></span> <span class='ocrx_word' id='word_1_377' title='bbox 466 2418 513 2432; x_wconf 86' lang='lat'><strong>-.-</strong></span> <span class='ocrx_word' id='word_1_378' title='bbox 549 2410 740 2442; x_wconf 81' lang='grc' dir='ltr'><strong><em>προφυγοι</em></strong></span> <span class='ocrx_word' id='word_1_379' title='bbox 765 2396 1014 2440; x_wconf 84' lang='lat' dir='ltr'><strong>Camerarius,</strong></span> <span class='ocrx_word' id='word_1_380' title='bbox 1046 2394 1241 2443; x_wconf 80' lang='grc' dir='ltr'><strong><em>προφὺγηι</em></strong></span> <span class='ocrx_word' id='word_1_381' title='bbox 1264 2396 1308 2439; x_wconf 90' lang='lat' dir='ltr'><strong>A,</strong></span> <span class='ocrx_word' id='word_1_382' title='bbox 1345 2400 1557 2442; x_wconf 76' lang='grc' dir='ltr'><strong><em>προφυγεῖν</em></strong></span> <span class='ocrx_word' id='word_1_383' title='bbox 1588 2396 1654 2432; x_wconf 86' lang='lat' dir='ltr'><strong>rel.</strong></span> <span class='ocrx_word' id='word_1_384' title='bbox 1694 2416 1738 2422; x_wconf 89' lang='lat'><em>-</em></span> 
     </span>
     <span class='ocr_line' id='line_1_43' title="bbox 209 2440 1741 2501; baseline 0 -22"><span class='ocrx_word' id='word_1_385' title='bbox 209 2447 254 2481; x_wconf 91' lang='lat' dir='ltr'><strong>V.</strong></span> <span class='ocrx_word' id='word_1_386' title='bbox 284 2449 385 2481; x_wconf 84' lang='lat'><strong>1193.</strong></span> <span class='ocrx_word' id='word_1_387' title='bbox 419 2441 655 2490; x_wconf 76' lang='grc' dir='ltr'><strong><em>ἀσπάλαθοι,</em></strong></span> <span class='ocrx_word' id='word_1_388' title='bbox 696 2444 721 2479; x_wconf 85' lang='grc'><strong>11</strong></span> <span class='ocrx_word' id='word_1_389' title='bbox 762 2440 983 2481; x_wconf 78' lang='grc' dir='ltr'><strong><em>ἄσπαλατοι.</em></strong></span> <span class='ocrx_word' id='word_1_390' title='bbox 1021 2464 1066 2470; x_wconf 91' lang='lat'><strong>--</strong></span> <span class='ocrx_word' id='word_1_391' title='bbox 1098 2445 1139 2480; x_wconf 85' lang='grc' dir='ltr'><strong><em>δε</em></strong></span> <span class='ocrx_word' id='word_1_392' title='bbox 1170 2444 1220 2486; x_wconf 87' lang='grc' dir='ltr'><strong>Α,</strong></span> <span class='ocrx_word' id='word_1_393' title='bbox 1251 2457 1307 2501; x_wconf 77' lang='grc' dir='ltr'><strong><em>γε</em></strong></span> <span class='ocrx_word' id='word_1_394' title='bbox 1327 2455 1364 2489; x_wconf 88' lang='lat' dir='ltr'><strong>e,</strong></span> <span class='ocrx_word' id='word_1_395' title='bbox 1396 2455 1467 2479; x_wconf 91' lang='lat' dir='ltr'><strong>om.</strong></span> <span class='ocrx_word' id='word_1_396' title='bbox 1485 2442 1741 2489; x_wconf 83' lang='lat' dir='ltr'><strong>Obcdsghmn</strong></span> 
     </span>
     <span class='ocr_line' id='line_1_44' title="bbox 208 2472 1740 2549; baseline -0.001 -21"><span class='ocrx_word' id='word_1_397' title='bbox 208 2494 251 2528; x_wconf 92' lang='lat' dir='ltr'><strong>ut</strong></span> <span class='ocrx_word' id='word_1_398' title='bbox 264 2493 388 2538; x_wconf 89' lang='lat' dir='ltr'><strong>vulgo.</strong></span> <span class='ocrx_word' id='word_1_399' title='bbox 422 2493 595 2528; x_wconf 82' lang='lat' dir='ltr'><strong>Fortasse</strong></span> <span class='ocrx_word' id='word_1_400' title='bbox 608 2494 722 2538; x_wconf 86' lang='lat' dir='ltr'><strong>poeta</strong></span> <span class='ocrx_word' id='word_1_401' title='bbox 743 2491 894 2549; x_wconf 86' lang='lat' dir='ltr'><strong>scripsit</strong></span> <span class='ocrx_word' id='word_1_402' title='bbox 911 2488 1232 2527; x_wconf 80' lang='grc' dir='ltr'><strong><em>ασπαλάθοισι</em></strong></span> <span class='ocrx_word' id='word_1_403' title='bbox 1255 2472 1465 2537; x_wconf 81' lang='grc' dir='ltr'><strong><em>τάπητες</em></strong></span> <span class='ocrx_word' id='word_1_404' title='bbox 1488 2511 1530 2518; x_wconf 93' lang='lat'><strong>——</strong></span> <span class='ocrx_word' id='word_1_405' title='bbox 1552 2491 1740 2536; x_wconf 86' lang='grc' dir='ltr'><strong><em>ομοιονΑ,</em></strong></span> 
     </span>
     <span class='ocr_line' id='line_1_45' title="bbox 211 2536 1739 2587; baseline -0.001 -12"><span class='ocrx_word' id='word_1_406' title='bbox 211 2553 344 2587; x_wconf 91' lang='grc' dir='ltr'><strong><em>ομοιον</em></strong></span> <span class='ocrx_word' id='word_1_407' title='bbox 371 2541 412 2576; x_wconf 95' lang='grc' dir='ltr'><strong>Ο.</strong></span> <span class='ocrx_word' id='word_1_408' title='bbox 441 2561 480 2567; x_wconf 90' lang='grc'>-</span> <span class='ocrx_word' id='word_1_409' title='bbox 510 2539 554 2575; x_wconf 90' lang='lat' dir='ltr'><strong>V.</strong></span> <span class='ocrx_word' id='word_1_410' title='bbox 584 2543 686 2575; x_wconf 85' lang='lat'><strong>1194.</strong></span> <span class='ocrx_word' id='word_1_411' title='bbox 719 2540 751 2574; x_wconf 90' lang='lat' dir='ltr'>A</span> <span class='ocrx_word' id='word_1_412' title='bbox 782 2538 824 2574; x_wconf 90' lang='grc' dir='ltr'><strong><em>τὸ</em></strong></span> <span class='ocrx_word' id='word_1_413' title='bbox 851 2537 979 2582; x_wconf 82' lang='grc' dir='ltr'><strong><em>ξυλον·</em></strong></span> <span class='ocrx_word' id='word_1_414' title='bbox 1012 2536 1035 2585; x_wconf 83' lang='grc' dir='ltr'><em>ἧ</em></span> <span class='ocrx_word' id='word_1_415' title='bbox 1062 2542 1232 2584; x_wconf 81' lang='grc' dir='ltr'><strong><em>σκληρον.</em></strong></span> <span class='ocrx_word' id='word_1_416' title='bbox 1271 2560 1314 2565; x_wconf 82' lang='lat'><strong>—-</strong></span> <span class='ocrx_word' id='word_1_417' title='bbox 1353 2540 1499 2583; x_wconf 49' lang='grc' dir='ltr'><strong><em>γιθνεται</em></strong></span> <span class='ocrx_word' id='word_1_418' title='bbox 1523 2537 1607 2582; x_wconf 90' lang='grc' dir='ltr'><strong>ΑΟ,</strong></span> <span class='ocrx_word' id='word_1_419' title='bbox 1640 2539 1739 2584; x_wconf 85' lang='lat' dir='ltr'><strong>lege-</strong></span> 
     </span>
     <span class='ocr_line' id='line_1_46' title="bbox 209 2586 1738 2640; baseline -0.002 -17"><span class='ocrx_word' id='word_1_420' title='bbox 209 2589 321 2624; x_wconf 80' lang='lat' dir='ltr'><strong>batur</strong></span> <span class='ocrx_word' id='word_1_421' title='bbox 358 2589 537 2633; x_wconf 78' lang='grc' dir='ltr'><strong><em>γίγνεται.</em></strong></span> <span class='ocrx_word' id='word_1_422' title='bbox 575 2607 622 2613; x_wconf 92' lang='grc'><strong>-</strong></span> <span class='ocrx_word' id='word_1_423' title='bbox 664 2587 756 2623; x_wconf 86' lang='lat' dir='ltr'><strong>Post</strong></span> <span class='ocrx_word' id='word_1_424' title='bbox 793 2588 892 2622; x_wconf 88' lang='lat' dir='ltr'><strong>hunc</strong></span> <span class='ocrx_word' id='word_1_425' title='bbox 927 2598 1075 2623; x_wconf 87' lang='lat' dir='ltr'><strong>versum</strong></span> <span class='ocrx_word' id='word_1_426' title='bbox 1111 2587 1172 2622; x_wconf 88' lang='lat' dir='ltr'><strong>vel</strong></span> <span class='ocrx_word' id='word_1_427' title='bbox 1208 2588 1296 2632; x_wconf 88' lang='lat' dir='ltr'><strong>post</strong></span> <span class='ocrx_word' id='word_1_428' title='bbox 1330 2587 1539 2640; x_wconf 82' lang='lat' dir='ltr'><strong>proximum</strong></span> <span class='ocrx_word' id='word_1_429' title='bbox 1576 2586 1738 2631; x_wconf 87' lang='lat' dir='ltr'><strong>priorem</strong></span> 
     </span>
     <span class='ocr_line' id='line_1_47' title="bbox 212 2633 1740 2680; baseline -0.003 -9"><span class='ocrx_word' id='word_1_430' title='bbox 212 2636 302 2671; x_wconf 92' lang='lat' dir='ltr'><strong>olim</strong></span> <span class='ocrx_word' id='word_1_431' title='bbox 329 2635 472 2671; x_wconf 87' lang='lat' dir='ltr'><strong>conieci</strong></span> <span class='ocrx_word' id='word_1_432' title='bbox 490 2635 582 2671; x_wconf 91' lang='lat' dir='ltr'><strong>duos</strong></span> <span class='ocrx_word' id='word_1_433' title='bbox 605 2646 733 2671; x_wconf 87' lang='lat' dir='ltr'><strong>versus</strong></span> <span class='ocrx_word' id='word_1_434' title='bbox 758 2634 1006 2678; x_wconf 86' lang='lat' dir='ltr'><strong>intercidisse,</strong></span> <span class='ocrx_word' id='word_1_435' title='bbox 1031 2635 1075 2669; x_wconf 91' lang='lat' dir='ltr'><strong>ut</strong></span> <span class='ocrx_word' id='word_1_436' title='bbox 1098 2635 1211 2680; x_wconf 85' lang='lat' dir='ltr'><strong>poeta</strong></span> <span class='ocrx_word' id='word_1_437' title='bbox 1235 2633 1386 2669; x_wconf 86' lang='lat' dir='ltr'><strong>dixerit:</strong></span> <span class='ocrx_word' id='word_1_438' title='bbox 1414 2634 1445 2668; x_wconf 87' lang='lat' dir='ltr'><strong>si</strong></span> <span class='ocrx_word' id='word_1_439' title='bbox 1464 2633 1546 2678; x_wconf 89' lang='lat' dir='ltr'><strong>quis</strong></span> <span class='ocrx_word' id='word_1_440' title='bbox 1571 2634 1740 2668; x_wconf 85' lang='lat' dir='ltr'><strong>mortuus</strong></span> 
     </span>
     <span class='ocr_line' id='line_1_48' title="bbox 212 2647 1740 2739; baseline -0.001 -21"><span class='ocrx_word' id='word_1_441' title='bbox 212 2684 287 2739; x_wconf 86' lang='lat' dir='ltr'><strong>est,</strong></span> <span class='ocrx_word' id='word_1_442' title='bbox 316 2683 412 2718; x_wconf 91' lang='lat' dir='ltr'><strong>nihil</strong></span> <span class='ocrx_word' id='word_1_443' title='bbox 436 2682 551 2719; x_wconf 86' lang='lat' dir='ltr'><strong>refert</strong></span> <span class='ocrx_word' id='word_1_444' title='bbox 582 2680 625 2718; x_wconf 86' lang='grc' dir='ltr'><strong><em>τὸ</em></strong></span> <span class='ocrx_word' id='word_1_445' title='bbox 652 2679 764 2725; x_wconf 82' lang='grc' dir='ltr'><strong><em>ξύλον</em></strong></span> <span class='ocrx_word' id='word_1_446' title='bbox 791 2682 883 2728; x_wconf 83' lang='lat' dir='ltr'><strong>(sive</strong></span> <span class='ocrx_word' id='word_1_447' title='bbox 909 2680 951 2718; x_wconf 88' lang='grc' dir='ltr'><strong><em>τό</em></strong></span> <span class='ocrx_word' id='word_1_448' title='bbox 979 2647 1129 2727; x_wconf 78' lang='grc' dir='ltr'><strong><em>ζυγὸν)</em></strong></span> <span class='ocrx_word' id='word_1_449' title='bbox 1155 2681 1198 2717; x_wconf 80' lang='grc' dir='ltr'><strong><em>εἰ</em></strong></span> <span class='ocrx_word' id='word_1_450' title='bbox 1221 2679 1380 2726; x_wconf 80' lang='grc' dir='ltr'><strong><em>σκληρὸν</em></strong></span> <span class='ocrx_word' id='word_1_451' title='bbox 1404 2682 1550 2726; x_wconf 76' lang='grc' dir='ltr'><strong><em>γίνεται</em></strong></span> <span class='ocrx_word' id='word_1_452' title='bbox 1573 2677 1597 2726; x_wconf 82' lang='grc' dir='ltr'><em>ἢ</em></span> <span class='ocrx_word' id='word_1_453' title='bbox 1623 2683 1740 2726; x_wconf 85' lang='grc' dir='ltr'><strong><em>μαλα-</em></strong></span> 
     </span>
     <span class='ocr_line' id='line_1_49' title="bbox 211 2711 1742 2787; baseline -0.002 -21"><span class='ocrx_word' id='word_1_454' title='bbox 211 2711 291 2767; x_wconf 45' lang='lat' dir='ltr'><strong>novt</strong></span> <span class='ocrx_word' id='word_1_455' title='bbox 327 2731 467 2766; x_wconf 87' lang='lat' dir='ltr'><strong>Verum</strong></span> <span class='ocrx_word' id='word_1_456' title='bbox 492 2742 567 2766; x_wconf 89' lang='lat' dir='ltr'><strong>non</strong></span> <span class='ocrx_word' id='word_1_457' title='bbox 587 2731 644 2766; x_wconf 87' lang='lat' dir='ltr'><strong>est</strong></span> <span class='ocrx_word' id='word_1_458' title='bbox 668 2730 863 2786; x_wconf 86' lang='lat' dir='ltr'><strong>probabile</strong></span> <span class='ocrx_word' id='word_1_459' title='bbox 887 2731 1038 2787; x_wconf 85' lang='lat' dir='ltr'><strong>poetam</strong></span> <span class='ocrx_word' id='word_1_460' title='bbox 1062 2731 1134 2765; x_wconf 92' lang='lat' dir='ltr'><strong>hoc</strong></span> <span class='ocrx_word' id='word_1_461' title='bbox 1157 2730 1419 2786; x_wconf 88' lang='lat' dir='ltr'><strong>argumentum</strong></span> <span class='ocrx_word' id='word_1_462' title='bbox 1435 2728 1610 2787; x_wconf 83' lang='lat' dir='ltr'><strong>pluribus</strong></span> <span class='ocrx_word' id='word_1_463' title='bbox 1635 2739 1742 2764; x_wconf 89' lang='lat' dir='ltr'><strong>exor-</strong></span> 
     </span>
     <span class='ocr_line' id='line_1_50' title="bbox 212 2772 1739 2835; baseline -0.002 -22"><span class='ocrx_word' id='word_1_464' title='bbox 212 2778 371 2814; x_wconf 87' lang='lat' dir='ltr'><strong>navisse</strong></span> <span class='ocrx_word' id='word_1_465' title='bbox 409 2778 548 2835; x_wconf 84' lang='lat' dir='ltr'><strong>Itaque</strong></span> <span class='ocrx_word' id='word_1_466' title='bbox 560 2778 716 2814; x_wconf 80' lang='lat' dir='ltr'><strong>fortasse</strong></span> <span class='ocrx_word' id='word_1_467' title='bbox 734 2773 778 2813; x_wconf 82' lang='grc' dir='ltr'><strong>οὐ</strong></span> <span class='ocrx_word' id='word_1_468' title='bbox 795 2778 920 2820; x_wconf 82' lang='grc' dir='ltr'><strong><em>ξυνιεῐ</em></strong></span> <span class='ocrx_word' id='word_1_469' title='bbox 933 2777 993 2813; x_wconf 87' lang='lat' dir='ltr'><strong>vel</strong></span> <span class='ocrx_word' id='word_1_470' title='bbox 1007 2774 1188 2820; x_wconf 77' lang='grc' dir='ltr'><strong><em>ἄξυνετεῖ</em></strong></span> <span class='ocrx_word' id='word_1_471' title='bbox 1199 2773 1357 2822; x_wconf 86' lang='grc' dir='ltr'><strong><em>σκληρὸν</em></strong></span> <span class='ocrx_word' id='word_1_472' title='bbox 1377 2789 1409 2821; x_wconf 79' lang='grc' dir='ltr'><strong>γ.</strong></span> <span class='ocrx_word' id='word_1_473' title='bbox 1430 2772 1453 2820; x_wconf 78' lang='grc' dir='ltr'><em>ἢ</em></span> <span class='ocrx_word' id='word_1_474' title='bbox 1474 2775 1739 2833; x_wconf 65' lang='grc' dir='ltr'>μ.1οςθη(111111.</span> 
     </span>
     <span class='ocr_line' id='line_1_51' title="bbox 211 2821 1740 2883; baseline -0.001 -24"><span class='ocrx_word' id='word_1_475' title='bbox 211 2825 400 2861; x_wconf 82' lang='lat' dir='ltr'><strong>Hermann</strong></span> <span class='ocrx_word' id='word_1_476' title='bbox 422 2826 478 2883; x_wconf 75' lang='grc' dir='ltr'><strong><em>τῷ</em></strong></span> <span class='ocrx_word' id='word_1_477' title='bbox 505 2823 616 2869; x_wconf 83' lang='grc' dir='ltr'><strong><em>ξύλον</em></strong></span> <span class='ocrx_word' id='word_1_478' title='bbox 639 2822 686 2860; x_wconf 77' lang='grc' dir='ltr'><strong>οὗ</strong></span> <span class='ocrx_word' id='word_1_479' title='bbox 712 2828 788 2861; x_wconf 82' lang='grc' dir='ltr'><strong><em>σκλ.</em></strong></span> <span class='ocrx_word' id='word_1_480' title='bbox 813 2838 847 2870; x_wconf 77' lang='grc' dir='ltr'><strong>γ.</strong></span> <span class='ocrx_word' id='word_1_481' title='bbox 870 2822 914 2860; x_wconf 81' lang='grc' dir='ltr'><strong>οὗ</strong></span> <span class='ocrx_word' id='word_1_482' title='bbox 939 2822 1127 2882; x_wconf 79' lang='grc' dir='ltr'><strong><em>μαλακόν,</em></strong></span> <span class='ocrx_word' id='word_1_483' title='bbox 1151 2824 1323 2870; x_wconf 87' lang='lat' dir='ltr'><strong>Hartung</strong></span> <span class='ocrx_word' id='word_1_484' title='bbox 1342 2825 1380 2858; x_wconf 89' lang='grc' dir='ltr'><strong><em>τί</em></strong></span> <span class='ocrx_word' id='word_1_485' title='bbox 1395 2821 1506 2866; x_wconf 79' lang='grc' dir='ltr'><strong><em>ξύλον</em></strong></span> <span class='ocrx_word' id='word_1_486' title='bbox 1527 2822 1564 2858; x_wconf 87' lang='grc' dir='ltr'><strong><em>εἰ</em></strong></span> <span class='ocrx_word' id='word_1_487' title='bbox 1579 2821 1740 2880; x_wconf 82' lang='grc' dir='ltr'><strong><em>σκληρόν</em></strong></span> 
     </span>
     <span class='ocr_line' id='line_1_52' title="bbox 212 2862 1739 2928; baseline -0.001 -20"><span class='ocrx_word' id='word_1_488' title='bbox 212 2886 274 2918; x_wconf 88' lang='grc' dir='ltr'><strong>μοι</strong></span> <span class='ocrx_word' id='word_1_489' title='bbox 295 2869 440 2918; x_wconf 82' lang='grc' dir='ltr'><strong><em>μέλει</em></strong></span> <span class='ocrx_word' id='word_1_490' title='bbox 417 2887 440 2918; x_wconf 85' lang='grc' dir='ltr'><strong><em>η</em></strong></span> <span class='ocrx_word' id='word_1_491' title='bbox 455 2862 644 2918; x_wconf 83' lang='grc' dir='ltr'><strong><em>μαλακόν,</em></strong></span> <span class='ocrx_word' id='word_1_492' title='bbox 671 2873 891 2908; x_wconf 85' lang='lat' dir='ltr'><strong>Heimsoeth</strong></span> <span class='ocrx_word' id='word_1_493' title='bbox 916 2871 958 2907; x_wconf 91' lang='grc' dir='ltr'><strong><em>τὸ</em></strong></span> <span class='ocrx_word' id='word_1_494' title='bbox 985 2873 1094 2915; x_wconf 82' lang='grc' dir='ltr'><strong><em>ζῶντι</em></strong></span> <span class='ocrx_word' id='word_1_495' title='bbox 1119 2875 1208 2928; x_wconf 81' lang='grc' dir='ltr'><strong><em>σκλ.,</em></strong></span> <span class='ocrx_word' id='word_1_496' title='bbox 1233 2863 1461 2907; x_wconf 80' lang='lat' dir='ltr'><strong>Herwerden</strong></span> <span class='ocrx_word' id='word_1_497' title='bbox 1484 2871 1534 2919; x_wconf 80' lang='grc' dir='ltr'><strong><em>τῷ</em></strong></span> <span class='ocrx_word' id='word_1_498' title='bbox 1561 2867 1599 2905; x_wconf 78' lang='grc' dir='ltr'><strong>δ’</strong></span> <span class='ocrx_word' id='word_1_499' title='bbox 1624 2868 1739 2906; x_wconf 75' lang='grc' dir='ltr'><strong><em>οὐδὲν</em></strong></span> 
     </span>
     <span class='ocr_line' id='line_1_53' title="bbox 212 2907 1736 2966; baseline -0.001 -11"><span class='ocrx_word' id='word_1_500' title='bbox 212 2923 288 2955; x_wconf 77' lang='grc' dir='ltr'><strong><em>σκλ.</em></strong></span> <span class='ocrx_word' id='word_1_501' title='bbox 315 2941 361 2946; x_wconf 85' lang='grc'><strong>-</strong></span> <span class='ocrx_word' id='word_1_502' title='bbox 392 2921 435 2956; x_wconf 91' lang='lat' dir='ltr'>V.</span> <span class='ocrx_word' id='word_1_503' title='bbox 465 2925 564 2957; x_wconf 88' lang='lat'><strong>1195.</strong></span> <span class='ocrx_word' id='word_1_504' title='bbox 592 2933 678 2966; x_wconf 86' lang='grc' dir='ltr'><strong><em>μητι</em></strong></span> <span class='ocrx_word' id='word_1_505' title='bbox 703 2920 752 2966; x_wconf 86' lang='grc' dir='ltr'><strong>Α,</strong></span> <span class='ocrx_word' id='word_1_506' title='bbox 785 2917 874 2966; x_wconf 90' lang='grc' dir='ltr'><strong><em>μήτε</em></strong></span> <span class='ocrx_word' id='word_1_507' title='bbox 901 2919 931 2955; x_wconf 85' lang='grc'><strong>*.</strong></span> <span class='ocrx_word' id='word_1_508' title='bbox 975 2921 1120 2955; x_wconf 84' lang='lat' dir='ltr'><strong>Ahrens</strong></span> <span class='ocrx_word' id='word_1_509' title='bbox 1146 2916 1196 2965; x_wconf 88' lang='grc' dir='ltr'><strong>μή</strong></span> <span class='ocrx_word' id='word_1_510' title='bbox 1221 2932 1289 2955; x_wconf 92' lang='grc' dir='ltr'><strong><em>τοι.</em></strong></span> <span class='ocrx_word' id='word_1_511' title='bbox 1317 2940 1360 2946; x_wconf 78' lang='lat'><strong>--</strong></span> <span class='ocrx_word' id='word_1_512' title='bbox 1387 2907 1581 2964; x_wconf 79' lang='grc' dir='ltr'><strong><em>ἐπίορκον,</em></strong></span> <span class='ocrx_word' id='word_1_513' title='bbox 1608 2917 1638 2953; x_wconf 93' lang='grc' dir='ltr'><strong>Ο</strong></span> <span class='ocrx_word' id='word_1_514' title='bbox 1665 2915 1736 2954; x_wconf 77' lang='grc' dir='ltr'><strong>ἐπὶ’</strong></span> 
     </span>
    </p>
   </div>
  </div>
 </body>
</html>
