1890 3216
795 195 923 231 ARCH
931 195 940 230 l
946 194 1148 233 LOCHUS.
1653 193 1741 236 409

863 317 932 360 89.
966 317 1073 371 [60.]

268 408 404 468 Ἐρέω
436 410 521 454 τιν’
557 408 666 467 ὑμῖν
699 408 852 463 αἶνον,
886 405 920 457 ὦ
951 411 1207 469 ’Κηρυκίδη

331 480 560 540 ἀχνυμένη
594 481 808 540 σκυτάλη·

274 556 468 611 πίθηκος
498 555 567 614 ᾔει
599 558 777 612 θηρίων
809 553 1074 612 άποκριθείς

331 628 501 683 μοῦνος
532 623 608 671 ἀν’
644 625 871 684 ἐσχατιήν

225 710 246 744 5
271 700 332 759 τῷ
366 696 407 742 δ’
443 692 517 756 ἆρ’
554 695 735 756 ἀλώπηξ
766 700 982 757 κερδαλέη
1015 698 1260 758 συνήντετο

331 768 506 815 πυκνὸν
538 773 702 828 ἔχουσα
732 769 858 816 νόον.

297 914 354 950 Fr.
380 917 437 950 89.
489 914 658 950 Ammon
692 918 730 949 6:
763 913 825 949 καὶ
858 911 970 949 πάλιν
1004 910 1096 950 όταν
1127 914 1216 961 λέγῃ
1249 912 1494 962 (Ἀρχίλοχος)
1529 913 1622 961 ἐρέω
1662 946 1668 952 .
1698 946 1704 953 .
1733 944 1741 952 .

200 959 374 1007 σκυτάλη.
409 958 480 998 εἶτ’
515 959 704 1006 ἐπιφέρει·
739 963 914 1007 Πίθηκος
950 959 1009 1008 ἤει
1041 966 1115 998 κτλ.
1166 963 1327 999 Videtur
1357 966 1483 999 autem
1516 964 1609 999 nihil
1646 964 1743 1000 inter

201 1010 244 1047 V.
272 1014 292 1045 2
319 1011 358 1045 et
382 1014 403 1045 3
430 1009 607 1046 omissum
635 1020 724 1045 esse.
777 1009 917 1045 Eadem
945 1010 1064 1046 Cram
1092 1010 1161 1047 An.
1184 1012 1264 1046 P.ar
1292 1011 1741 1058 111371‚13.Apost01.

199 1057 338 1102 Praei,
363 1059 401 1093 et
427 1070 459 1094 v.
487 1061 552 1092 2-
559 1061 580 1093 6
608 1057 908 1102 Eust.1769‚1
936 1079 981 1084 -
1007 1058 1050 1094 V.
1081 1063 1110 1095 1.
1138 1061 1171 1094 K
1173 1060 1333 1104 η’ρυκιδη
1367 1039 1583 1117 amliiguum
1618 1061 1741 1095 utrum

199 1105 251 1141 sit
275 1116 411 1141 nomen
435 1104 639 1159 proprium,
665 1116 713 1140 an
739 1105 862 1151 gentis
889 1105 975 1151 (vid.
1004 1106 1111 1142 Phot.
1139 1108 1369 1152 Κηρυκίὸαι·
1397 1105 1507 1152 γένος
1529 1105 1738 1153 Ἀθήνησιν,

198 1152 311 1197 adde,
347 1151 519 1198 quamvis
557 1152 705 1188 diversa
739 1153 844 1198 origo
879 1154 1041 1189 nominis
1076 1156 1328 1200 Κηρουχίδαι,
1361 1166 1456 1200 quae
1489 1154 1636 1191 Milesia
1670 1155 1744 1191 fuit

200 1211 310 1245 gens,
348 1200 422 1237 vid.
451 1201 641 1246 Hesych.)‚
680 1212 727 1235 an
766 1201 925 1246 denique
963 1202 1246 1248 appellativum.
1299 1201 1473 1239 Ceterum
1516 1203 1635 1240 Cram.
1670 1205 1739 1239 An.

197 1228 328 1294 Apost.
354 1248 550 1293 quvBthn
578 1251 620 1284 ut
643 1248 800 1284 fortasse
826 1248 930 1284 aliud
957 1249 1049 1295 quid
1077 1250 1212 1306 luteat3
1221 1250 1365 1308 possis
1399 1251 1471 1286 huc
1505 1251 1641 1307 referre
1667 1250 1739 1287 Lu-

199 1295 292 1354 oiim.
314 1296 486 1332 Pseudol.
507 1307 538 1332 ο.
560 1300 599 1331 22
626 1293 730 1341 Πρὸς
755 1291 781 1332 ἅ
806 1309 869 1351 μοι
895 1298 982 1332 δοκε
987 1312 1001 1332 ι
1027 1294 1112 1333 οὐδ’
1141 1294 1190 1333 α“ν
1216 1295 1235 1333 ὁ
1261 1294 1463 1355 Ἀρχίλοχος
1488 1294 1604 1339 αὐτὸς
1630 1300 1735 1343 διαρ-

199 1343 308 1380 adcon
342 1342 724 1403 προςπαρακαλέεαςη
736 1343 800 1379 καὶ
830 1342 896 1380 τὸν
931 1346 1149 1390 Σιμωνίδην
1182 1346 1246 1381 καὶ
1279 1344 1343 1381 τὸν
1371 1343 1611 1382 Ιππωνακτα
1647 1359 1736 1402 συμ-

199 1441 340 1480 παῖδας
364 1436 567 1486 ἀπέφηνας
594 1436 635 1476 ἔν
667 1437 769 1487 πάσῃ
806 1441 984 1490 βδελυρίᾳ
1016 1441 1092 1476 τὸν
1122 1437 1295 1499 Ὀροδοι
1305 1443 1439 1487 κίὸην
1471 1441 1517 1486 (A
1544 1438 1737 1498 ὀροδίκην,

199 1487 228 1522 Ε
255 1483 495 1544 ὄροδοκίδην,
521 1488 575 1523 Fa
599 1484 791 1543 ὀροκίδην,
818 1478 1023 1544 aliquando
1050 1489 1192 1525 conieci
1212 1486 1553 1534 Οδοιὸοκίὸην)
1579 1489 1645 1525 καὶ
1669 1488 1737 1525 τὸν

199 1532 408 1583 Λυκάμβην
433 1536 499 1571 καὶ
523 1533 589 1571 τὸν
618 1533 827 1579 Βούπαλον,
853 1533 948 1575 τοὺς
967 1534 1124 1572 ἐκείνων
1150 1535 1318 1584 ἰάμβους.
1351 1549 1439 1572 nam
1465 1549 1601 1573 nomen
1630 1536 1738 1582 illud,

157 1602 162 1607 ·
199 1583 301 1628 quod
326 1586 456 1628 aperte
483 1586 715 1628 corruptum,
747 1595 820 1618 non
854 1595 898 1619 ex
931 1583 1138 1640 Simonide,
1175 1585 1239 1620 sed
1258 1585 1398 1642 potius
1431 1597 1475 1620 ex
1509 1585 1738 1621 Archilocho

199 1630 361 1687 petitum
400 1630 557 1666 videtur.
617 1630 790 1687 Hartung
827 1642 895 1667 scr.
936 1625 964 1666 ὦ
1004 1633 1206 1689 κηρυκίὸαι
1231 1629 1449 1691 ἀχνύμενοι
1488 1630 1665 1679 σκυτάλῃ.
1694 1653 1738 1658 -

200 1677 243 1714 V.
270 1682 303 1714 2.
330 1674 525 1736 ἀχνυμένη
552 1675 727 1737 σκυτάλῃ,
755 1679 874 1715 Cram.
901 1679 959 1713 An
996 1678 1066 1725 Ap.
1092 1676 1286 1726 ἀχνυμένῃ
1314 1678 1490 1727 σκυτάλῃ,
1516 1692 1584 1716 nec
1609 1683 1739 1716 tamen

198 1728 398 1772 propterea
434 1723 651 1772 ἀχνυμένην
686 1724 850 1772 σκυτάλη
853 1740 874 1761 ν
907 1727 1118 1772 legendum.
1171 1727 1298 1764 Utitur
1328 1728 1398 1763 hoc
1434 1739 1542 1764 versu
1573 1729 1735 1764 Demetr.
1790 1745 1793 1747 ·

198 1774 244 1809 de
277 1773 370 1809 eloc.
397 1785 427 1809 c.
455 1777 476 1809 5
503 1774 626 1817 (Rhet.
652 1773 703 1809 IX
728 1775 777 1818 5).
813 1773 935 1811 Schol.
963 1774 1070 1811 Pind.
1100 1774 1155 1811 Ol.
1184 1775 1234 1810 VI
1262 1779 1347 1819 154,
1381 1776 1426 1811 cf.
1453 1775 1553 1812 Plut.
1581 1775 1655 1822 Sep
1657 1777 1735 1811 tem

200 1821 286 1868 Sap.
314 1824 419 1857 conv.
447 1833 474 1858 c
505 1826 537 1858 8.
564 1822 691 1857 Arsen
719 1825 775 1858 89.
826 1821 880 1858 De
907 1819 1069 1870 σκυτάλῃ
1102 1823 1202 1869 apud
1236 1804 1501 1860 Archilochum
1536 1823 1738 1869 scripserat

199 1869 422 1915 Apollonius
462 1869 628 1906 Rhodius
658 1869 807 1914 (Athen.
834 1870 868 1905 X
893 1874 960 1906 451
990 1871 1036 1915 D)
1069 1875 1107 1907 et
1140 1871 1407 1917 Aristophanes
1441 1871 1641 1916 Byzantius
1672 1872 1735 1916 (ib.

198 1916 250 1952 Ill
276 1920 334 1961 85,
360 1917 418 1961 E),
444 1928 647 1963 equorum
674 1917 779 1953 libris
804 1918 865 1953 vel
891 1929 935 1953 ex
968 1919 1119 1954 scholiis
1151 1918 1189 1954 in
1221 1918 1488 1955 Archilochum
1522 1919 1645 1965 petita.
1678 1919 1731 1954 vi-

199 1964 352 2010 (lentur,
377 1975 475 2022 quae
489 1929 610 2001 qaffert
635 1965 785 2000 Pindari
812 1966 927 2002 schol.
957 1988 999 1991 —
1027 1966 1069 2002 V.
1097 1971 1130 2002 3.
1156 1968 1304 2011 θηρίων
1331 1963 1575 2012 άποκριθειᾞς
1610 1966 1730 2004 Grani.

199 2013 338 2070 θηρίον
359 2009 604 2069 ,ὑποκριθείς
632 2033 676 2038 -
701 2012 745 2048 V.
773 2016 794 2048 5
821 2014 860 2049 et
885 2017 905 2048 6
933 2013 1042 2048 affeit
1071 2015 1128 2049 Et
1157 2014 1251 2049 Gud.
1280 2018 1342 2058 19,
1368 2019 1414 2050 23
1449 2017 1654 2060 cornNJuptos
1696 2036 1736 2040 -

199 2053 277 2103 ἆρ’,
303 2056 368 2105 ἄρ’
397 2061 517 2097 Amm.
546 2060 664 2103 Eunt„
689 2062 890 2106 utrumque
917 2062 975 2107 Ap
979 2062 1046 2097 ost.
1070 2061 1331 2107 -κερδαλέη,
1357 2061 1479 2097 Αιιιιιι.
1507 2062 1627 2098 Crarn
1655 2074 1739 2106 κερ-

201 2107 307 2152 ὃαλῆ.
332 2073 529 2153 9Respicit
553 2108 663 2144 Plato
688 2108 841 2154 Rep.1[
869 2112 937 2144 365
951 2074 1004 2153 p,C
1031 2109 1075 2144 cf.
1103 2109 1218 2144 etiam
1244 2109 1313 2145 Dio
1341 2109 1439 2156 Chry
1442 2122 1468 2145 s.
1500 2109 1559 2146 Or.
1588 2109 1738 2146 LXXIV

200 2154 243 2191 T.
269 2120 410 2192 1η[745.
461 2155 605 2191 Aelian.
633 2155 727 2191 Hist.
756 2157 822 2191 An.
850 2156 900 2190 VI
929 2160 983 2192 64.
1035 2157 1194 2192 Basilius
1230 2157 1275 2192 de
1307 2157 1380 2203 leg.
1407 2158 1507 2203 gent.
1534 2157 1568 2191 II
1594 2169 1630 2203 p.
1660 2160 1739 2192 183.

202 2223 247 2227 ——
284 2202 435 2238 Initium
468 2202 578 2238 huius
609 2202 837 2238 narrationis
869 2204 1018 2239 videtur
1050 2204 1221 2249 inprimis
1260 2205 1458 2240 convenire
1496 2216 1580 2240 cum
1610 2204 1741 2240 fabula

200 2249 364 2295 Aesopia
388 2250 434 2286 de
460 2250 570 2286 simia
595 2252 634 2286 et
658 2250 789 2295 vulpe,
816 2262 928 2295 quam
956 2251 1114 2287 Babrius
1139 2252 1269 2297 paucis
1293 2252 1516 2295 illustravit,
1542 2253 1606 2288 ubi
1631 2252 1742 2288 simia

201 2297 361 2333 mendax
386 2297 568 2333 maiorum
595 2309 744 2334 suorum
770 2300 1012 2334 monumenta
1047 2300 1179 2335 iactat:
1213 2300 1295 2345 itaq
1297 2312 1343 2336 ue
1374 2302 1475 2336 recte
1508 2280 1740 2336 'Huschkium

202 2345 297 2382 haec
321 2345 574 2391 composuisse
599 2344 756 2391 largior,
782 2348 823 2381 at
847 2346 946 2382 idem
975 2347 1219 2383 Archilochus
1251 2348 1309 2384 vel
1345 2347 1384 2383 in
1416 2347 1549 2383 eodem
1574 2347 1739 2383 carmine

203 2393 264 2428 vel
289 2392 328 2428 in
352 2393 428 2429 alio
454 2393 568 2439 (quod
585 2394 744 2447 ‚quidem
772 2393 919 2428 eosdem
946 2405 1119 2430 numeros
1150 2395 1379 2439 ostentabat)
1411 2395 1601 2431 enarravit
1632 2395 1739 2431 fabu-

204 2441 281 2477 lam
309 2440 355 2476 de
381 2440 492 2476 simia
516 2440 656 2486 regiam
692 2440 916 2485 dignitatem
950 2444 1078 2486 nacta,
1111 2443 1175 2478 sed
1209 2443 1432 2489 vulpeculae
1464 2442 1659 2478 fraudibus
1690 2443 1738 2478 ir-

203 2489 328 2532 retita,
355 2487 428 2523 vid.
449 2488 543 2524 QFab
573 2490 655 2524 Aes.
683 2492 728 2523 29
742 2489 815 2542 .(44
841 2488 897 2524 ed.
925 2489 1061 2533 Halm.)
1088 2491 1126 2525 et
1151 2501 1276 2526 novar.
1305 2490 1378 2527 fab.
1407 2490 1534 2526 Babrii
1567 2490 1691 2546 syllog
1692 2502 1738 2526 en

205 2539 249 2571 23
283 2536 340 2572 ed.
367 2535 499 2571 Lewis.
550 2535 657 2571 Hanc
691 2534 791 2571 enim
825 2535 992 2572 fabulam
1027 2537 1227 2573 manifesto
1267 2539 1438 2583 spectent
1469 2538 1513 2573 fr.
1540 2542 1586 2573 90
1612 2540 1652 2574 et
1681 2542 1738 2573 91.

205 2583 277 2619 Sed
313 2583 578 2619 Archilochum
610 2583 655 2619 de
687 2583 796 2618 simia.
827 2583 942 2619 etiam
973 2583 1068 2620 alias
1099 2584 1247 2620 fabulas
1279 2586 1355 2620 suis
1387 2585 1615 2620 carminibus
1645 2585 1739 2621 inse·

203 2631 322 2667 ruisse
348 2630 506 2667 coniicio
538 2642 582 2666 ex
615 2630 780 2666 Aristide
806 2630 837 2665 ΙΙ
863 2635 932 2666 398
959 2632 1081 2676 (Phot.
1104 2632 1199 2667 Bibl.
1221 2636 1290 2668 437
1316 2632 1402 2689 B):
1406 2631 1671 2689 περιέρχονται
1695 2632 1737 2669 δὲ

203 2674 324 2719 ἄλλως
350 2679 493 2738 βροτῶν
520 2679 658 2734 είδωλα
684 2675 894 2734 καμόντων,
915 2676 1092 2715 Ησιόδου
1112 2680 1292 2725 κηφῆνες,
1316 2676 1481 2736 Αρχιλο
1492 2693 1572 2725 χον
1598 2681 1738 2726 πίθη-

204 2739 294 2772 κοι,
321 2725 390 2762 δύο
419 2724 568 2772 μορφὰς
596 2724 745 2771 ἔχοντες
770 2722 855 2760 ἀντὶ
882 2727 992 2770 τριῶν
1019 2727 1083 2772 τῆς
1109 2728 1286 2773 τραγικῆς
1336 2725 1409 2768 οός.
1446 2739 1542 2772 quae
1567 2730 1741 2773 spectant

205 2773 282 2809 sive
313 2774 361 2809 ad
393 2774 560 2810 fabulam
592 2774 638 2809 de
674 2772 783 2809 simia.
817 2772 967 2810 leonina
1001 2775 1099 2820 pelle
1135 2774 1269 2810 induta
1318 2774 1364 2810 cf.
1399 2773 1549 2810 Lucian.
1576 2775 1736 2821 Philops

205 2831 235 2856 c.
263 2823 298 2866 5)
325 2821 402 2857 sive
427 2821 554 2867 potius
581 2822 628 2856 ad
661 2821 789 2856 simias
820 2821 1062 2867 pyrrhichen‘-
1077 2822 1258 2858 saltantes
1289 2822 1392 2867 (Fab.
1418 2822 1554 2868 Aesop.
1582 2827 1652 2859 360
1678 2823 1736 2860 ed.

204 2868 327 2904 Halm.
353 2868 479 2905 Babrii
505 2880 590 2905 nov.
617 2881 658 2914 sy
659 2869 698 2904 ll.
728 2870 804 2913 78);
840 2879 923 2904 nam
952 2869 1121 2914 quamvis
1149 2869 1312 2916 Aegypti
1338 2881 1402 2905 rex
1432 2869 1487 2905 ibi
1513 2881 1738 2925 commemo-

205 2917 307 2951 retur
337 2916 503 2960 <Lucian.
529 2916 666 2952 Piscat.
693 2918 753 2959 36)
787 2916 846 2951 vel
881 2916 1081 2962 Cleopatra
1107 2917 1169 2962 (id.
1198 2917 1356 2964 Apolog.
1383 2928 1413 2953 c.
1441 2919 1495 2962 5),
1529 2917 1612 2963 ipsa
1638 2920 1738 2954 certe

205 2962 335 2999 fabula
360 2962 518 3010 antiqua
543 2966 610 2999 est.
662 2964 830 3008 Denique
856 2964 939 3000 fort
968 2975 1011 3000 ex
1040 2963 1263 3001 Archilocho
1294 2965 1453 3011 petitum
1486 2964 1737 3012 proverbium,
