1890 3216
682 195 1201 235 PSEUDOPHOCYLIDEA.
1625 201 1708 243 109

266 303 415 366 δούλῳ
447 303 581 349 τακτὰ
615 306 787 364 νέμοις,
826 307 902 351 ἵνα
932 323 1001 351 τοι
1034 306 1311 365 καταθύμιος
1343 312 1423 365 εἴη.

170 388 239 422 225
265 380 479 434 στίγματα
512 375 571 435 μὴ
604 376 802 437 γράψῃς,
835 378 1121 432 ἐπονειδίζων
1152 377 1422 438 θεράποντα.

265 451 434 493 δοῦλον
466 447 525 506 μὴ
558 448 732 508 βλάψῃς
763 467 825 506 τι,
857 451 1144 509 κακηγορέων
1176 450 1280 509 παρ’
1317 450 1485 497 ἄνακτι.

265 519 463 578 λάμβανε
495 520 568 565 καὶ
600 520 773 578 βουλὴν
805 520 923 580 παρά
956 520 998 579 γ’
1035 522 1210 567 οἰκέτου
1241 516 1291 566 εὖ
1324 523 1610 581 φρονέοντος.

325 590 518 650 [(Αγνειή
552 595 715 650 ψυχῆς,
749 590 803 637 οὐ
836 592 1060 651 σώματος,
1093 594 1177 638 εἰσὶ
1209 598 1468 652 καθαρμοί.]
1639 608 1707 640 215

327 667 477 709 Ταῦτα
509 663 800 721 δικαιοσύνης
831 665 1070 724 μυστήρια·
1102 674 1201 710 τοῖα
1232 669 1433 723 βιεῦντες
1638 680 1706 713 475

168 749 237 782 230
264 736 380 794 ζωὴν
413 734 641 782 ἐκτελεόιτ’
676 734 859 794 ἀγαθὴν
890 737 1016 795 μέχρι
1048 735 1216 795 γήραος
1248 735 1403 782 οὐδοῦ.

262 867 306 904 V.
334 871 414 904 224.
442 865 582 916 δούλῳ,
607 868 703 913 Mpr.
730 867 853 903 δοῦλε.
881 888 925 894 -
954 866 1100 913 νέμοις
1125 866 1256 914 νέμειν
1281 868 1349 905 Va.
1377 890 1419 894 —
1454 883 1511 906 τοι
1539 899 1546 907 .
1569 900 1576 908 .
1601 899 1608 906 .
1636 872 1708 929 εἴη,

167 916 223 952 V2
251 914 290 952 οἴ
308 944 339 952 ..
356 917 482 962 .ει’ἠς,
508 918 547 952 et
572 917 653 973 εἴης
678 915 819 951 Tam.
840 927 886 960 s.‚
914 915 1092 951 Schaefer
1117 882 1196 973 εἰζηῗ
1212 936 1253 941 -
1284 916 1323 951 V.
1346 920 1426 952 225
1453 917 1546 963 Mpr.
1572 918 1706 976 στιγμά

166 965 206 1000 et
225 961 473 1006 ἐπονειδίζον.
495 984 539 990 —
565 961 732 1010 γράψῃς,
760 962 817 998 Va
835 943 995 1020 γράφης.
1017 984 1062 988 -
1088 961 1323 1020 θεράποντα,
1350 964 1467 1001 V2Va
1486 963 1706 1024 θεραποντι.

166 1032 213 1040 ...-
237 1011 282 1047 V.
310 1015 391 1047 226.
419 1011 574 1056 δοῦλον,
601 1011 632 1046 Τ
658 1011 804 1052 δοῦλος.
831 1031 876 1039 -
911 1007 1074 1068 βλάψῃς,
1108 1011 1137 1046 Β
1162 1009 1332 1058 πλάψῃς,
1358 1012 1449 1047 V1T
1475 1011 1635 1061 γράψῃς.
1664 1036 1707 1041 -

166 1072 203 1095 τι
227 1070 298 1095 om.
315 1059 396 1095 ΜΒ.
423 1079 469 1086 -
494 1058 751 1118 κακηγορέων,
780 1058 837 1094 Va
861 1060 960 1104 κακῆ
974 1055 1178 1116 αγορέων,
1206 1059 1243 1094 Μ
1269 1059 1520 1105 κατηγορέων.
1542 1082 1583 1087 —
1611 1060 1706 1107 παρ’

166 1120 304 1143 ανακτι
323 1106 475 1165 MVaB,
502 1120 578 1152 παρ
622 1119 789 1147 ανακτος
814 1107 888 1163 V,1
914 1103 1009 1152 πρὸς
1033 1104 1181 1143 ἄνακτα
1210 1108 1238 1143 Ρ
1263 1109 1306 1143 ut
1330 1108 1456 1154 vulgo.
1485 1130 1531 1135 —
1556 1109 1599 1146 V.
1626 1115 1706 1147 227.

165 1152 269 1201 παρά
296 1151 333 1200 γ’
361 1154 511 1201 scripsi,
536 1155 734 1201 legebatur
752 1151 870 1200 παρὰ,
894 1153 1006 1189 V1A1
1030 1151 1136 1212 παρ’.
1172 1155 1317 1190 Vocula
1336 1154 1377 1200 γε
1398 1157 1498 1192 haud
1519 1169 1706 1204 quaquam

167 1203 317 1251 στοιβῆς
341 1203 422 1239 vice
449 1202 634 1249 fungitur,
666 1214 755 1238 nam
781 1214 866 1238 cum
891 1198 984 1248 παρ’
1013 1196 1057 1238 εὖ
1084 1200 1315 1248 φρονέοντός
1340 1216 1380 1249 γε
1408 1203 1556 1240 οἰκέτου
1583 1206 1705 1242 dicen-

166 1251 258 1286 dum
283 1252 399 1296 esset,
433 1248 476 1296 γὲ
509 1249 781 1297 praepositioni
811 1250 1009 1309 adhaeret,
1041 1251 1146 1286 cuius
1178 1251 1409 1287 traiectionis
1435 1254 1607 1310 exempla
1631 1266 1707 1290 non

165 1297 287 1334 solum
314 1298 413 1345 apud
439 1298 643 1335 Homerum
677 1298 795 1343 (velut
819 1294 966 1343 ἄριστοι
991 1299 1066 1334 τῶν
1092 1295 1215 1334 αλλων
1242 1296 1335 1344 μετά
1362 1295 1399 1344 γ’
1429 1297 1548 1336 αυτὸν
1575 1304 1614 1337 et
1638 1300 1706 1337 σύν

164 1359 206 1392 ’γε
232 1347 398 1392 θεοῖσιν)
431 1347 470 1382 et
493 1346 659 1390 reliquos
683 1348 835 1392 poetas,
867 1346 933 1382 sed
966 1346 1082 1382 etiam
1113 1347 1214 1392 apud
1240 1347 1472 1383 Herodotum
1499 1351 1536 1384 et
1561 1349 1707 1386 Atticos

166 1394 366 1451 scriptores
392 1395 532 1430 extant.
570 1393 694 1429 Minus
719 1396 821 1430 recte
846 1395 960 1430 antea
986 1392 1175 1453 βούλευμα
1201 1391 1293 1452 παρ’
1319 1396 1515 1453 proposui,
1541 1397 1706 1443 Bernays

165 1454 270 1487 παρα
296 1438 435 1478 δούλου
463 1439 758 1499 ε’ὕφρονέοντος.
782 1462 827 1467 -
866 1435 910 1477 εὖ
937 1440 1183 1488 φρονέοντος,
1217 1438 1494 1488 εὖφρονέοντος
1519 1443 1625 1480 MA1.
1661 1467 1704 1471 —

168 1490 211 1526 V.
244 1493 325 1526 228.
365 1486 500 1536 ἁγνείη
531 1490 674 1547 ψυχῆς,
713 1485 758 1525 οὖ
793 1501 980 1536 σωματος,
1019 1489 1092 1526 εἰσὶ
1129 1492 1342 1536 καθαρμοί,
1383 1491 1473 1527 olim
1511 1492 1707 1538 legebatur

165 1534 318 1596 ἁγνεῖαι
342 1538 467 1584 ψυχῆς
491 1539 559 1573 τοῦ
586 1534 758 1595 σώματός
782 1537 855 1573 εἰσι
880 1539 1092 1594 καθαρμοί,
1127 1537 1279 1574 Brunck
1304 1550 1389 1574 suos
1415 1542 1563 1575 secutus
1589 1540 1704 1577 libros

163 1583 300 1642 αγνείη
327 1587 452 1631 ψυχῆς
477 1586 543 1621 τοῦ
571 1583 742 1631 σωματός
768 1582 845 1621 ἐστι
870 1582 1082 1632 καθαρμός.
1128 1586 1230 1621 Libri
1255 1587 1413 1623 variant.
1457 1583 1591 1634 ἆγνείη
1619 1589 1706 1624 libri

165 1633 211 1677 (T
237 1630 284 1679 ἀγ
264 1634 367 1679 γνίη,
394 1633 488 1680 Mpr.
514 1630 683 1679 ἁγνείης)
710 1634 860 1689 praeter
885 1633 914 1668 P
941 1634 980 1668 et
1003 1633 1058 1669 A1
1087 1633 1152 1679 qui
1175 1636 1219 1670 ut
1244 1634 1359 1680 vulgo
1384 1631 1546 1680 αγνεῖαι.
1575 1657 1616 1663 -
1656 1634 1701 1672 οὐ

163 1660 457 1727 BVaV2,'MA1
487 1693 572 1726 σου,
605 1681 635 1716 Τ
663 1681 750 1726 σοῦ,
785 1681 895 1728 vulgo
921 1682 1002 1716 τοῦ.
1033 1702 1081 1708 —-
1116 1680 1188 1717 εἰσι
1214 1684 1341 1728 καθαρ
1321 1684 1412 1728 ρμοί
1432 1682 1601 1741 MV12P‚
1628 1681 1705 1720 ἐστὶ

165 1725 274 1775 (ἐστι)
305 1710 507 1774 καθαρμός
530 1727 589 1764 Va
628 1730 667 1764 et
704 1729 777 1765 duo
812 1728 991 1764 Brunckii
1028 1729 1126 1766 libri.
1177 1730 1390 1776 Negatioue
1426 1744 1470 1767 ου
1506 1731 1545 1767 in
1581 1732 1703 1768 locum

165 1776 373 1822 importuni
398 1777 465 1812 τοῦ
485 1777 583 1822 (σοῦ)
610 1777 786 1812 restituta
811 1788 857 1812 ex
880 1777 995 1813 trium
1020 1777 1200 1813 librorum
1226 1778 1451 1814 auctoritate
1477 1790 1604 1815 versus
1630 1780 1702 1826 pri-

164 1823 301 1861 stinum
317 1823 490 1860 nitorem
515 1825 767 1871 recuperavit,
794 1824 899 1860 cuius
926 1825 1019 1861 haec
1050 1826 1108 1862 est
1133 1825 1320 1862 sententia
1345 1827 1498 1873 mentis,
1524 1838 1599 1863 non
1625 1839 1702 1864 cor-

163 1870 266 1926 poris
292 1871 533 1908 sanctitatem
565 1872 604 1908 in
634 1872 749 1909 sacris
780 1873 997 1909 lustralibus
1027 1884 1136 1909 omne
1162 1874 1394 1910 momentum
1425 1874 1560 1911 facere.
1612 1874 1703 1911 Con-

165 1919 284 1977 spirat
308 1919 425 1966 igitur
452 1920 514 1956 hic
539 1931 666 1956 versus
693 1921 910 1980 planissime
936 1932 1021 1956 cum
1046 1924 1334 1982 programmate
1350 1921 1555 1968 Epidaurio
1581 1920 1704 1967 ἁγνόν

163 1965 233 2014 χρὴ
259 1973 367 2014 νηοῖο
392 1965 567 2009 θυώδεος
593 1965 700 2009 ἐντὸς
731 1966 839 2004 ἰόντα
875 1966 1053 2023 ἔμμεναι·
1089 1966 1222 2015 ἁγνείη
1250 1966 1286 2004 δ’
1317 1967 1393 2006 ἐστὶ
1420 1975 1577 2016 φρονεῖν
1604 1968 1702 2017 ὅσια,

165 2015 268 2061 quod
305 2018 455 2062 praeter
494 2016 723 2052 Clementem
756 2016 860 2052 Alex.
894 2015 1069 2052 adhibuit
1105 2017 1178 2052 Por
1177 2018 1286 2063 p.hyr
1326 2018 1371 2053 de
1411 2019 1613 2054 abstin.11
1648 2023 1702 2063 19,

165 2062 418 2110 Theophrasti
443 2063 543 2119 libro
560 2063 648 2110 περὶ
667 2061 864 2120 εὐσεβείας
883 2076 971 2100 usus
996 2065 1059 2111 (cf.
1079 2065 1242 2111 Bernays
1263 2065 1308 2100 de
1329 2065 1516 2112 Theophr.
1540 2071 1582 2102 77
1598 2078 1672 2112 seq.
1678 2047 1702 2121 );

163 2122 286 2156 neque
317 2111 450 2147 dubito
480 2111 571 2158 quin
602 2111 791 2157 antiquius
828 2113 901 2148 hoc
932 2113 1164 2159 epigramma
1195 2113 1433 2149 obversatum
1469 2114 1518 2149 sit
1548 2114 1599 2158 ei,
1638 2115 1701 2160 qui

163 2159 262 2195 hunc
281 2170 428 2214 yersum
449 2159 590 2214 panxit.
629 2160 753 2196 Tueor
777 2163 904 2196 autem
930 2161 1113 2215 pluralem
1133 2162 1339 2217 καθαρμοί,
1366 2173 1439 2206 quo
1459 2161 1699 2197 lustrationes

163 2205 202 2242 in
227 2206 443 2243 universum
463 2206 540 2244 dici
559 2207 691 2252 solent,
716 2219 805 2244 nam
825 2207 970 2244 librarii
990 2220 1054 2244 cur
1074 2208 1276 2255 καθαρμός
1294 2209 1562 2252 substituerint,
1588 2209 1701 2245 facile

164 2254 799 2358 235²2flssassifsssssffin..ffiffle’
817 2256 1538 2350 13¹²33..f.⁰¹.223333.13¹²1‘332.1¹{²..mzsssssssss
1563 2257 1700 2341 ζὲἲέἰῖἷ

163 2349 322 2386 subiecti
347 2350 428 2386 vice
453 2350 647 2397 fungatur,
681 2350 814 2388 Graeci
838 2352 877 2387 in
904 2352 1088 2406 eiusmodi
1113 2353 1317 2388 enuntiatis
1349 2352 1449 2388 soliti
1480 2355 1566 2388 sunt
1595 2352 1700 2388 verbi

163 2406 360 2433 numerum
386 2398 667 2435 accommodare
693 2399 853 2436 finitimo
878 2399 1030 2436 nomini.
1082 2401 1160 2435 Iam
1191 2410 1280 2436 vero
1311 2401 1410 2435 hunc
1440 2411 1603 2446 versum,
1636 2401 1699 2446 qui

105 2487 109 2491 ι
164 2445 270 2481 nulla
298 2457 449 2492 prorsus
481 2446 755 2484 necessitudine
788 2459 872 2483 cum
907 2447 1060 2492 reliquis
1091 2451 1150 2484 est
1180 2448 1415 2493 coniunctus,
1447 2448 1495 2483 ab
1527 2448 1602 2483 alio
1635 2449 1697 2483 ad

163 2492 302 2529 iectum
335 2505 415 2533 esse
448 2496 737 2531 consentaneum
770 2497 842 2531 est:
880 2495 1009 2540 itaque
1042 2495 1218 2532 cancellis
1249 2495 1349 2541 sepsi
1378 2498 1581 2541 praeeunte
1612 2495 1698 2531 Ber-

162 2541 304 2587 naysio.
356 2541 452 2578 Sane
486 2544 636 2588 poterat
669 2543 780 2597 huius
814 2542 1000 2589 poematis
1035 2544 1166 2579 auctor
1199 2554 1347 2579 versum
1380 2542 1560 2579 subiicere
1592 2554 1697 2597 prae-

165 2590 292 2643 cepto,
317 2589 419 2634 quod
445 2589 649 2626 scribarum
675 2590 820 2626 incuria
839 2590 1149 2636 praetermiserit,
1175 2591 1241 2627 sed
1260 2591 1361 2626 haud
1382 2589 1458 2626 scio
1479 2601 1525 2625 an
1552 2591 1697 2626 animus

163 2635 345 2683 religione
372 2638 410 2673 et
434 2637 645 2684 praeceptis
671 2638 908 2685 opinionibus
941 2638 1054 2683 liber,
1087 2649 1198 2683 quem
1230 2639 1301 2674 hoc
1328 2638 1517 2674 decretum
1543 2649 1631 2683 prae
1658 2649 1697 2674 se

163 2683 256 2728 fert,
281 2684 321 2720 in
344 2684 458 2720 istum
483 2686 674 2722 hominem
699 2686 820 2722 cadat.
843 2707 886 2711 —
912 2686 956 2722 V.
979 2689 1059 2721 229.
1086 2690 1170 2721 τοῖα
1191 2686 1297 2722 codd.
1319 2688 1361 2721 ut
1385 2685 1532 2721 videtur
1557 2696 1696 2729 omnes,

163 2733 311 2778 praeter
335 2733 479 2769 MaA13
513 2733 578 2779 qui
610 2735 652 2769 ut
676 2734 790 2779 vulgo
817 2732 897 2777 οἷα,
929 2734 1029 2779 quod
1053 2733 1204 2769 Brunck
1236 2745 1280 2768 ex
1313 2744 1384 2768 uno
1417 2733 1496 2768 cod.
1524 2732 1694 2768 correxit.

163 2800 208 2806 —
237 2779 407 2828 βιεῦντες
430 2792 503 2817 non
529 2792 641 2818 ausus
665 2794 747 2817 sum
772 2782 935 2827 mutare,
960 2792 1186 2838 quamquam
1214 2781 1250 2816 M
1277 2781 1456 2837 βιοῦντες.
1479 2801 1521 2806 -
1549 2781 1591 2817 V.
1614 2785 1694 2817 230.

164 2823 300 2873 οὐδοῦ,
327 2828 613 2866 VaV12A13Ma
637 2825 740 2878 οὐδῷ
766 2829 826 2865 vel
853 2810 971 2873 οὗδῶ,
1004 2829 1033 2864 Β
1059 2825 1176 2873 αδοῦ,
1207 2828 1236 2863 Ρ
1263 2825 1364 2864 οὖδῶ
1390 2839 1467 2864 sive
1493 2824 1631 2874 οὐδοῦ,
1658 2828 1694 2863 Μ

163 2870 274 2922 ὁδου,
299 2875 364 2912 Mb
389 2873 494 2913 ὁδοῦ.
