<?xml version="1.0" encoding="UTF-8"?>
<!DOCTYPE html PUBLIC "-//W3C//DTD XHTML 1.0 Transitional//EN"
    "http://www.w3.org/TR/xhtml1/DTD/xhtml1-transitional.dtd">
<html xmlns="http://www.w3.org/1999/xhtml" xml:lang="en" lang="en">
 <head>
  <title>
</title>
<meta http-equiv="Content-Type" content="text/html;charset=utf-8" />
  <meta name='ocr-system' content='tesseract 3.04.00' />
  <meta name='ocr-capabilities' content='ocr_page ocr_carea ocr_par ocr_line ocrx_word'/>
</head>
<body>
  <div class='ocr_page' id='page_1' title='image "./poetaelyricigrae02berguoft_0498.png"; bbox 0 0 1890 3216; ppageno 0'>
   <div class='ocr_carea' id='block_1_1' title="bbox 172 110 1113 179">
    <p class='ocr_par' dir='ltr' id='par_1_1' title="bbox 172 110 1113 179">
     <span class='ocr_line' id='line_1_1' title="bbox 172 110 1113 179; baseline -0.006 -2"><span class='ocrx_word' id='word_1_1' title='bbox 172 136 259 179; x_wconf 83' lang='lat'><strong><em>488</em></strong></span> <span class='ocrx_word' id='word_1_2' title='bbox 762 110 1113 171; x_wconf 61' lang='lat' dir='ltr'><strong><em>IAMBOGRAPHI.</em></strong></span> 
     </span>
    </p>
   </div>
   <div class='ocr_carea' id='block_1_2' title="bbox 258 291 1474 432">
    <p class='ocr_par' dir='ltr' id='par_1_2' title="bbox 258 291 1474 432">
     <span class='ocr_line' id='line_1_2' title="bbox 831 291 1038 344; baseline -0.005 -10"><span class='ocrx_word' id='word_1_3' title='bbox 831 292 898 334; x_wconf 86' lang='lat'><strong><em>79.</em></strong></span> <span class='ocrx_word' id='word_1_4' title='bbox 932 291 1038 344; x_wconf 67' lang='lat'>[32]</span> 
     </span>
     <span class='ocr_line' id='line_1_3' title="bbox 258 361 1474 432; baseline 0 -13"><span class='ocrx_word' id='word_1_5' title='bbox 258 375 347 419; x_wconf 86' lang='grc' dir='ltr'><em>Καὶ</em></span> <span class='ocrx_word' id='word_1_6' title='bbox 381 374 640 428; x_wconf 79' lang='grc' dir='ltr'><em>δικάζεσθαι</em></span> <span class='ocrx_word' id='word_1_7' title='bbox 673 378 865 426; x_wconf 83' lang='grc' dir='ltr'><strong><em>Βίαντος</em></strong></span> <span class='ocrx_word' id='word_1_8' title='bbox 894 361 976 418; x_wconf 81' lang='grc' dir='ltr'><strong><em>τοῦ</em></strong></span> <span class='ocrx_word' id='word_1_9' title='bbox 1001 373 1233 431; x_wconf 35' lang='grc' dir='ltr'><strong><em>,Πριηνέος</em></strong></span> <span class='ocrx_word' id='word_1_10' title='bbox 1263 374 1474 432; x_wconf 79' lang='grc' dir='ltr'><strong><em>κρέσσων.</em></strong></span> 
     </span>
    </p>
   </div>
   <div class='ocr_carea' id='block_1_3' title="bbox 258 519 1564 660">
    <p class='ocr_par' dir='ltr' id='par_1_3' title="bbox 258 519 1564 660">
     <span class='ocr_line' id='line_1_4' title="bbox 907 519 975 562; baseline 0 0"><span class='ocrx_word' id='word_1_11' title='bbox 907 519 975 562; x_wconf 89' lang='grc'><strong><em>80.</em></strong></span> 
     </span>
     <span class='ocr_line' id='line_1_5' title="bbox 258 587 1564 660; baseline 0 -14"><span class='ocrx_word' id='word_1_12' title='bbox 258 600 391 658; x_wconf 73' lang='grc' dir='ltr'><strong><em>Μηδὲ</em></strong></span> <span class='ocrx_word' id='word_1_13' title='bbox 423 599 686 658; x_wconf 79' lang='grc' dir='ltr'><strong><em>μοιμύλλειν</em></strong></span> <span class='ocrx_word' id='word_1_14' title='bbox 719 603 941 658; x_wconf 88' lang='grc' dir='ltr'><strong><em>Λεβεδιήν</em></strong></span> <span class='ocrx_word' id='word_1_15' title='bbox 975 599 1122 660; x_wconf 78' lang='grc' dir='ltr'><em>ἰσχάδ’</em></span> <span class='ocrx_word' id='word_1_16' title='bbox 1159 587 1208 646; x_wconf 84' lang='grc' dir='ltr'><strong><em>ἐκ</em></strong></span> <span class='ocrx_word' id='word_1_17' title='bbox 1237 603 1564 658; x_wconf 83' lang='grc' dir='ltr'><strong><em>Καμανδωλοῦ.</em></strong></span> 
     </span>
    </p>
   </div>
   <div class='ocr_carea' id='block_1_4' title="bbox 902 747 971 792">
    <p class='ocr_par' dir='ltr' id='par_1_4' title="bbox 902 747 971 792">
     <span class='ocr_line' id='line_1_6' title="bbox 902 747 971 792; baseline -0.014 -1"><span class='ocrx_word' id='word_1_18' title='bbox 902 747 971 792; x_wconf 86' lang='grc'><strong><em>81.</em></strong></span> 
     </span>
    </p>
   </div>
   <div class='ocr_carea' id='block_1_5' title="bbox 301 826 1376 886">
    <p class='ocr_par' dir='ltr' id='par_1_5' title="bbox 301 826 1376 886">
     <span class='ocr_line' id='line_1_7' title="bbox 301 826 1376 886; baseline -0.001 -12"><span class='ocrx_word' id='word_1_19' title='bbox 301 867 308 874; x_wconf 94' lang='grc'><strong>.</strong></span> <span class='ocrx_word' id='word_1_20' title='bbox 342 829 581 886; x_wconf 83' lang='grc' dir='ltr'><strong><em>Στέφανον</em></strong></span> <span class='ocrx_word' id='word_1_21' title='bbox 615 826 736 886; x_wconf 81' lang='grc' dir='ltr'><strong><em>εἶχον</em></strong></span> <span class='ocrx_word' id='word_1_22' title='bbox 768 828 1061 886; x_wconf 80' lang='grc' dir='ltr'><strong><em>κοκκυμήλων</em></strong></span> <span class='ocrx_word' id='word_1_23' title='bbox 1093 828 1166 873; x_wconf 80' lang='grc' dir='ltr'><strong><em>καὶ</em></strong></span> <span class='ocrx_word' id='word_1_24' title='bbox 1198 832 1376 886; x_wconf 85' lang='grc' dir='ltr'><strong><em>μίνθης.</em></strong></span> 
     </span>
    </p>
   </div>
   <div class='ocr_carea' id='block_1_6' title="bbox 835 973 1710 1027">
    <p class='ocr_par' dir='ltr' id='par_1_6' title="bbox 835 973 1710 1027">
     <span class='ocr_line' id='line_1_8' title="bbox 835 973 1710 1027; baseline -0.001 -10"><span class='ocrx_word' id='word_1_25' title='bbox 835 974 903 1017; x_wconf 84' lang='grc'><strong><em>82.</em></strong></span> <span class='ocrx_word' id='word_1_26' title='bbox 938 973 1043 1027; x_wconf 69' lang='grc'>[57]</span> <span class='ocrx_word' id='word_1_27' title='bbox 1642 984 1710 1017; x_wconf 79' lang='lat'><strong><em>775</em></strong></span> 
     </span>
    </p>
   </div>
   <div class='ocr_carea' id='block_1_7' title="bbox 267 1052 1424 1116">
    <p class='ocr_par' dir='ltr' id='par_1_7' title="bbox 267 1052 1424 1116">
     <span class='ocr_line' id='line_1_9' title="bbox 267 1052 1424 1116; baseline 0.001 -16"><span class='ocrx_word' id='word_1_28' title='bbox 267 1059 486 1113; x_wconf 77' lang='grc' dir='ltr'><strong><em>Κυπρίων</em></strong></span> <span class='ocrx_word' id='word_1_29' title='bbox 518 1056 647 1112; x_wconf 86' lang='grc' dir='ltr'><strong><em>βέκος</em></strong></span> <span class='ocrx_word' id='word_1_30' title='bbox 678 1057 878 1113; x_wconf 74' lang='grc' dir='ltr'><strong><em>φαγοῦσι</em></strong></span> <span class='ocrx_word' id='word_1_31' title='bbox 909 1052 1236 1113; x_wconf 76' lang='grc' dir='ltr'><strong><em>κᾶμαθουσίων</em></strong></span> <span class='ocrx_word' id='word_1_32' title='bbox 1267 1056 1424 1116; x_wconf 88' lang='grc' dir='ltr'><strong><em>πυρόν.</em></strong></span> 
     </span>
    </p>
   </div>
   <div class='ocr_carea' id='block_1_8' title="bbox 170 1226 1713 1577">
    <p class='ocr_par' dir='ltr' id='par_1_8' title="bbox 170 1226 1713 1462">
     <span class='ocr_line' id='line_1_10' title="bbox 171 1226 1711 1291; baseline 0.001 -21"><span class='ocrx_word' id='word_1_33' title='bbox 171 1236 200 1270; x_wconf 87' lang='grc' dir='ltr'>Ρ</span> <span class='ocrx_word' id='word_1_34' title='bbox 227 1232 342 1291; x_wconf 79' lang='grc' dir='ltr'><strong><em>δηῦτέ</em></strong></span> <span class='ocrx_word' id='word_1_35' title='bbox 369 1246 452 1279; x_wconf 81' lang='grc' dir='ltr'><strong><em>μοι,</em></strong></span> <span class='ocrx_word' id='word_1_36' title='bbox 478 1232 532 1267; x_wconf 83' lang='lat' dir='ltr'><strong><em>Fl.</em></strong></span> <span class='ocrx_word' id='word_1_37' title='bbox 538 1233 587 1268; x_wconf 67' lang='grc' dir='ltr'><strong><em>ΡΞ</em></strong></span> <span class='ocrx_word' id='word_1_38' title='bbox 616 1226 730 1277; x_wconf 80' lang='grc' dir='ltr'><strong><em>δῆντέ</em></strong></span> <span class='ocrx_word' id='word_1_39' title='bbox 757 1246 821 1278; x_wconf 87' lang='grc' dir='ltr'><strong><em>με,</em></strong></span> <span class='ocrx_word' id='word_1_40' title='bbox 847 1233 879 1268; x_wconf 92' lang='lat' dir='ltr'>D</span> <span class='ocrx_word' id='word_1_41' title='bbox 906 1229 944 1268; x_wconf 80' lang='grc' dir='ltr'><strong><em>δ’</em></strong></span> <span class='ocrx_word' id='word_1_42' title='bbox 973 1246 1021 1269; x_wconf 78' lang='lat' dir='ltr'><strong><em>av</em></strong></span> <span class='ocrx_word' id='word_1_43' title='bbox 1050 1246 1106 1279; x_wconf 90' lang='grc' dir='ltr'><strong><em>με.</em></strong></span> <span class='ocrx_word' id='word_1_44' title='bbox 1158 1233 1211 1270; x_wconf 86' lang='lat' dir='ltr'><strong><em>Cf.</em></strong></span> <span class='ocrx_word' id='word_1_45' title='bbox 1240 1234 1323 1271; x_wconf 84' lang='lat' dir='ltr'>Soh.</span> <span class='ocrx_word' id='word_1_46' title='bbox 1350 1235 1406 1270; x_wconf 90' lang='lat' dir='ltr'><strong><em>He</em></strong></span> <span class='ocrx_word' id='word_1_47' title='bbox 1408 1235 1552 1280; x_wconf 78' lang='lat' dir='ltr'><strong><em>p.haest</em></strong></span> <span class='ocrx_word' id='word_1_48' title='bbox 1579 1247 1615 1282; x_wconf 84' lang='lat' dir='ltr'>p</span> <span class='ocrx_word' id='word_1_49' title='bbox 1644 1239 1711 1272; x_wconf 80' lang='lat'><strong><em>175</em></strong></span> 
     </span>
     <span class='ocr_line' id='line_1_11' title="bbox 171 1261 1711 1329; baseline 0.001 -11"><span class='ocrx_word' id='word_1_50' title='bbox 171 1279 251 1328; x_wconf 85' lang='grc' dir='ltr'><strong><em>(Μὴ</em></strong></span> <span class='ocrx_word' id='word_1_51' title='bbox 279 1282 440 1327; x_wconf 86' lang='grc' dir='ltr'><strong><em>προτίμα</em></strong></span> <span class='ocrx_word' id='word_1_52' title='bbox 468 1276 552 1326; x_wconf 81' lang='grc' dir='ltr'><strong><em>δῆτ’</em></strong></span> <span class='ocrx_word' id='word_1_53' title='bbox 585 1277 649 1326; x_wconf 81' lang='grc' dir='ltr'><strong><em>ε’με</em></strong></span> <span class='ocrx_word' id='word_1_54' title='bbox 677 1282 779 1326; x_wconf 79' lang='grc' dir='ltr'><strong><em>κτλ.,)</em></strong></span> <span class='ocrx_word' id='word_1_55' title='bbox 806 1261 856 1317; x_wconf 78' lang='grc' dir='ltr'><strong><em>Ιό.</em></strong></span> <span class='ocrx_word' id='word_1_56' title='bbox 886 1280 994 1317; x_wconf 82' lang='lat' dir='ltr'>Sicel.</span> <span class='ocrx_word' id='word_1_57' title='bbox 1021 1281 1061 1316; x_wconf 87' lang='lat' dir='ltr'><strong><em>in</em></strong></span> <span class='ocrx_word' id='word_1_58' title='bbox 1086 1281 1195 1317; x_wconf 82' lang='lat' dir='ltr'>Walz</span> <span class='ocrx_word' id='word_1_59' title='bbox 1220 1282 1347 1319; x_wconf 87' lang='lat' dir='ltr'>Rhett.</span> <span class='ocrx_word' id='word_1_60' title='bbox 1374 1282 1427 1318; x_wconf 85' lang='lat' dir='ltr'><strong><em>VI</em></strong></span> <span class='ocrx_word' id='word_1_61' title='bbox 1446 1287 1533 1319; x_wconf 81' lang='lat'>240:</span> <span class='ocrx_word' id='word_1_62' title='bbox 1561 1286 1671 1329; x_wconf 90' lang='grc' dir='ltr'><strong><em>Μητρ</em></strong></span> <span class='ocrx_word' id='word_1_63' title='bbox 1673 1281 1711 1319; x_wconf 93' lang='lat'><strong>6-</strong></span> 
     </span>
     <span class='ocr_line' id='line_1_12' title="bbox 172 1325 1711 1376; baseline 0.001 -10"><span class='ocrx_word' id='word_1_64' title='bbox 172 1332 265 1376; x_wconf 87' lang='grc' dir='ltr'><strong><em>δημε</em></strong></span> <span class='ocrx_word' id='word_1_65' title='bbox 294 1330 374 1365; x_wconf 80' lang='grc' dir='ltr'><strong><em>δεῖν</em></strong></span> <span class='ocrx_word' id='word_1_66' title='bbox 402 1342 445 1375; x_wconf 84' lang='grc' dir='ltr'><strong><em>με</em></strong></span> <span class='ocrx_word' id='word_1_67' title='bbox 473 1342 503 1366; x_wconf 88' lang='grc' dir='ltr'><strong>τ</strong></span> <span class='ocrx_word' id='word_1_68' title='bbox 524 1340 555 1364; x_wconf 90' lang='grc' dir='ltr'><strong><em>σ.</em></strong></span> <span class='ocrx_word' id='word_1_69' title='bbox 577 1325 818 1371; x_wconf 77' lang='grc' dir='ltr'><strong><em>κολάζεσθαι.</em></strong></span> <span class='ocrx_word' id='word_1_70' title='bbox 857 1328 1088 1375; x_wconf 76' lang='lat' dir='ltr'>Hipponacti</span> <span class='ocrx_word' id='word_1_71' title='bbox 1106 1329 1355 1375; x_wconf 82' lang='lat' dir='ltr'>probabiliter</span> <span class='ocrx_word' id='word_1_72' title='bbox 1373 1330 1508 1367; x_wconf 83' lang='lat' dir='ltr'>tribuit</span> <span class='ocrx_word' id='word_1_73' title='bbox 1527 1331 1711 1368; x_wconf 85' lang='lat' dir='ltr'><strong><em>Meineke.</em></strong></span> 
     </span>
     <span class='ocr_line' id='line_1_13' title="bbox 170 1375 1713 1461; baseline 0.001 -47"><span class='ocrx_word' id='word_1_74' title='bbox 170 1377 539 1461; x_wconf 51' lang='lat' dir='ltr'>Metro&#39;lngmidnomen</span> <span class='ocrx_word' id='word_1_75' title='bbox 559 1375 675 1411; x_wconf 84' lang='lat' dir='ltr'>Brink</span> <span class='ocrx_word' id='word_1_76' title='bbox 695 1376 791 1412; x_wconf 89' lang='lat' dir='ltr'>Phil.</span> <span class='ocrx_word' id='word_1_77' title='bbox 813 1376 862 1412; x_wconf 92' lang='lat' dir='ltr'><strong><em>Vl</em></strong></span> <span class='ocrx_word' id='word_1_78' title='bbox 881 1380 927 1412; x_wconf 88' lang='lat'><strong><em>45</em></strong></span> <span class='ocrx_word' id='word_1_79' title='bbox 947 1377 1075 1412; x_wconf 84' lang='lat' dir='ltr'>fictum</span> <span class='ocrx_word' id='word_1_80' title='bbox 1097 1388 1176 1413; x_wconf 83' lang='lat' dir='ltr'>esse</span> <span class='ocrx_word' id='word_1_81' title='bbox 1197 1377 1419 1425; x_wconf 69' lang='lat' dir='ltr'>suspicatur,</span> <span class='ocrx_word' id='word_1_82' title='bbox 1440 1379 1540 1424; x_wconf 86' lang='lat' dir='ltr'><strong>quod</strong></span> <span class='ocrx_word' id='word_1_83' title='bbox 1560 1379 1713 1415; x_wconf 88' lang='lat' dir='ltr'>omnino</span> 
     </span>
     <span class='ocr_line' id='line_1_14' title="bbox 171 1436 459 1462; baseline -0.003 -1"><span class='ocrx_word' id='word_1_84' title='bbox 171 1438 221 1462; x_wconf 91' lang='lat' dir='ltr'><strong><em>1m</em></strong></span> <span class='ocrx_word' id='word_1_85' title='bbox 250 1437 292 1461; x_wconf 86' lang='lat' dir='ltr'><strong><em>ro</em></strong></span> <span class='ocrx_word' id='word_1_86' title='bbox 322 1436 369 1460; x_wconf 85' lang='lat' dir='ltr'><strong><em>an</em></strong></span> <span class='ocrx_word' id='word_1_87' title='bbox 397 1437 459 1460; x_wconf 89' lang='lat' dir='ltr'><strong><em>um</em></strong></span> 
     </span>
    </p>

    <p class='ocr_par' dir='ltr' id='par_1_9' title="bbox 172 1438 1712 1567">
     <span class='ocr_line' id='line_1_15' title="bbox 225 1438 1712 1530; baseline 0.002 -22"><span class='ocrx_word' id='word_1_88' title='bbox 225 1438 408 1510; x_wconf 75' lang='lat' dir='ltr'><strong><em>pF1·.&#39;79.</em></strong></span> <span class='ocrx_word' id='word_1_89' title='bbox 460 1472 594 1508; x_wconf 81' lang='lat' dir='ltr'>Strabo</span> <span class='ocrx_word' id='word_1_90' title='bbox 620 1471 707 1508; x_wconf 91' lang='lat' dir='ltr'><strong><em>XIV</em></strong></span> <span class='ocrx_word' id='word_1_91' title='bbox 734 1476 818 1508; x_wconf 87' lang='lat'><strong>636:</strong></span> <span class='ocrx_word' id='word_1_92' title='bbox 842 1468 906 1508; x_wconf 87' lang='grc' dir='ltr'><strong><em>Ἐκ</em></strong></span> <span class='ocrx_word' id='word_1_93' title='bbox 933 1469 1103 1530; x_wconf 82' lang='grc' dir='ltr'><strong><em>Πριήνης</em></strong></span> <span class='ocrx_word' id='word_1_94' title='bbox 1129 1469 1166 1508; x_wconf 87' lang='grc' dir='ltr'><strong><em>δ’</em></strong></span> <span class='ocrx_word' id='word_1_95' title='bbox 1207 1466 1252 1518; x_wconf 80' lang='grc' dir='ltr'><strong><em>ἦν</em></strong></span> <span class='ocrx_word' id='word_1_96' title='bbox 1279 1474 1388 1518; x_wconf 83' lang='grc' dir='ltr'><em>Βίας,</em></span> <span class='ocrx_word' id='word_1_97' title='bbox 1421 1472 1477 1515; x_wconf 80' lang='grc' dir='ltr'><strong><em>εἷς</em></strong></span> <span class='ocrx_word' id='word_1_98' title='bbox 1507 1474 1580 1510; x_wconf 80' lang='grc' dir='ltr'><strong><em>τῶν</em></strong></span> <span class='ocrx_word' id='word_1_99' title='bbox 1618 1472 1712 1511; x_wconf 75' lang='grc' dir='ltr'><strong><em>ἔπτὰ</em></strong></span> 
     </span>
     <span class='ocr_line' id='line_1_16' title="bbox 172 1514 1711 1577; baseline 0.001 -20"><span class='ocrx_word' id='word_1_100' title='bbox 172 1521 319 1567; x_wconf 81' lang='grc' dir='ltr'><em>σοφῶν,</em></span> <span class='ocrx_word' id='word_1_101' title='bbox 354 1520 439 1565; x_wconf 84' lang='grc' dir='ltr'><strong><em>περὶ</em></strong></span> <span class='ocrx_word' id='word_1_102' title='bbox 475 1514 520 1556; x_wconf 81' lang='grc' dir='ltr'><strong><em>οὗ</em></strong></span> <span class='ocrx_word' id='word_1_103' title='bbox 557 1531 673 1565; x_wconf 86' lang='grc' dir='ltr'><strong><em>φησιν</em></strong></span> <span class='ocrx_word' id='word_1_104' title='bbox 709 1533 828 1561; x_wconf 89' lang='grc' dir='ltr'><strong><em>ουτως</em></strong></span> <span class='ocrx_word' id='word_1_105' title='bbox 857 1517 1062 1577; x_wconf 79' lang='grc' dir='ltr'><strong><em>Ιππιόναξ·</em></strong></span> <span class='ocrx_word' id='word_1_106' title='bbox 1101 1520 1189 1556; x_wconf 85' lang='grc' dir='ltr'><em>Καὶ</em></span> <span class='ocrx_word' id='word_1_107' title='bbox 1221 1522 1305 1557; x_wconf 90' lang='grc' dir='ltr'><strong><em>δικ.</em></strong></span> <span class='ocrx_word' id='word_1_108' title='bbox 1338 1524 1413 1558; x_wconf 85' lang='grc' dir='ltr'><strong><em>κτλ.</em></strong></span> <span class='ocrx_word' id='word_1_109' title='bbox 1447 1522 1554 1567; x_wconf 85' lang='lat' dir='ltr'>Diog.</span> <span class='ocrx_word' id='word_1_110' title='bbox 1589 1522 1711 1558; x_wconf 79' lang='lat' dir='ltr'>Laert-</span> 
     </span>
    </p>
   </div>
   <div class='ocr_carea' id='block_1_9' title="bbox 1843 0 1890 535">
    <p class='ocr_par' dir='ltr' id='par_1_10' title="bbox 1843 0 1890 535">
     <span class='ocr_line' id='line_1_17' title="bbox 1843 0 1890 535; baseline 0 2681"><span class='ocrx_word' id='word_1_111' title='bbox 1843 0 1890 535; x_wconf 95' lang='lat' dir='ltr'><strong><em> </em></strong></span> 
     </span>
    </p>
   </div>
   <div class='ocr_carea' id='block_1_10' title="bbox 172 1564 1783 1629">
    <p class='ocr_par' dir='ltr' id='par_1_11' title="bbox 172 1564 1783 1629">
     <span class='ocr_line' id='line_1_18' title="bbox 172 1564 1783 1629; baseline 0.001 -24"><span class='ocrx_word' id='word_1_112' title='bbox 172 1570 187 1605; x_wconf 97' lang='grc' dir='ltr'><strong>Ι</strong></span> <span class='ocrx_word' id='word_1_113' title='bbox 214 1573 276 1605; x_wconf 90' lang='lat'><strong><em>84:</em></strong></span> <span class='ocrx_word' id='word_1_114' title='bbox 310 1567 471 1614; x_wconf 83' lang='grc' dir='ltr'><em>Λέγεται</em></span> <span class='ocrx_word' id='word_1_115' title='bbox 503 1566 545 1603; x_wconf 74' lang='grc' dir='ltr'><strong><em>δὲ</em></strong></span> <span class='ocrx_word' id='word_1_116' title='bbox 579 1567 646 1603; x_wconf 85' lang='grc' dir='ltr'><strong><em>καὶ</em></strong></span> <span class='ocrx_word' id='word_1_117' title='bbox 678 1569 788 1608; x_wconf 87' lang='grc' dir='ltr'><strong><em>δίκας</em></strong></span> <span class='ocrx_word' id='word_1_118' title='bbox 820 1564 1038 1609; x_wconf 89' lang='grc' dir='ltr'><strong><em>δεινότατος</em></strong></span> <span class='ocrx_word' id='word_1_119' title='bbox 1061 1566 1270 1628; x_wconf 72' lang='grc' dir='ltr'><strong><em>’γεγονέναι</em></strong></span> <span class='ocrx_word' id='word_1_120' title='bbox 1303 1568 1441 1605; x_wconf 78' lang='grc' dir='ltr'><strong><em>εἰπεῖν·</em></strong></span> <span class='ocrx_word' id='word_1_121' title='bbox 1476 1567 1538 1605; x_wconf 81' lang='grc' dir='ltr'><strong><em>ἐπ’</em></strong></span> <span class='ocrx_word' id='word_1_122' title='bbox 1575 1566 1713 1629; x_wconf 70' lang='grc' dir='ltr'><em>ἀγαθῷ</em></span> <span class='ocrx_word' id='word_1_123' title='bbox 1780 1590 1783 1592; x_wconf 92' lang='grc'>-</span> 
     </span>
    </p>
   </div>
   <div class='ocr_carea' id='block_1_11' title="bbox 172 1607 1757 2940">
    <p class='ocr_par' dir='ltr' id='par_1_12' title="bbox 172 1607 1757 2130">
     <span class='ocr_line' id='line_1_19' title="bbox 174 1607 1714 1678; baseline 0.001 -25"><span class='ocrx_word' id='word_1_124' title='bbox 174 1616 303 1663; x_wconf 88' lang='grc' dir='ltr'><strong><em>μέντοι</em></strong></span> <span class='ocrx_word' id='word_1_125' title='bbox 329 1616 371 1678; x_wconf 80' lang='grc' dir='ltr'><strong><em>τῇ</em></strong></span> <span class='ocrx_word' id='word_1_126' title='bbox 399 1616 473 1651; x_wconf 83' lang='grc' dir='ltr'><strong><em>τῶν</em></strong></span> <span class='ocrx_word' id='word_1_127' title='bbox 499 1612 620 1673; x_wconf 84' lang='grc' dir='ltr'><strong><em>λόγων</em></strong></span> <span class='ocrx_word' id='word_1_128' title='bbox 648 1613 748 1661; x_wconf 83' lang='grc' dir='ltr'><em>ἰσχύϊ</em></span> <span class='ocrx_word' id='word_1_129' title='bbox 773 1617 1024 1675; x_wconf 65' lang='grc' dir='ltr'><strong><em>προσεχρῆτο·</em></strong></span> <span class='ocrx_word' id='word_1_130' title='bbox 1059 1614 1156 1652; x_wconf 77' lang='grc' dir='ltr'><strong><em>ὅθεν</em></strong></span> <span class='ocrx_word' id='word_1_131' title='bbox 1188 1616 1252 1652; x_wconf 89' lang='grc' dir='ltr'><em>καὶ</em></span> <span class='ocrx_word' id='word_1_132' title='bbox 1285 1614 1503 1663; x_wconf 84' lang='grc' dir='ltr'><strong><em>Δημόδικος</em></strong></span> <span class='ocrx_word' id='word_1_133' title='bbox 1535 1615 1555 1654; x_wconf 89' lang='grc' dir='ltr'><strong>ὁ</strong></span> <span class='ocrx_word' id='word_1_134' title='bbox 1582 1607 1714 1674; x_wconf 82' lang='grc' dir='ltr'><strong><em>Λέριος</em></strong></span> 
     </span>
     <span class='ocr_line' id='line_1_20' title="bbox 172 1660 1713 1711; baseline 0 -10"><span class='ocrx_word' id='word_1_135' title='bbox 172 1666 284 1701; x_wconf 84' lang='grc' dir='ltr'><strong><em>τοῦτο</em></strong></span> <span class='ocrx_word' id='word_1_136' title='bbox 311 1663 516 1700; x_wconf 81' lang='grc' dir='ltr'><strong><em>αἰνίττεται</em></strong></span> <span class='ocrx_word' id='word_1_137' title='bbox 540 1661 660 1709; x_wconf 76' lang='grc' dir='ltr'><strong><em>λέγων</em></strong></span> <span class='ocrx_word' id='word_1_138' title='bbox 688 1691 695 1698; x_wconf 91' lang='grc'><strong><em>.</em></strong></span> <span class='ocrx_word' id='word_1_139' title='bbox 717 1690 724 1697; x_wconf 94' lang='grc'><strong><em>.</em></strong></span> <span class='ocrx_word' id='word_1_140' title='bbox 748 1690 754 1697; x_wconf 93' lang='grc'><strong><em>.</em></strong></span> <span class='ocrx_word' id='word_1_141' title='bbox 782 1663 848 1699; x_wconf 84' lang='grc' dir='ltr'><em>καὶ</em></span> <span class='ocrx_word' id='word_1_142' title='bbox 869 1662 1073 1708; x_wconf 78' lang='grc' dir='ltr'><strong><em>Ιππῶναξ·</em></strong></span> <span class='ocrx_word' id='word_1_143' title='bbox 1101 1660 1125 1700; x_wconf 77' lang='grc' dir='ltr'><strong><em>ἃ</em></strong></span> <span class='ocrx_word' id='word_1_144' title='bbox 1154 1665 1239 1709; x_wconf 81' lang='lat' dir='ltr'>(hoc</span> <span class='ocrx_word' id='word_1_145' title='bbox 1266 1675 1338 1700; x_wconf 89' lang='lat' dir='ltr'><strong><em>om.</em></strong></span> <span class='ocrx_word' id='word_1_146' title='bbox 1364 1664 1570 1711; x_wconf 84' lang='lat' dir='ltr'>Menagius,</span> <span class='ocrx_word' id='word_1_147' title='bbox 1597 1663 1713 1711; x_wconf 78' lang='grc' dir='ltr'><strong><em>πρώ-</em></strong></span> 
     </span>
     <span class='ocr_line' id='line_1_21' title="bbox 174 1710 1713 1768; baseline 0.001 -20"><span class='ocrx_word' id='word_1_148' title='bbox 174 1727 229 1761; x_wconf 86' lang='grc' dir='ltr'><strong><em>τῳ</em></strong></span> <span class='ocrx_word' id='word_1_149' title='bbox 257 1712 418 1748; x_wconf 79' lang='lat' dir='ltr'>coniecit</span> <span class='ocrx_word' id='word_1_150' title='bbox 442 1711 634 1756; x_wconf 86' lang='lat' dir='ltr'>Meineke,</span> <span class='ocrx_word' id='word_1_151' title='bbox 659 1710 760 1756; x_wconf 83' lang='lat' dir='ltr'>quod</span> <span class='ocrx_word' id='word_1_152' title='bbox 786 1722 871 1768; x_wconf 87' lang='lat' dir='ltr'><strong><em>ego</em></strong></span> <span class='ocrx_word' id='word_1_153' title='bbox 873 1723 1032 1768; x_wconf 88' lang='lat' dir='ltr'>quoque</span> <span class='ocrx_word' id='word_1_154' title='bbox 1059 1712 1267 1758; x_wconf 73' lang='lat' dir='ltr'>suspicatus</span> <span class='ocrx_word' id='word_1_155' title='bbox 1294 1714 1390 1758; x_wconf 85' lang='lat' dir='ltr'>sum)</span> <span class='ocrx_word' id='word_1_156' title='bbox 1416 1712 1493 1748; x_wconf 84' lang='grc' dir='ltr'><em>καὶ</em></span> <span class='ocrx_word' id='word_1_157' title='bbox 1526 1715 1610 1749; x_wconf 88' lang='grc' dir='ltr'><strong><em>δικ.</em></strong></span> <span class='ocrx_word' id='word_1_158' title='bbox 1637 1716 1713 1749; x_wconf 81' lang='grc' dir='ltr'><strong><em>κτλ.</em></strong></span> 
     </span>
     <span class='ocr_line' id='line_1_22' title="bbox 172 1739 1711 1805; baseline 0 -9"><span class='ocrx_word' id='word_1_159' title='bbox 172 1749 316 1796; x_wconf 85' lang='lat' dir='ltr'>Eadem</span> <span class='ocrx_word' id='word_1_160' title='bbox 341 1770 493 1805; x_wconf 81' lang='lat' dir='ltr'>prorsus</span> <span class='ocrx_word' id='word_1_161' title='bbox 519 1739 658 1794; x_wconf 74' lang='lat' dir='ltr'>Eudoc.</span> <span class='ocrx_word' id='word_1_162' title='bbox 679 1762 725 1794; x_wconf 88' lang='lat'><strong><em>94</em></strong></span> <span class='ocrx_word' id='word_1_163' title='bbox 752 1758 830 1803; x_wconf 90' lang='lat' dir='ltr'>(ubi</span> <span class='ocrx_word' id='word_1_164' title='bbox 856 1755 880 1795; x_wconf 76' lang='grc' dir='ltr'><strong><em>ὁὶ</em></strong></span> <span class='ocrx_word' id='word_1_165' title='bbox 908 1759 972 1796; x_wconf 81' lang='grc' dir='ltr'><strong><em>καὶ</em></strong></span> <span class='ocrx_word' id='word_1_166' title='bbox 1000 1760 1129 1805; x_wconf 80' lang='lat' dir='ltr'>extat),</span> <span class='ocrx_word' id='word_1_167' title='bbox 1166 1759 1268 1795; x_wconf 87' lang='lat' dir='ltr'>Suid.</span> <span class='ocrx_word' id='word_1_168' title='bbox 1295 1772 1328 1795; x_wconf 89' lang='lat' dir='ltr'><strong><em>v.</em></strong></span> <span class='ocrx_word' id='word_1_169' title='bbox 1351 1761 1509 1802; x_wconf 87' lang='grc' dir='ltr'><strong><em>Βίαντος</em></strong></span> <span class='ocrx_word' id='word_1_170' title='bbox 1535 1763 1573 1797; x_wconf 90' lang='lat' dir='ltr'><strong><em>et</em></strong></span> <span class='ocrx_word' id='word_1_171' title='bbox 1597 1773 1630 1797; x_wconf 90' lang='lat' dir='ltr'><strong><em>v.</em></strong></span> <span class='ocrx_word' id='word_1_172' title='bbox 1658 1762 1711 1796; x_wconf 87' lang='grc' dir='ltr'><strong><em>δι-</em></strong></span> 
     </span>
     <span class='ocr_line' id='line_1_23' title="bbox 174 1801 1714 1864; baseline 0.001 -21"><span class='ocrx_word' id='word_1_173' title='bbox 174 1805 361 1851; x_wconf 72' lang='grc' dir='ltr'><em>πιέζεσθαι</em></span> <span class='ocrx_word' id='word_1_174' title='bbox 399 1808 572 1852; x_wconf 80' lang='lat' dir='ltr'>(utroque</span> <span class='ocrx_word' id='word_1_175' title='bbox 611 1806 693 1841; x_wconf 82' lang='lat' dir='ltr'>loco</span> <span class='ocrx_word' id='word_1_176' title='bbox 733 1801 756 1841; x_wconf 83' lang='grc' dir='ltr'><strong><em>οὶ</em></strong></span> <span class='ocrx_word' id='word_1_177' title='bbox 792 1806 856 1841; x_wconf 86' lang='grc' dir='ltr'><em>καὶ</em></span> <span class='ocrx_word' id='word_1_178' title='bbox 890 1809 988 1852; x_wconf 89' lang='lat' dir='ltr'>om.).</span> <span class='ocrx_word' id='word_1_179' title='bbox 1039 1806 1208 1864; x_wconf 75' lang='lat' dir='ltr'>Respicit</span> <span class='ocrx_word' id='word_1_180' title='bbox 1244 1807 1353 1853; x_wconf 89' lang='lat' dir='ltr'>Diog.</span> <span class='ocrx_word' id='word_1_181' title='bbox 1385 1807 1509 1845; x_wconf 85' lang='lat' dir='ltr'>Laert.</span> <span class='ocrx_word' id='word_1_182' title='bbox 1542 1810 1559 1843; x_wconf 93' lang='lat' dir='ltr'>I</span> <span class='ocrx_word' id='word_1_183' title='bbox 1585 1812 1640 1845; x_wconf 90' lang='lat'><strong><em>88.</em></strong></span> <span class='ocrx_word' id='word_1_184' title='bbox 1667 1829 1714 1835; x_wconf 88' lang='lat'>—</span> 
     </span>
     <span class='ocr_line' id='line_1_24' title="bbox 174 1851 1713 1914; baseline 0.001 -23"><span class='ocrx_word' id='word_1_185' title='bbox 174 1853 401 1914; x_wconf 78' lang='grc' dir='ltr'><em>δικάζεσθαι</em></span> <span class='ocrx_word' id='word_1_186' title='bbox 440 1853 572 1898; x_wconf 83' lang='lat' dir='ltr'>ceteri,</span> <span class='ocrx_word' id='word_1_187' title='bbox 611 1851 847 1889; x_wconf 78' lang='grc' dir='ltr'><em>δικάσασθαι</em></span> <span class='ocrx_word' id='word_1_188' title='bbox 886 1854 1037 1899; x_wconf 82' lang='lat' dir='ltr'>Strabo,</span> <span class='ocrx_word' id='word_1_189' title='bbox 1073 1852 1330 1890; x_wconf 75' lang='grc' dir='ltr'><em>δικάσσασθαι</em></span> <span class='ocrx_word' id='word_1_190' title='bbox 1370 1855 1640 1892; x_wconf 80' lang='lat' dir='ltr'>Schneidewin.</span> <span class='ocrx_word' id='word_1_191' title='bbox 1668 1877 1713 1882; x_wconf 89' lang='lat'>-</span> 
     </span>
     <span class='ocr_line' id='line_1_25' title="bbox 174 1899 1714 1961; baseline 0.001 -23"><span class='ocrx_word' id='word_1_192' title='bbox 174 1901 377 1961; x_wconf 87' lang='grc' dir='ltr'><strong><em>Πριηνέος,</em></strong></span> <span class='ocrx_word' id='word_1_193' title='bbox 413 1912 540 1937; x_wconf 85' lang='lat' dir='ltr'>omnes</span> <span class='ocrx_word' id='word_1_194' title='bbox 571 1899 786 1960; x_wconf 81' lang='grc' dir='ltr'><strong><em>Πριηνέως,</em></strong></span> <span class='ocrx_word' id='word_1_195' title='bbox 818 1902 883 1938; x_wconf 81' lang='lat' dir='ltr'><strong><em>sed</em></strong></span> <span class='ocrx_word' id='word_1_196' title='bbox 915 1913 974 1947; x_wconf 80' lang='lat' dir='ltr'><strong><em>ap.</em></strong></span> <span class='ocrx_word' id='word_1_197' title='bbox 1002 1902 1103 1938; x_wconf 81' lang='lat' dir='ltr'>Suid.</span> <span class='ocrx_word' id='word_1_198' title='bbox 1134 1902 1175 1937; x_wconf 89' lang='grc'><strong><em>111</em></strong></span> <span class='ocrx_word' id='word_1_199' title='bbox 1199 1903 1376 1938; x_wconf 80' lang='lat' dir='ltr'>lemmate</span> <span class='ocrx_word' id='word_1_200' title='bbox 1408 1904 1566 1944; x_wconf 87' lang='grc' dir='ltr'><strong><em>Βίαντος</em></strong></span> <span class='ocrx_word' id='word_1_201' title='bbox 1596 1906 1714 1950; x_wconf 92' lang='grc' dir='ltr'><strong><em>Πριη-</em></strong></span> 
     </span>
     <span class='ocr_line' id='line_1_26' title="bbox 173 1947 1715 1997; baseline 0.001 -11"><span class='ocrx_word' id='word_1_202' title='bbox 173 1949 268 1991; x_wconf 86' lang='grc' dir='ltr'><strong><em>νέως</em></strong></span> <span class='ocrx_word' id='word_1_203' title='bbox 294 1951 380 1994; x_wconf 86' lang='grc' dir='ltr'><strong><em>δίκη</em></strong></span> <span class='ocrx_word' id='word_1_204' title='bbox 407 1952 439 1984; x_wconf 93' lang='grc' dir='ltr'><strong>Ε</strong></span> <span class='ocrx_word' id='word_1_205' title='bbox 464 1949 582 1985; x_wconf 83' lang='lat' dir='ltr'>habet</span> <span class='ocrx_word' id='word_1_206' title='bbox 609 1947 804 1994; x_wconf 86' lang='grc' dir='ltr'><strong><em>Πριηνέος</em></strong></span> <span class='ocrx_word' id='word_1_207' title='bbox 833 1970 877 1975; x_wconf 86' lang='lat'><strong><em>--</em></strong></span> <span class='ocrx_word' id='word_1_208' title='bbox 904 1948 1062 1995; x_wconf 85' lang='grc' dir='ltr'><strong><em>κρέσσον</em></strong></span> <span class='ocrx_word' id='word_1_209' title='bbox 1090 1949 1241 1994; x_wconf 84' lang='lat' dir='ltr'>Strabo,</span> <span class='ocrx_word' id='word_1_210' title='bbox 1275 1955 1447 1994; x_wconf 81' lang='grc' dir='ltr'><strong><em>κρεῖσσον</em></strong></span> <span class='ocrx_word' id='word_1_211' title='bbox 1472 1950 1581 1997; x_wconf 87' lang='lat' dir='ltr'>Diog.</span> <span class='ocrx_word' id='word_1_212' title='bbox 1607 1951 1715 1997; x_wconf 65' lang='lat' dir='ltr'><strong><em>Eud„</em></strong></span> 
     </span>
     <span class='ocr_line' id='line_1_27' title="bbox 174 1980 1715 2043; baseline 0 -9"><span class='ocrx_word' id='word_1_213' title='bbox 174 2000 356 2043; x_wconf 79' lang='grc' dir='ltr'><strong><em>κρείσσων</em></strong></span> <span class='ocrx_word' id='word_1_214' title='bbox 383 1997 484 2033; x_wconf 83' lang='lat' dir='ltr'>Suid.</span> <span class='ocrx_word' id='word_1_215' title='bbox 512 1996 593 2042; x_wconf 82' lang='lat' dir='ltr'>(sed</span> <span class='ocrx_word' id='word_1_216' title='bbox 612 1997 779 2042; x_wconf 88' lang='lat' dir='ltr'>priorel.</span> <span class='ocrx_word' id='word_1_217' title='bbox 801 1996 862 2032; x_wconf 88' lang='lat' dir='ltr'><strong><em>BE</em></strong></span> <span class='ocrx_word' id='word_1_218' title='bbox 881 1998 1083 2043; x_wconf 80' lang='grc' dir='ltr'><strong><em>κρεῖσσον),</em></strong></span> <span class='ocrx_word' id='word_1_219' title='bbox 1109 1997 1275 2042; x_wconf 86' lang='grc' dir='ltr'><strong><em>κρέσσων</em></strong></span> <span class='ocrx_word' id='word_1_220' title='bbox 1303 1998 1570 2035; x_wconf 82' lang='lat' dir='ltr'>Schneidewin.</span> <span class='ocrx_word' id='word_1_221' title='bbox 1596 1980 1715 2035; x_wconf 84' lang='lat' dir='ltr'>Brink&#39;</span> 
     </span>
     <span class='ocr_line' id='line_1_28' title="bbox 175 2044 1757 2129; baseline -0.001 -48"><span class='ocrx_word' id='word_1_222' title='bbox 175 2048 304 2082; x_wconf 80' lang='lat' dir='ltr'>censet</span> <span class='ocrx_word' id='word_1_223' title='bbox 328 2045 453 2129; x_wconf 61' lang='lat' dir='ltr'><strong>fr&#39;bw‘</strong></span> <span class='ocrx_word' id='word_1_224' title='bbox 467 2044 766 2090; x_wconf 78' lang='lat' dir='ltr'>subiungendum</span> <span class='ocrx_word' id='word_1_225' title='bbox 795 2044 1004 2091; x_wconf 85' lang='lat' dir='ltr'>fragmento</span> <span class='ocrx_word' id='word_1_226' title='bbox 1026 2049 1071 2081; x_wconf 85' lang='lat'><strong><em>78</em></strong></span> <span class='ocrx_word' id='word_1_227' title='bbox 1091 2047 1130 2081; x_wconf 87' lang='lat' dir='ltr'><strong><em>et</em></strong></span> <span class='ocrx_word' id='word_1_228' title='bbox 1148 2044 1207 2081; x_wconf 80' lang='lat' dir='ltr'><strong><em>his</em></strong></span> <span class='ocrx_word' id='word_1_229' title='bbox 1227 2045 1371 2082; x_wconf 85' lang='lat' dir='ltr'>duobus</span> <span class='ocrx_word' id='word_1_230' title='bbox 1395 2046 1563 2082; x_wconf 80' lang='lat' dir='ltr'>versibus</span> <span class='ocrx_word' id='word_1_231' title='bbox 1588 2059 1715 2083; x_wconf 80' lang='lat' dir='ltr'>rursus</span> <span class='ocrx_word' id='word_1_232' title='bbox 1747 2074 1757 2080; x_wconf 86' lang='lat'><strong>.</strong></span> 
     </span>
     <span class='ocr_line' id='line_1_29' title="bbox 176 2093 485 2130; baseline 0 -2"><span class='ocrx_word' id='word_1_233' title='bbox 176 2094 219 2129; x_wconf 89' lang='lat' dir='ltr'><strong><em>fr.</em></strong></span> <span class='ocrx_word' id='word_1_234' title='bbox 249 2098 294 2130; x_wconf 91' lang='lat'><strong><em>83</em></strong></span> <span class='ocrx_word' id='word_1_235' title='bbox 323 2105 365 2128; x_wconf 83' lang='lat' dir='ltr'><strong><em>su</em></strong></span> <span class='ocrx_word' id='word_1_236' title='bbox 393 2093 485 2129; x_wconf 83' lang='lat' dir='ltr'>iioit.</span> 
     </span>
    </p>

    <p class='ocr_par' dir='ltr' id='par_1_13' title="bbox 175 2139 1715 2425">
     <span class='ocr_line' id='line_1_30' title="bbox 270 2139 1715 2201; baseline 0.002 -26"><span class='ocrx_word' id='word_1_237' title='bbox 270 2141 328 2177; x_wconf 80' lang='lat' dir='ltr'><strong><em>Fr.</em></strong></span> <span class='ocrx_word' id='word_1_238' title='bbox 356 2145 412 2177; x_wconf 91' lang='grc'><strong><em>80.</em></strong></span> <span class='ocrx_word' id='word_1_239' title='bbox 465 2140 563 2176; x_wconf 85' lang='lat' dir='ltr'>Sext.</span> <span class='ocrx_word' id='word_1_240' title='bbox 596 2139 738 2186; x_wconf 88' lang='lat' dir='ltr'>Empir.</span> <span class='ocrx_word' id='word_1_241' title='bbox 771 2141 853 2176; x_wconf 84' lang='lat' dir='ltr'><strong>adv.</strong></span> <span class='ocrx_word' id='word_1_242' title='bbox 887 2140 1066 2177; x_wconf 76' lang='lat' dir='ltr'><strong><em>Mathem.</em></strong></span> <span class='ocrx_word' id='word_1_243' title='bbox 1101 2141 1117 2175; x_wconf 94' lang='lat' dir='ltr'>I</span> <span class='ocrx_word' id='word_1_244' title='bbox 1143 2145 1230 2177; x_wconf 80' lang='lat'><strong>662:</strong></span> <span class='ocrx_word' id='word_1_245' title='bbox 1249 2142 1454 2199; x_wconf 85' lang='grc' dir='ltr'><strong><em>Λεβεδίων</em></strong></span> <span class='ocrx_word' id='word_1_246' title='bbox 1489 2141 1715 2201; x_wconf 83' lang='grc' dir='ltr'><strong><em>διαφερομέ-</em></strong></span> 
     </span>
     <span class='ocr_line' id='line_1_31' title="bbox 175 2185 1713 2248; baseline 0.001 -24"><span class='ocrx_word' id='word_1_247' title='bbox 175 2202 251 2225; x_wconf 86' lang='grc' dir='ltr'><strong><em>νων</em></strong></span> <span class='ocrx_word' id='word_1_248' title='bbox 273 2186 372 2246; x_wconf 87' lang='grc' dir='ltr'><strong><em>πρὸς</em></strong></span> <span class='ocrx_word' id='word_1_249' title='bbox 396 2186 484 2229; x_wconf 81' lang='grc' dir='ltr'><strong><em>τοὺς</em></strong></span> <span class='ocrx_word' id='word_1_250' title='bbox 509 2186 777 2248; x_wconf 82' lang='grc' dir='ltr'><strong><em>αστυγείτονας</em></strong></span> <span class='ocrx_word' id='word_1_251' title='bbox 808 2188 895 2235; x_wconf 85' lang='grc' dir='ltr'><strong><em>περὶ</em></strong></span> <span class='ocrx_word' id='word_1_252' title='bbox 925 2189 1211 2234; x_wconf 82' lang='grc' dir='ltr'><strong><em>Καμανδωδοῦ,</em></strong></span> <span class='ocrx_word' id='word_1_253' title='bbox 1243 2185 1263 2224; x_wconf 82' lang='grc' dir='ltr'><strong>ὁ</strong></span> <span class='ocrx_word' id='word_1_254' title='bbox 1290 2187 1550 2247; x_wconf 79' lang='grc' dir='ltr'><strong><em>γραμματικὸς</em></strong></span> <span class='ocrx_word' id='word_1_255' title='bbox 1574 2188 1615 2225; x_wconf 84' lang='grc' dir='ltr'><strong><em>τὸ</em></strong></span> <span class='ocrx_word' id='word_1_256' title='bbox 1641 2187 1713 2227; x_wconf 81' lang='grc' dir='ltr'><strong><em>Ιπ-</em></strong></span> 
     </span>
     <span class='ocr_line' id='line_1_32' title="bbox 175 2233 1714 2284; baseline 0.001 -12"><span class='ocrx_word' id='word_1_257' title='bbox 175 2234 412 2272; x_wconf 81' lang='grc' dir='ltr'><strong><em>πωνάκτειον</em></strong></span> <span class='ocrx_word' id='word_1_258' title='bbox 443 2233 714 2282; x_wconf 77' lang='grc' dir='ltr'><strong><em>παραθέμενος</em></strong></span> <span class='ocrx_word' id='word_1_259' title='bbox 747 2233 870 2272; x_wconf 82' lang='grc' dir='ltr'><strong><em>ἐνίκα·</em></strong></span> <span class='ocrx_word' id='word_1_260' title='bbox 905 2235 1019 2282; x_wconf 86' lang='grc' dir='ltr'><strong><em>Μηδέ</em></strong></span> <span class='ocrx_word' id='word_1_261' title='bbox 1052 2236 1123 2281; x_wconf 88' lang='lat' dir='ltr'><strong><em>(ed.</em></strong></span> <span class='ocrx_word' id='word_1_262' title='bbox 1151 2236 1257 2272; x_wconf 82' lang='lat' dir='ltr'>Fabr.</span> <span class='ocrx_word' id='word_1_263' title='bbox 1286 2236 1383 2282; x_wconf 86' lang='grc' dir='ltr'><strong><em>μηδέ</em></strong></span> <span class='ocrx_word' id='word_1_264' title='bbox 1415 2233 1450 2272; x_wconf 78' lang='grc' dir='ltr'><strong><em>τ’</em></strong></span> <span class='ocrx_word' id='word_1_265' title='bbox 1485 2234 1548 2282; x_wconf 91' lang='grc' dir='ltr'><strong><em>αν)</em></strong></span> <span class='ocrx_word' id='word_1_266' title='bbox 1575 2251 1639 2284; x_wconf 91' lang='grc' dir='ltr'><strong><em>μοι</em></strong></span> <span class='ocrx_word' id='word_1_267' title='bbox 1663 2238 1714 2284; x_wconf 78' lang='grc' dir='ltr'><strong><em>μῢ</em></strong></span> 
     </span>
     <span class='ocr_line' id='line_1_33' title="bbox 175 2280 1714 2341; baseline 0.001 -21"><span class='ocrx_word' id='word_1_268' title='bbox 175 2288 302 2320; x_wconf 85' lang='grc' dir='ltr'><strong><em>λαλειν</em></strong></span> <span class='ocrx_word' id='word_1_269' title='bbox 329 2284 449 2330; x_wconf 87' lang='lat' dir='ltr'>(codd.</span> <span class='ocrx_word' id='word_1_270' title='bbox 479 2283 552 2321; x_wconf 87' lang='lat' dir='ltr'><strong><em>Ciz.</em></strong></span> <span class='ocrx_word' id='word_1_271' title='bbox 580 2284 670 2330; x_wconf 83' lang='lat' dir='ltr'><strong><em>Reg.</em></strong></span> <span class='ocrx_word' id='word_1_272' title='bbox 697 2285 822 2341; x_wconf 79' lang='grc' dir='ltr'><em>λαλεῖ)</em></span> <span class='ocrx_word' id='word_1_273' title='bbox 853 2285 940 2332; x_wconf 84' lang='grc' dir='ltr'><strong><em>Λεβ.</em></strong></span> <span class='ocrx_word' id='word_1_274' title='bbox 969 2283 993 2319; x_wconf 79' lang='grc' dir='ltr'><strong><em>ἰ.</em></strong></span> <span class='ocrx_word' id='word_1_275' title='bbox 1021 2280 1064 2320; x_wconf 76' lang='grc' dir='ltr'><strong><em>ἐκ</em></strong></span> <span class='ocrx_word' id='word_1_276' title='bbox 1089 2285 1356 2329; x_wconf 86' lang='grc' dir='ltr'><strong><em>Καμανδωδοῦ</em></strong></span> <span class='ocrx_word' id='word_1_277' title='bbox 1389 2284 1478 2330; x_wconf 85' lang='lat' dir='ltr'>(Ciz.</span> <span class='ocrx_word' id='word_1_278' title='bbox 1506 2287 1714 2331; x_wconf 84' lang='grc' dir='ltr'><strong><em>Καμανδω-</em></strong></span> 
     </span>
     <span class='ocr_line' id='line_1_34' title="bbox 175 2329 1712 2391; baseline 0.001 -23"><span class='ocrx_word' id='word_1_279' title='bbox 175 2333 255 2376; x_wconf 80' lang='grc' dir='ltr'><strong><em>λοῦ,</em></strong></span> <span class='ocrx_word' id='word_1_280' title='bbox 282 2332 382 2377; x_wconf 82' lang='lat' dir='ltr'>quod</span> <span class='ocrx_word' id='word_1_281' title='bbox 407 2332 594 2388; x_wconf 84' lang='lat' dir='ltr'>praetuli).</span> <span class='ocrx_word' id='word_1_282' title='bbox 647 2329 880 2391; x_wconf 79' lang='grc' dir='ltr'><strong><em>Μοιμύλλειν</em></strong></span> <span class='ocrx_word' id='word_1_283' title='bbox 918 2331 1090 2367; x_wconf 85' lang='lat' dir='ltr'>Meineke</span> <span class='ocrx_word' id='word_1_284' title='bbox 1129 2331 1362 2377; x_wconf 83' lang='lat' dir='ltr'>emendavit,</span> <span class='ocrx_word' id='word_1_285' title='bbox 1394 2343 1615 2378; x_wconf 80' lang='lat' dir='ltr'>comparans</span> <span class='ocrx_word' id='word_1_286' title='bbox 1642 2333 1712 2369; x_wconf 87' lang='lat' dir='ltr'><strong><em>He-</em></strong></span> 
     </span>
     <span class='ocr_line' id='line_1_35' title="bbox 177 2376 974 2425; baseline -0.001 -10"><span class='ocrx_word' id='word_1_287' title='bbox 177 2380 293 2425; x_wconf 59' lang='grc'>8510111</span> <span class='ocrx_word' id='word_1_288' title='bbox 323 2377 569 2425; x_wconf 72' lang='grc' dir='ltr'><strong><em>Μοιμύλλειν,</em></strong></span> <span class='ocrx_word' id='word_1_289' title='bbox 594 2376 789 2425; x_wconf 74' lang='grc' dir='ltr'><strong><em>θηλάζειν,</em></strong></span> <span class='ocrx_word' id='word_1_290' title='bbox 816 2376 974 2415; x_wconf 78' lang='grc' dir='ltr'><strong><em>ἐσθίειν.</em></strong></span> 
     </span>
    </p>

    <p class='ocr_par' dir='ltr' id='par_1_14' title="bbox 177 2419 1716 2663">
     <span class='ocr_line' id='line_1_36' title="bbox 271 2419 1713 2473; baseline 0.001 -11"><span class='ocrx_word' id='word_1_291' title='bbox 271 2429 330 2463; x_wconf 90' lang='lat' dir='ltr'><strong><em>Fr.</em></strong></span> <span class='ocrx_word' id='word_1_292' title='bbox 358 2431 413 2463; x_wconf 90' lang='lat'><strong><em>81.</em></strong></span> <span class='ocrx_word' id='word_1_293' title='bbox 464 2427 600 2463; x_wconf 82' lang='lat' dir='ltr'>Athen.</span> <span class='ocrx_word' id='word_1_294' title='bbox 628 2427 663 2462; x_wconf 91' lang='lat' dir='ltr'><strong><em>II</em></strong></span> <span class='ocrx_word' id='word_1_295' title='bbox 687 2430 733 2463; x_wconf 82' lang='lat'><strong><em>49</em></strong></span> <span class='ocrx_word' id='word_1_296' title='bbox 759 2426 806 2462; x_wconf 83' lang='lat' dir='ltr'><strong><em>E:</em></strong></span> <span class='ocrx_word' id='word_1_297' title='bbox 842 2424 1072 2472; x_wconf 82' lang='grc' dir='ltr'><strong><em>Κοκκύμηλα</em></strong></span> <span class='ocrx_word' id='word_1_298' title='bbox 1099 2419 1169 2462; x_wconf 73' lang='grc' dir='ltr'><strong><em>οὖν</em></strong></span> <span class='ocrx_word' id='word_1_299' title='bbox 1196 2423 1274 2462; x_wconf 86' lang='grc' dir='ltr'><strong><em>έστι</em></strong></span> <span class='ocrx_word' id='word_1_300' title='bbox 1298 2427 1437 2473; x_wconf 76' lang='grc' dir='ltr'><strong><em>ταῦτα,</em></strong></span> <span class='ocrx_word' id='word_1_301' title='bbox 1463 2422 1515 2462; x_wconf 81' lang='grc' dir='ltr'><strong><em>ὧν</em></strong></span> <span class='ocrx_word' id='word_1_302' title='bbox 1541 2424 1651 2469; x_wconf 80' lang='grc' dir='ltr'><strong><em>αλλος</em></strong></span> <span class='ocrx_word' id='word_1_303' title='bbox 1674 2441 1713 2464; x_wconf 72' lang='grc' dir='ltr'><strong><em>τε</em></strong></span> 
     </span>
     <span class='ocr_line' id='line_1_37' title="bbox 174 2471 1715 2533; baseline 0.001 -23.007"><span class='ocrx_word' id='word_1_304' title='bbox 174 2475 259 2532; x_wconf 87' lang='lat' dir='ltr'>(ubi</span> <span class='ocrx_word' id='word_1_305' title='bbox 298 2475 560 2533; x_wconf 83' lang='lat' dir='ltr'>corrigendum</span> <span class='ocrx_word' id='word_1_306' title='bbox 589 2471 838 2532; x_wconf 80' lang='grc' dir='ltr'><strong><em>Ἀρχίλοχός</em></strong></span> <span class='ocrx_word' id='word_1_307' title='bbox 862 2487 928 2521; x_wconf 90' lang='grc' dir='ltr'><strong><em>τε,</em></strong></span> <span class='ocrx_word' id='word_1_308' title='bbox 959 2474 1034 2511; x_wconf 85' lang='lat' dir='ltr'><strong><em>vid.</em></strong></span> <span class='ocrx_word' id='word_1_309' title='bbox 1066 2473 1207 2511; x_wconf 81' lang='lat' dir='ltr'>Archil.</span> <span class='ocrx_word' id='word_1_310' title='bbox 1235 2475 1277 2510; x_wconf 86' lang='lat' dir='ltr'><strong><em>fr.</em></strong></span> <span class='ocrx_word' id='word_1_311' title='bbox 1308 2478 1392 2518; x_wconf 82' lang='lat'>174,</span> <span class='ocrx_word' id='word_1_312' title='bbox 1429 2477 1541 2511; x_wconf 76' lang='lat' dir='ltr'>antea</span> <span class='ocrx_word' id='word_1_313' title='bbox 1572 2475 1715 2513; x_wconf 78' lang='lat' dir='ltr'>conieci</span> 
     </span>
     <span class='ocr_line' id='line_1_38' title="bbox 174 2518 1716 2581; baseline 0 -23"><span class='ocrx_word' id='word_1_314' title='bbox 174 2519 377 2564; x_wconf 76' lang='grc' dir='ltr'><strong><em>Ἀνάνιός</em></strong></span> <span class='ocrx_word' id='word_1_315' title='bbox 401 2523 455 2568; x_wconf 82' lang='grc' dir='ltr'><strong><em>τε)</em></strong></span> <span class='ocrx_word' id='word_1_316' title='bbox 483 2521 715 2581; x_wconf 79' lang='grc' dir='ltr'><strong><em>μέμνηται</em></strong></span> <span class='ocrx_word' id='word_1_317' title='bbox 740 2522 803 2558; x_wconf 80' lang='grc' dir='ltr'><strong><em>καὶ</em></strong></span> <span class='ocrx_word' id='word_1_318' title='bbox 825 2518 1030 2579; x_wconf 80' lang='grc' dir='ltr'><strong><em>Ιππῶναξ·</em></strong></span> <span class='ocrx_word' id='word_1_319' title='bbox 1057 2520 1302 2567; x_wconf 86' lang='grc' dir='ltr'><strong><em>Στέφανον</em></strong></span> <span class='ocrx_word' id='word_1_320' title='bbox 1329 2525 1403 2558; x_wconf 82' lang='grc' dir='ltr'><strong><em>κτλ.</em></strong></span> <span class='ocrx_word' id='word_1_321' title='bbox 1443 2522 1615 2559; x_wconf 81' lang='lat' dir='ltr'>Gaisford</span> <span class='ocrx_word' id='word_1_322' title='bbox 1640 2523 1716 2559; x_wconf 82' lang='grc' dir='ltr'><em>καὶ</em></span> 
     </span>
     <span class='ocr_line' id='line_1_39' title="bbox 181 2566 1715 2617; baseline 0.001 -11"><span class='ocrx_word' id='word_1_323' title='bbox 181 2570 382 2616; x_wconf 86' lang='grc' dir='ltr'><strong><em>στέφανον,</em></strong></span> <span class='ocrx_word' id='word_1_324' title='bbox 408 2570 582 2606; x_wconf 87' lang='lat' dir='ltr'>Meineke</span> <span class='ocrx_word' id='word_1_325' title='bbox 608 2568 811 2615; x_wconf 87' lang='grc' dir='ltr'><strong><em>στέφανον,</em></strong></span> <span class='ocrx_word' id='word_1_326' title='bbox 839 2566 885 2606; x_wconf 79' lang='grc' dir='ltr'><strong><em>ὅν</em></strong></span> <span class='ocrx_word' id='word_1_327' title='bbox 910 2571 953 2609; x_wconf 86' lang='lat' dir='ltr'><strong><em>ut</em></strong></span> <span class='ocrx_word' id='word_1_328' title='bbox 978 2570 1029 2606; x_wconf 80' lang='lat' dir='ltr'><strong><em>sit</em></strong></span> <span class='ocrx_word' id='word_1_329' title='bbox 1046 2569 1227 2614; x_wconf 84' lang='lat' dir='ltr'>trimeter,</span> <span class='ocrx_word' id='word_1_330' title='bbox 1247 2571 1348 2606; x_wconf 81' lang='lat' dir='ltr'>certe</span> <span class='ocrx_word' id='word_1_331' title='bbox 1369 2581 1444 2606; x_wconf 91' lang='lat' dir='ltr'><strong><em>non</em></strong></span> <span class='ocrx_word' id='word_1_332' title='bbox 1462 2570 1557 2607; x_wconf 83' lang='lat' dir='ltr'>dixit</span> <span class='ocrx_word' id='word_1_333' title='bbox 1574 2570 1715 2617; x_wconf 89' lang='lat' dir='ltr'>Hippo-</span> 
     </span>
     <span class='ocr_line' id='line_1_40' title="bbox 177 2617 1010 2663; baseline 0 -10"><span class='ocrx_word' id='word_1_334' title='bbox 177 2630 250 2653; x_wconf 83' lang='lat' dir='ltr'><strong><em>nax</em></strong></span> <span class='ocrx_word' id='word_1_335' title='bbox 277 2618 468 2663; x_wconf 84' lang='grc' dir='ltr'><strong><em>στέφανον</em></strong></span> <span class='ocrx_word' id='word_1_336' title='bbox 493 2617 619 2653; x_wconf 78' lang='lat' dir='ltr'>media</span> <span class='ocrx_word' id='word_1_337' title='bbox 644 2618 791 2663; x_wconf 78' lang='lat' dir='ltr'><strong>syllaba</strong></span> <span class='ocrx_word' id='word_1_338' title='bbox 815 2618 1010 2663; x_wconf 83' lang='lat' dir='ltr'>producta.</span> 
     </span>
    </p>

    <p class='ocr_par' dir='ltr' id='par_1_15' title="bbox 179 2661 1714 2904">
     <span class='ocr_line' id='line_1_41' title="bbox 273 2661 1714 2722; baseline -0.001 -21"><span class='ocrx_word' id='word_1_339' title='bbox 273 2667 332 2701; x_wconf 80' lang='lat' dir='ltr'><strong><em>Fr.</em></strong></span> <span class='ocrx_word' id='word_1_340' title='bbox 360 2669 416 2702; x_wconf 81' lang='lat'><strong><em>82.</em></strong></span> <span class='ocrx_word' id='word_1_341' title='bbox 463 2665 598 2701; x_wconf 80' lang='lat' dir='ltr'>Strabo</span> <span class='ocrx_word' id='word_1_342' title='bbox 624 2665 713 2701; x_wconf 90' lang='lat' dir='ltr'>VIII</span> <span class='ocrx_word' id='word_1_343' title='bbox 732 2669 818 2702; x_wconf 83' lang='lat'>340:</span> <span class='ocrx_word' id='word_1_344' title='bbox 850 2666 1026 2722; x_wconf 84' lang='grc' dir='ltr'><strong><em>Χρῶνται</em></strong></span> <span class='ocrx_word' id='word_1_345' title='bbox 1052 2664 1094 2701; x_wconf 76' lang='grc' dir='ltr'><strong><em>δὲ</em></strong></span> <span class='ocrx_word' id='word_1_346' title='bbox 1121 2664 1188 2700; x_wconf 83' lang='grc' dir='ltr'><strong><em>καὶ</em></strong></span> <span class='ocrx_word' id='word_1_347' title='bbox 1213 2663 1252 2700; x_wconf 91' lang='grc' dir='ltr'><strong><em>οι</em></strong></span> <span class='ocrx_word' id='word_1_348' title='bbox 1273 2676 1471 2711; x_wconf 87' lang='grc' dir='ltr'><strong><em>νεωτεροι·</em></strong></span> <span class='ocrx_word' id='word_1_349' title='bbox 1493 2661 1714 2708; x_wconf 76' lang='grc' dir='ltr'><strong><em>Ἱππῶναξ,</em></strong></span> 
     </span>
     <span class='ocr_line' id='line_1_42' title="bbox 179 2708 1713 2759; baseline 0 -11"><span class='ocrx_word' id='word_1_350' title='bbox 179 2712 266 2759; x_wconf 86' lang='grc' dir='ltr'><strong><em>μέν·</em></strong></span> <span class='ocrx_word' id='word_1_351' title='bbox 294 2715 509 2758; x_wconf 81' lang='grc' dir='ltr'><strong><em>Κυπρίων</em></strong></span> <span class='ocrx_word' id='word_1_352' title='bbox 535 2716 610 2749; x_wconf 82' lang='grc' dir='ltr'><strong><em>κτλ.</em></strong></span> <span class='ocrx_word' id='word_1_353' title='bbox 649 2710 813 2759; x_wconf 78' lang='grc' dir='ltr'><strong><em>Κύπριοι</em></strong></span> <span class='ocrx_word' id='word_1_354' title='bbox 839 2710 910 2759; x_wconf 76' lang='grc' dir='ltr'><strong><em>γὰρ</em></strong></span> <span class='ocrx_word' id='word_1_355' title='bbox 937 2714 1001 2748; x_wconf 84' lang='grc' dir='ltr'><strong><em>καὶ</em></strong></span> <span class='ocrx_word' id='word_1_356' title='bbox 1021 2711 1060 2749; x_wconf 82' lang='grc' dir='ltr'><strong><em>οἷ</em></strong></span> <span class='ocrx_word' id='word_1_357' title='bbox 1079 2708 1328 2759; x_wconf 78' lang='grc' dir='ltr'><strong><em>Ἀμαθούσιοι.</em></strong></span> <span class='ocrx_word' id='word_1_358' title='bbox 1369 2713 1424 2749; x_wconf 85' lang='lat' dir='ltr'><strong><em>Of.</em></strong></span> <span class='ocrx_word' id='word_1_359' title='bbox 1444 2713 1548 2748; x_wconf 73' lang='lat' dir='ltr'>Eust.</span> <span class='ocrx_word' id='word_1_360' title='bbox 1568 2713 1611 2748; x_wconf 92' lang='lat' dir='ltr'><strong><em>Il.</em></strong></span> <span class='ocrx_word' id='word_1_361' title='bbox 1632 2716 1713 2758; x_wconf 84' lang='lat'>305,</span> 
     </span>
     <span class='ocr_line' id='line_1_43' title="bbox 180 2757 1714 2817; baseline 0 -21"><span class='ocrx_word' id='word_1_362' title='bbox 180 2766 223 2796; x_wconf 90' lang='grc'><strong><em>33</em></strong></span> <span class='ocrx_word' id='word_1_363' title='bbox 251 2761 317 2797; x_wconf 86' lang='lat' dir='ltr'><strong><em>ubi</em></strong></span> <span class='ocrx_word' id='word_1_364' title='bbox 343 2761 509 2806; x_wconf 82' lang='grc' dir='ltr'><strong><em>φαγοῦσι</em></strong></span> <span class='ocrx_word' id='word_1_365' title='bbox 534 2761 710 2796; x_wconf 78' lang='lat' dir='ltr'>omissum</span> <span class='ocrx_word' id='word_1_366' title='bbox 730 2761 769 2796; x_wconf 87' lang='lat' dir='ltr'><strong><em>et</em></strong></span> <span class='ocrx_word' id='word_1_367' title='bbox 787 2761 917 2817; x_wconf 79' lang='grc' dir='ltr'><strong><em>πυρῶν</em></strong></span> <span class='ocrx_word' id='word_1_368' title='bbox 943 2760 1099 2807; x_wconf 84' lang='lat' dir='ltr'>legitur,</span> <span class='ocrx_word' id='word_1_369' title='bbox 1126 2760 1259 2798; x_wconf 82' lang='lat' dir='ltr'>Strabo</span> <span class='ocrx_word' id='word_1_370' title='bbox 1279 2757 1412 2806; x_wconf 83' lang='grc' dir='ltr'><strong><em>πυρόν,</em></strong></span> <span class='ocrx_word' id='word_1_371' title='bbox 1439 2772 1498 2805; x_wconf 83' lang='lat' dir='ltr'><strong><em>ap.</em></strong></span> <span class='ocrx_word' id='word_1_372' title='bbox 1516 2761 1714 2817; x_wconf 85' lang='lat' dir='ltr'>utrumque</span> 
     </span>
     <span class='ocr_line' id='line_1_44' title="bbox 181 2805 1714 2868; baseline 0 -25"><span class='ocrx_word' id='word_1_373' title='bbox 181 2808 246 2844; x_wconf 82' lang='grc' dir='ltr'><em>καὶ</em></span> <span class='ocrx_word' id='word_1_374' title='bbox 268 2805 394 2854; x_wconf 75' lang='grc' dir='ltr'><strong><em>Ἀμαθ.</em></strong></span> <span class='ocrx_word' id='word_1_375' title='bbox 422 2808 518 2844; x_wconf 85' lang='lat' dir='ltr'>Hinc</span> <span class='ocrx_word' id='word_1_376' title='bbox 543 2808 784 2868; x_wconf 84' lang='lat' dir='ltr'>proverbium</span> <span class='ocrx_word' id='word_1_377' title='bbox 806 2805 976 2854; x_wconf 83' lang='grc' dir='ltr'><strong><em>Κυπριος</em></strong></span> <span class='ocrx_word' id='word_1_378' title='bbox 1001 2810 1102 2866; x_wconf 80' lang='grc' dir='ltr'><strong><em>βοῦς,</em></strong></span> <span class='ocrx_word' id='word_1_379' title='bbox 1129 2808 1174 2845; x_wconf 83' lang='lat' dir='ltr'><strong><em>cf.</em></strong></span> <span class='ocrx_word' id='word_1_380' title='bbox 1193 2807 1320 2843; x_wconf 87' lang='lat' dir='ltr'>Miller</span> <span class='ocrx_word' id='word_1_381' title='bbox 1339 2808 1444 2845; x_wconf 73' lang='lat' dir='ltr'>Miso.</span> <span class='ocrx_word' id='word_1_382' title='bbox 1464 2812 1550 2843; x_wconf 88' lang='lat'><strong>366.</strong></span> <span class='ocrx_word' id='word_1_383' title='bbox 1576 2805 1714 2853; x_wconf 81' lang='grc' dir='ltr'><strong><em>ταύτης</em></strong></span> 
     </span>
     <span class='ocr_line' id='line_1_45' title="bbox 180 2853 1713 2940; baseline -0.001 -49"><span class='ocrx_word' id='word_1_384' title='bbox 180 2855 366 2940; x_wconf 80' lang='grc' dir='ltr'><strong><em>μέμνηται</em></strong></span> <span class='ocrx_word' id='word_1_385' title='bbox 397 2855 626 2903; x_wconf 86' lang='grc' dir='ltr'><strong><em>Μένανδρος</em></strong></span> <span class='ocrx_word' id='word_1_386' title='bbox 661 2853 702 2892; x_wconf 81' lang='grc' dir='ltr'><strong><em>ἐν</em></strong></span> <span class='ocrx_word' id='word_1_387' title='bbox 729 2853 875 2892; x_wconf 83' lang='grc' dir='ltr'><strong><em>Κόλακι</em></strong></span> <span class='ocrx_word' id='word_1_388' title='bbox 909 2856 975 2892; x_wconf 86' lang='grc' dir='ltr'><strong><em>καὶ</em></strong></span> <span class='ocrx_word' id='word_1_389' title='bbox 1007 2854 1175 2904; x_wconf 78' lang='grc' dir='ltr'><strong><em>ἰάμβοις,</em></strong></span> <span class='ocrx_word' id='word_1_390' title='bbox 1213 2867 1281 2891; x_wconf 83' lang='lat' dir='ltr'><strong>scr.</strong></span> <span class='ocrx_word' id='word_1_391' title='bbox 1315 2855 1380 2891; x_wconf 87' lang='grc' dir='ltr'><strong><em>καὶ</em></strong></span> <span class='ocrx_word' id='word_1_392' title='bbox 1408 2853 1630 2898; x_wconf 78' lang='grc' dir='ltr'><strong><em>Ιππώναξ</em></strong></span> <span class='ocrx_word' id='word_1_393' title='bbox 1667 2853 1713 2891; x_wconf 83' lang='grc' dir='ltr'><strong><em>ἐν</em></strong></span> 
     </span>
    </p>
   </div>
   <div class='ocr_carea' id='block_1_12' title="bbox 181 2900 341 2951">
    <p class='ocr_par' dir='ltr' id='par_1_16' title="bbox 181 2900 341 2951">
     <span class='ocr_line' id='line_1_46' title="bbox 181 2900 341 2951; baseline 0.007 -13.111"><span class='ocrx_word' id='word_1_394' title='bbox 181 2900 341 2951; x_wconf 83' lang='grc' dir='ltr'><strong><em>ἰάμβοις.</em></strong></span> 
     </span>
    </p>
   </div>
  </div>
 </body>
</html>
