1890 3216
826 199 1092 239 HIPPONAX.
1646 198 1736 242 463

875 312 1055 368 6.[44]

278 403 368 442 Δεῖ
398 395 444 442 δ’
481 394 621 442 αὐτὸν
654 397 698 450 ἐς
729 395 971 455 φάρμακον
1003 393 1343 453 ἐκποιήσασθαι.

878 530 1055 585 7.[44]

272 612 412 674 Κᾶφῇ
446 614 652 673 παρέξειν
686 613 872 672 ἰσχάδας
903 630 950 658 τε
980 613 1055 658 καὶ
1088 614 1231 671 μᾶζαν

277 686 351 732 καὶ
384 685 539 744 τυρόν,
573 681 673 731 οἷον
706 686 914 731 ἐσθίουσι
947 683 1188 744 φάρμακοι.

874 819 1054 874 8.[44]

278 901 430 947 Πάλαι
461 900 548 960 γὰρ
581 899 749 954 αὐτοὺς
779 902 1106 960 προσδέχονται
1138 901 1381 960 χάσκοντες

277 973 447 1032 κράδας
479 976 676 1032 ἔχοντας,
709 971 769 1027 ὥς
802 976 954 1032 ἔχουσι
988 973 1253 1033 φαρμάκοις.

873 1108 913 1151 9.
948 1108 1054 1162 [44.]
1665 1119 1734 1151 754

277 1192 406 1251 Λιμῷ
437 1189 620 1248 γένηται
653 1188 799 1250 ξηρός,
833 1191 882 1235 ἐν
915 1189 966 1235 δὲ
996 1193 1058 1252 τῷ
1090 1192 1223 1252 θυμῷ

277 1261 514 1321 φάρμακος
545 1259 703 1320 ἀχθεὶς
733 1261 913 1316 ἑπτάκις
944 1263 1200 1320 ῥαπισθείη.
1243 1262 1246 1265 ’

847 1397 1084 1451 10.[107]

307 1484 480 1524 Ant-‚iate
512 1484 638 1524 Bekk.
678 1483 753 1523 An.
785 1484 806 1523 I
839 1485 913 1536 82,
955 1486 1028 1542 13:
1069 1477 1371 1536 Ἀνδριάντα·
1415 1479 1496 1525 τὸν
1538 1484 1734 1524 λίθινον

282 1636 342 1674 Fr.
369 1640 402 1671 6.
434 1635 607 1672 Meineke
639 1646 723 1671 cum
754 1634 798 1671 fr.
827 1638 846 1670 7
880 1636 917 1671 et
951 1637 974 1670 8
1004 1634 1044 1671 in
1079 1646 1195 1671 unum
1222 1635 1424 1672 coniunxit.
1451 1657 1494 1662 —
1531 1632 1733 1693 ἐκποιήσα-

188 1687 293 1730 σθαι,
313 1683 488 1720 Meineke
514 1683 609 1720 coni.
632 1680 933 1729 ἐκπονήσασθαι,
952 1683 1103 1719 Heeker
1121 1680 1171 1724 ὡς
1191 1697 1231 1729 φ.
1253 1681 1552 1744 ἐκπτοήσασθαι,
1571 1682 1656 1720 fort.
1678 1680 1734 1725 ὡς

188 1731 393 1780 φάρμακον
421 1728 781 1789 ἐκφορήσασθαι
811 1731 1024 1778 legendum.
1070 1732 1225 1778 Proprio
1253 1732 1437 1768 vocabulo
1465 1729 1733 1779 ἐκπέμπεσθαι

187 1781 308 1818 utitur
329 1779 420 1817 Hes.
446 1780 605 1826 κραδίης
629 1777 755 1826 νόμος.

283 1841 342 1876 Fr
369 1844 401 1876 7.
433 1839 478 1876 V.
507 1843 538 1876 1.
565 1835 693 1887 καφῇ,
725 1840 841 1897 vulgo
867 1839 991 1901 καφῇ,
1024 1840 1106 1877 cod.
1132 1851 1155 1876 a
1180 1841 1254 1886 (ap.
1281 1840 1442 1885 Kiessl.)
1458 1837 1578 1886 κὰφη,
1605 1840 1668 1875 ΑΒ
1693 1839 1733 1875 1ιι

186 1901 236 1925 ιιι.
263 1885 345 1935 ἆφὴ
381 1888 448 1924 καὶ
478 1901 582 1935 αρμα
613 1888 680 1924 καὶ
710 1886 756 1924 τὰ
788 1884 902 1924 zema
935 1902 971 1924 οι
995 1884 1120 1930 Ἴωνες
1150 1889 1320 1932 ψιλοῦσι,
1352 1889 1441 1924 hinc
1474 1888 1733 1925 Schneidewin

185 1939 291 1974 reete
315 1936 586 1995 interpretatur
610 1936 676 1972 καὶ
708 1937 822 1983 χειρί,
855 1936 900 1973 cf.
927 1937 1106 1982 Hesycha
1139 1933 1240 1982 ἁφή·
1273 1938 1452 1982 αἴσθησις
1483 1937 1635 1982 χειρῶν,
1669 1937 1733 1972 sed

186 1985 361 2022 Favorin.
388 1984 475 2020 add.
501 1981 524 2030 ἢ
551 1984 642 2042 χείρ.
671 2005 714 2010 -
742 1982 935 2031 παρέξειν,
960 1985 1133 2021 Meineke
1160 1985 1255 2021 coni.
1281 1989 1503 2030 παρασχεῖν.

283 2033 342 2069 Fr.
370 2036 403 2068 8.
429 2033 475 2068 V.
505 2037 535 2068 1.
562 2028 704 2073 αὐτοὺς
730 2031 902 2069 Meineke
930 2033 1025 2070 coni.
1053 2030 1183 2078 αὐτὸν,
1202 2034 1246 2068 ula
1265 2033 1314 2068 ad
1334 2033 1519 2078 Bupalum
1538 2033 1730 2068 referatur.

189 2103 232 2107 —
260 2078 551 2126 προσδέχονται,
586 2079 849 2116 Schneidewin
880 2079 1167 2138 προσδέκονται.
1199 2101 1246 2107 —-
1277 2080 1321 2117 V.
1348 2085 1381 2116 2.
1408 2081 1583 2116 Fortasse
1617 2080 1731 2117 corri-

187 2129 353 2176 gendum
392 2127 596 2174 ἔχοντες,
635 2125 691 2169 ὡς
727 2126 898 2164 λέπωσι
937 2125 1226 2174 φαρμάκους,
1263 2128 1354 2164 olim
1390 2128 1532 2165 conieci
1572 2126 1732 2187 ἔχοντες,

188 2174 250 2218 αἷς
288 2174 397 2212 ἐλῶσι
436 2173 682 2222 φαρμακούς,
714 2175 888 2212 Meineke
921 2175 1071 2223 ἔχοντες
1109 2175 1170 2217 αἷς
1207 2171 1280 2224 (ᾖς)
1313 2177 1458 2222 χρίουσι
1474 2174 1732 2236 φαρμακούς,

188 2224 289 2270 quod
314 2223 452 2270 probat
475 2224 602 2270 Brink,
629 2223 700 2259 nisi
729 2223 829 2269 quod
855 2221 905 2265 ὡς
930 2226 1072 2269 tuetur,
1106 2213 1281 2270 Harbung
1306 2225 1427 2261 solum
1461 2223 1609 2270 ἔχοντες
1634 2236 1731 2261 eom-

187 2272 376 2329 probavit.
404 2293 448 2298 —
481 2269 716 2327 φαρμάκοις,
748 2272 850 2317 quod.
882 2273 997 2308 etiam
1023 2271 1088 2308 AB
1120 2274 1294 2317 tuentur,
1325 2272 1411 2309 fort.
1437 2273 1659 2309 mutandum
1693 2273 1732 2308 in

190 2333 405 2366 φαρμακοι,
435 2321 497 2365 ut,
530 2321 561 2355 si
592 2321 692 2356 recte
724 2319 896 2364 memini,
929 2320 1026 2357 alius
1058 2331 1206 2367 quoque
1243 2301 1414 2358 cohieoit.
1465 2321 1611 2357 Ahrens
1638 2332 1730 2356 ωστε

188 2367 258 2405 κού
284 2382 343 2453 Fbr.
347 2381 403 2452 φὲ
405 2365 735 2462 ρμθακῖυξιεὲἓῖἒι
736 2367 1066 2453 ᾳῗιέἓιιῗέῗςθῃοοῖιιιιῗ
1066 2368 1266 2474 15ῖῖἷέἳο
1280 2416 1456 2463 equidem
1489 2416 1583 2452 nihil
1617 2418 1733 2462 muto,

190 2464 236 2501 ef.
269 2464 425 2501 titulum
464 2464 661 2509 antiquum
702 2463 877 2500 Teiorum
915 2464 1024 2502 CIGr.
1051 2464 1087 2499 II
1120 2469 1214 2501 3044
1245 2476 1379 2506 οστις.
1433 2494 1440 2501 .
1468 2464 1638 2512 αἰσυμνῷ
1665 2493 1673 2500 .
1695 2492 1702 2500 .
1727 2492 1735 2500 .

189 2509 506 2560 ἀποκτείνῃ..
539 2509 752 2555 κιξαλλεύοι
779 2539 786 2546 .
814 2539 822 2547 .
851 2541 859 2549 .
886 2509 1112 2558 ὑποδέχοιτο
1144 2516 1220 2551 κτλ.
1259 2534 1303 2539 -
1313 2511 1455 2571 ξηρός
1490 2513 1571 2548 cod.
1611 2524 1633 2548 a
1672 2523 1731 2558 ap.

189 2560 336 2606 Kiessl„
364 2561 477 2606 vulgo
504 2557 629 2606 ξηρόν.
659 2580 702 2586 -
728 2559 854 2606 θυμῷ,
881 2560 1060 2597 Soh01.A
1085 2557 1215 2606 θυμὸς
1237 2558 1279 2596 τὸ
1306 2557 1423 2607 ἄρρεν
1449 2559 1610 2604 αἰδοῖον,
1638 2571 1734 2605 quae

189 2609 393 2645 admodum
431 2608 547 2644 dubia
584 2610 644 2644 est.
674 2607 887 2666 explicatio.
939 2609 988 2644 M.
1022 2608 1195 2644 Schmidt
1228 2610 1374 2644 mutato
1413 2611 1571 2645 accentu
1604 2606 1732 2665 θύμῳ,

190 2668 275 2693 usus
302 2655 466 2693 Arcadio
499 2668 534 2702 p.
563 2659 608 2692 60
638 2653 764 2702 θύμος
796 2655 947 2702 (θῦμος)
980 2655 1024 2692 δέ
1055 2654 1098 2692 τὸ
1130 2653 1263 2702 κύριον
1293 2651 1317 2702 ἢ
1343 2653 1366 2702 ἡ
1400 2653 1559 2702 βοτάνη,
1593 2655 1658 2691 ubi
1689 2654 1731 2691 τὸ

191 2702 324 2751 μόριον
351 2704 447 2741 corti
476 2704 517 2748 it,
544 2704 606 2739 vix
631 2705 743 2740 recte.
795 2702 875 2749 Ego
902 2703 1016 2740 etiam
1043 2715 1140 2740 nunc
1171 2706 1282 2740 teneo
1316 2701 1357 2740 ἐν
1382 2704 1495 2750 θυμῷ
1529 2704 1629 2739 idem
1654 2703 1733 2739 fere

191 2764 271 2789 esse
304 2754 417 2798 atque
471 2765 492 2787 ν
524 2765 602 2792 τοις
633 2748 876 2797 ὀξυθυμίοις,
908 2763 1004 2797 quae
1035 2763 1111 2788 non
1144 2752 1232 2788 sunt
1263 2752 1365 2788 dicta
1398 2752 1446 2788 ab
1478 2752 1536 2787 ira
1567 2751 1732 2797 deornm,

191 2812 288 2846 quae
320 2800 472 2847 piaculo
504 2799 692 2846 placanda
728 2800 825 2844 erat,
858 2799 923 2835 sed
959 2800 1008 2835 ab
1041 2800 1119 2836 acri
1156 2800 1259 2836 fumo
1293 2799 1482 2846 lignorum
1514 2781 1733 2843 infelicium,

193 2860 287 2893 quae
312 2848 644 2892 comburebantur3
671 2846 822 2883 G1aecis
849 2859 998 2894 quoque
1023 2844 1149 2905 θυμὸς
1174 2848 1264 2883 olim
1291 2848 1374 2884 erat
1397 2848 1532 2892 fumus.
1562 2867 1604 2873 —
1633 2847 1676 2884 V.
1696 2851 1730 2883 2.

193 2894 394 2950 φαρμακός
418 2895 614 2980 Kieszsling5
634 2897 673 2932 et
698 2893 908 2939 Blomfield‚
934 2895 1021 2932 libri
1046 2892 1066 2931 ὁ
1093 2893 1306 2942 φαρμακός,
1332 2906 1403 2942 ego
1428 2896 1626 2932 accentum
1652 2906 1732 2931 cor·
1748 2924 1750 2928 .

192 2944 288 2986 rexi,
322 2943 397 2980 vid.
412 2944 484 3027 1ad
521 2944 565 2980 fr.
593 2948 625 2980 5.
677 2942 850 2980 Ceterum
888 2943 976 2979 huie
1013 2943 1056 2980 fr.
1089 2948 1111 2979 9
1150 2943 1324 2980 Meineke
1362 2942 1610 2990 probabiliter
1647 2943 1733 2979 sub—

192 2990 314 3027 iunxit
337 2992 383 3027 fr.
