1890 3216
203 179 286 222 196
729 179 922 216 ΡΟΕΤΑΕ
951 179 1191 220 ELEGIACI.

197 281 265 331 895
291 287 480 345 Γνώμης
513 286 554 331 δ’
591 285 724 331 οὐδὲν
757 285 942 344 ἄμεινον
975 286 1090 345 ἀνὴρ
1123 291 1208 345 ἔχει
1242 286 1374 340 αὐτὸς
1405 289 1453 332 ἐν
1486 286 1626 348 αὐτῷ,
1658 301 1726 332 541

352 358 451 405 οὐδ’
488 357 831 415 ἀγνωμοσύνης,
864 357 1029 417 Κύρν’,
1062 358 1404 416 ὀδυνηρότερον.

291 465 464 523 Κύρνε,
497 465 556 522 μὴ
588 463 721 509 πάντ’
758 463 970 522 ἄνδρεσσι
1000 471 1298 522 καταθνητοῖς
1329 469 1609 523 χαλεπαίνειν

349 536 583 593 γινώσκων
614 537 687 580 καὶ
719 539 833 581 νοῦν
866 532 964 581 οἷον
997 537 1177 590 ἕκαστος
1209 540 1295 595 ἔχει

218 664 220 666 Υ
291 608 415 660 ἐντὸς
447 608 514 652 ε’νὶ
546 607 778 665 στήθεσσι,
811 608 883 652 καὶ
916 611 1108 666 ἔργματα
1139 611 1230 653 τῶν
1261 626 1307 652 τε
1339 611 1524 652 δικαίων

196 692 265 724 900
349 682 439 724 τῶν
469 678 511 724 τ’
547 678 739 736 ἀδίκων,
772 680 882 736 μέγα
913 697 990 723 κεν
1022 682 1145 736 πῆμα
1176 683 1405 737 βροτοῖσιν
1438 681 1561 736 ἐπῆν.

197 823 234 857 et
259 821 444 868 Duncker‚
471 823 539 858 hos
565 834 693 858 versus
727 823 774 858 ad
801 822 1098 858 Chalcidensium
1132 824 1170 858 et
1200 821 1469 857 Eretriensium
1499 822 1639 858 bellum
1670 833 1729 858 rea

196 869 321 904 ferunt
346 869 384 906 C.
406 870 462 907 Fr.
483 871 673 906 Hermann
700 871 833 916 Opusc.
863 873 928 905 187
944 881 1016 915 seq.
1049 873 1087 905 et
1112 870 1268 905 Vischer
1293 869 1432 915 (Goett.
1459 870 1547 905 Anz.
1577 873 1668 905 1864
1691 882 1727 906 n.

194 920 266 961 35),
287 929 407 963 neque
433 921 561 953 tamen
582 917 862 963 Cypselidarum
888 918 1039 963 mentio,
1059 921 1102 953 ut
1122 918 1277 953 Vischer
1297 917 1495 961 existimat,
1516 917 1725 953 necessario

196 966 345 1009 suadet,
378 967 420 1000 ut
451 966 522 1001 hoc
553 966 694 1001 bellum
726 965 928 1001 Periandro
963 967 1144 1010 regnante
1180 966 1227 1000 sit
1261 968 1428 1011 gestum3
1467 977 1552 1000 nam
1587 964 1728 1000 bellum

192 1012 298 1056 illud,
324 1013 424 1057 quod
450 1012 624 1048 Duncker
649 1014 745 1050 Hist.
773 1015 857 1048 Ant.
888 1014 937 1048 HI
961 1016 1031 1048 468
1058 1025 1132 1058 seq.
1160 1013 1216 1048 ed.
1238 1017 1257 1047 2
1285 1011 1384 1047 circa
1410 1012 1466 1047 Ol.
1494 1016 1539 1047 35
1566 1013 1726 1048 maxime

193 1060 370 1095 exarsisse
398 1063 534 1104 censet,
560 1061 687 1106 potius
713 1062 760 1096 ad
788 1059 939 1105 Cypseli
970 1061 1086 1105 ipsius
1118 1062 1282 1096 aetatem
1308 1061 1542 1095 referendum
1568 1071 1647 1095 esse
1673 1061 1726 1094 vi·

191 1107 312 1143 detur.
362 1109 589 1153 Κυψελίδαι,
616 1109 787 1153 quamvis
813 1109 989 1154 poterant
1014 1119 1142 1143 omnes
1163 1108 1326 1153 omnino,
1347 1107 1410 1152 qui
1430 1119 1452 1143 a
1471 1107 1621 1153 Cypseli
1639 1118 1723 1153 par—

190 1154 292 1190 tibus
319 1155 481 1199 stabant,
508 1155 733 1200 nuncupari,
759 1158 885 1191 tamen
911 1156 972 1190 1110
999 1156 1045 1190 ad
1072 1155 1269 1201 Cypselum
1294 1156 1418 1200 ipsum
1444 1154 1597 1199 eiusque
1629 1154 1726 1190 filios

189 1203 425 1238 referendum
453 1214 602 1238 censeo:
631 1203 766 1238 etenim
796 1205 908 1249 poeta
933 1203 995 1238 hic
1020 1215 1095 1238 non
1121 1203 1199 1238 sine
1226 1202 1431 1238 acerbitate
1458 1202 1624 1247 respexit
1648 1202 1726 1247 epi-

190 1261 360 1295 gramma
383 1249 604 1296 inscriptum
630 1250 729 1286 Iovis
756 1250 934 1286 colossico
970 1261 1082 1286 aureo
1114 1249 1241 1308 signo,
1273 1251 1372 1295 quod
1398 1249 1597 1307 Olympiae
1621 1249 1725 1284 dedi-

191 1300 356 1334 caverat
376 1297 573 1358 Cypselus:
610 1297 660 1333 Εἰ
689 1296 738 1343 μὴ
772 1295 844 1344 ἐγώ
878 1298 1037 1343 χρυσοῦς
1068 1296 1303 1354 σφυρήλατος
1336 1297 1415 1355 εἰμὶ
1443 1294 1620 1337 κολοσσός
1652 1297 1726 1341 (vel

189 1345 315 1390 potius
342 1345 379 1380 εἰ
403 1344 451 1390 μὴ
480 1343 577 1403 ἐγὼν
605 1339 704 1388 ὦναξ
731 1344 966 1391 παγχρύσεος
992 1344 1068 1391 εἰμὶ
1092 1343 1282 1390 κολοσσός)
1313 1341 1502 1390 Ἐξωλης
1535 1346 1607 1390 εἰη
1640 1347 1727 1379 Κυ-

191 1394 393 1435 ψελιδῶν
419 1391 577 1438 γενεά,
603 1393 648 1428 de
675 1405 747 1437 quo
775 1405 882 1439 Slgno
909 1404 998 1428 sane
1024 1393 1278 1439 ambigebant,
1304 1397 1429 1427 utrum
1448 1392 1528 1438 ipse
1549 1392 1727 1438 Cypselus

192 1451 239 1475 an
259 1439 462 1476 Periander
487 1441 733 1476 dedicaverit:
761 1442 826 1476 sed
846 1441 940 1476 illud
962 1453 1106 1476 verum.
1132 1451 1220 1475 nam
1240 1441 1451 1476 aemulatus
1472 1441 1528 1475 est
1549 1439 1727 1485 Cypselus

190 1488 384 1533 Myronem
424 1488 679 1543 Sicyoniorum
717 1490 929 1534 tyrannum.
987 1487 1111 1533 Atque
1148 1488 1248 1523 circa
1284 1487 1380 1522 illud
1417 1488 1539 1533 ipsum
1577 1491 1727 1532 tempus

189 1535 451 1571 Chalcidenses
490 1535 626 1571 eximio
664 1535 864 1581 praeconio
912 1534 1061 1571 ornavit
1105 1535 1329 1581 Delphicum
1368 1535 1584 1579 Oraculum,
1623 1533 1728 1570 cuius

190 1582 305 1618 dictio
331 1582 596 1629 Aegiensibus,
627 1595 704 1619 non
729 1584 1028 1630 Megarensibus,
1060 1595 1135 1619 non
1161 1586 1247 1619 ante
1274 1582 1420 1628 01.29‚
1452 1582 1517 1618 sed
1543 1582 1646 1618 haud
1671 1582 1727 1618 ita

193 1630 312 1666 multo
338 1633 426 1676 post
451 1631 553 1666 edita
579 1631 652 1666 est.

309 1679 427 1724 Γαίης
453 1692 522 1724 μεν
548 1676 671 1724 πάσης
695 1675 735 1714 τὸ
765 1676 1004 1724 Πελασγικὸν
1022 1675 1147 1724 ’Ἄργος
1173 1675 1343 1737 ἄμεινον,

262 1730 376 1761 Ιπποι
403 1725 632 1761 Θεσσαλικαὶ
659 1726 719 1769 (al.
750 1727 953 1782 Θρηίκιαι),
979 1724 1280 1785 Λακεδαιμόνιαι
1306 1725 1347 1761 δὲ
1374 1730 1569 1771 γυναῖκες,

252 1770 400 1815 ’Ἄνδρες
426 1770 478 1819 δ’,
505 1772 541 1809 οἳ
566 1774 739 1809 πίνουσιν
765 1769 869 1818 υδωρ
897 1775 1014 1831 καλῆς
1037 1771 1277 1831 Ἀρεθούσης,

259 1802 494 1878 Δουριμάχοι
520 1821 711 1868 (κρατεροὶ
737 1819 890 1878 μάργων
916 1817 951 1856 τ’
981 1819 1202 1881 ἐπιβήτορες
1226 1822 1379 1877 ι’ππων),

259 1865 345 1904 Ἀλλ’
375 1868 429 1904 ἔτι
454 1868 519 1904 καὶ
545 1869 619 1903 τῶν
647 1868 740 1903 εἰσὶν
768 1865 978 1914 αμείνονες,
1006 1868 1042 1904 οἳ
1066 1867 1107 1904 τὸ
1135 1866 1275 1914 μεσηγὺ

256 1917 455 1973 Τίρυνθος
481 1917 632 1952 ναίουσι
657 1915 722 1951 καὶ
744 1912 936 1961 Ἀρκαδιής
961 1913 1175 1962 πολυμήλου

253 1959 408 2021 Ἀργεῖοι
433 1961 707 2021 λινοθώρηκες,
731 1962 869 2007 κέντρα
895 1963 1112 2022 πτολέμοιο·

253 2007 380 2055 Ὑμεῖς
405 2007 444 2046 δ’
473 2010 620 2056 Αἰγιέες
647 2024 736 2047 ουτε
764 2013 881 2055 τρίτοι
906 2025 994 2047 ουτε
997 2010 1191 2070 τέταρτοι

260 2056 358 2094 Οὔτε
389 2057 636 2116 δυωδέκατοι,
664 2055 748 2094 ουτ’
776 2056 817 2095 ἐν
843 2058 942 2118 λόγῳ
970 2056 1052 2095 ουτ’
1081 2056 1122 2094 ἐν
1148 2056 1312 2105 αριθμῷ.

187 2127 229 2132 —
257 2105 302 2141 V.
329 2110 409 2142 895.
449 2103 562 2147 αὐτὸς
600 2087 641 2142 ἐν
678 2103 780 2142 αυτῶ
812 2105 863 2152 Α,
897 2105 938 2142 ἐν
970 2120 1013 2164 γε
1045 2103 1204 2154 εαυτῷ*,
1239 2107 1355 2142 Orelli
1388 2102 1505 2147 αυτὸς
1538 2104 1579 2143 ἐν
1612 2103 1726 2164 αυτῶ.

186 2174 232 2180 —
270 2154 315 2190 V.
355 2158 435 2190 896.
477 2152 752 2212 οδυνηρότερον
789 2153 840 2199 A,
854 2135 1167 2200 ανιηρότερον*.
1208 2174 1252 2179 -
1293 2154 1335 2189 V.
1376 2157 1455 2191 897,
1495 2151 1619 2199 Κύρνε
1663 2168 1728 2201 μη,

187 2202 287 2237 solus
334 2203 366 2237 A
407 2199 518 2260 κύρν’
558 2201 800 2245 εἰ,111111101·ο
848 2213 921 2237 non
965 2202 1174 2237 sententiae
1211 2201 1398 2237 laboranti
1436 2203 1643 2238 consulens.
1683 2223 1727 2228 —

186 2246 385 2293 ανδρεσσι,
414 2250 442 2285 Ο
470 2247 565 2294 ανδρ
569 2261 636 2285 εσι.
671 2270 715 2275 ——
747 2252 1019 2306 καταθνητοῖς,
1053 2249 1123 2285 0111
1155 2247 1250 2284 κατὰ
1283 2252 1456 2295 θνητοῖς,
1487 2252 1567 2285 1311111
1599 2260 1728 2285 omnes

187 2298 444 2341 χαλεπαίνειν.
498 2263 604 2339 Ωοροᾱ
631 2297 662 2332 si
688 2297 823 2333 statuis
854 2295 978 2343 Κύρνε
1012 2299 1152 2333 130111οτ0
1185 2309 1229 2332 ex
1262 2308 1370 2332 versu
1401 2299 1570 2342 proximo
1601 2297 1727 2343 priore

187 2345 401 2390 repetitum,
430 2345 485 2380 ita
511 2344 583 2380 erit
608 2356 735 2380 versus
764 2345 1016 2402 refingendus
1035 2342 1147 2385 Ζεὺς
1179 2343 1221 2379 εἰ
1250 2340 1364 2380 παντ’
1399 2343 1577 2402 ἄνδρεσσι
1607 2357 1723 2380 κατα-

188 2394 346 2437 θνητοῖς
372 2391 480 2437 χαλ
464 2405 601 2427 επαιν
613 2405 677 2432 εν
706 2403 931 2438 quamquam
964 2406 1088 2427 παντα
1113 2404 1182 2438 pio
1207 2389 1347 2432 παντὸς
1372 2390 1554 2438 (πάντων)
1579 2393 1639 2428 vel
1667 2389 1728 2427 ε’πὶ

188 2439 302 2474 παντὶ
329 2439 551 2475 insolentius
586 2419 739 2475 dictiim.
791 2439 854 2475 Sin
890 2437 1016 2486 Κύρνε
1047 2442 1214 2484 tuemur,
1247 2440 1320 2475 duo
1352 2440 1515 2475 disticha
1544 2440 1583 2475 in
1614 2451 1728 2474 unum

191 2487 427 2542 coaluerunt,
454 2484 525 2545 ‚va
504 2484 602 2530 τ·’,ρν
642 2484 717 2523 ἐπὶ
754 2487 893 2522 παντὶ
931 2489 1070 2534 (φίλοις
1096 2514 1222 2524 .....
1251 2486 1286 2522 εἰ
1313 2484 1386 2532 γὰρ
1419 2484 1515 2530 αναξ
1541 2487 1728 2532 Κρονίδης

187 2530 324 2578 ἤθελε)
350 2516 465 2569 παντ’
495 2532 676 2580 ανδρεσσι
702 2537 959 2588 καταθνητοῖς
983 2536 1225 2581 χαλεπαίνειν
1251 2537 1325 2569 κτλ.
1353 2533 1398 2569 cf.
1421 2535 1588 2591 eclogam
1616 2545 1729 2580 supra

186 2586 253 2617 323
281 2593 356 2626 seq.
407 2583 462 2617 De
496 2582 656 2618 aliorum
688 2581 865 2638 periculis
898 2583 1042 2619 dicetur
1071 2580 1180 2617 infra.
1211 2603 1248 2607 —
1277 2582 1320 2617 V.
1349 2585 1429 2617 89⁷3.
1465 2579 1656 2626 γινώσκων
1683 2580 1725 2624 O,

183 2630 297 2675 vulgo
318 2626 560 2687 γιγνώσκων,
593 2631 625 2664 Α
650 2627 859 2675 γινώσκειν.
895 2651 940 2656 —-
972 2630 1038 2666 καὶ
1069 2630 1255 2687 Hartungi
1287 2629 1557 2697 correctionem
1589 2630 1727 2674 recepi,

181 2676 267 2712 libri
304 2674 363 2717 ὡς.
398 2698 443 2703 ——
476 2681 556 2713 οἱον
589 2689 659 2713 om.
688 2677 713 2713 l.
747 2698 788 2702 —
819 2678 861 2713 V.
890 2682 970 2715 899.
999 2675 1104 2718 ἐντὸς
1129 2677 1181 2723 Κ,
1206 2673 1348 2718 αὐτὸς*
1383 2697 1431 2702 —-
1458 2675 1634 2722 ἔργματα,
1661 2677 1727 2712 bm

186 2725 379 2770 εἵργματα.
418 2746 459 2750 -
499 2725 572 2760 τῶν
605 2738 643 2760 τε
678 2725 836 2759 δικαίων
870 2725 944 2760 τῶν
981 2723 1016 2760 τ’
1056 2706 1197 2760 ἀδίκων
1234 2724 1440 2768 Hermann,
1480 2724 1566 2759 libri
1603 2724 1652 2770 τῷ
1687 2736 1727 2759 τε

182 2797 317 2842 δικαίῳ
350 2797 399 2844 τῷ
431 2793 466 2831 τ’
501 2793 639 2843 ἀδίκῳ,
677 2796 749 2831 nisi
786 2797 888 2852 quod
919 2809 953 2834 v.
992 2801 1060 2833 899
1093 2796 1142 2844 τῷ
1174 2794 1216 2831 δε
1250 2795 1495 2841 AOcdfghmn
1531 2794 1578 2839 (A
1603 2809 1652 2830 τω
1657 2785 1729 2840 ιδε,

182 2842 211 2877 Ο
238 2833 331 2879 τῶδε
359 2833 532 2889 δίκαίω)
542 2845 580 2879 et
604 2856 637 2879 v.
665 2847 734 2878 900
765 2841 855 2879 τῶδ’
902 2842 1023 2880 αδίκω
1059 2833 1141 2890 Ofg.
1190 2843 1408 2879 Heimsoeth
1448 2842 1522 2899 καὶ,
1550 2855 1730 2901 αργματα

181 2891 254 2925 τῶν
281 2904 318 2926 τε
347 2893 379 2926 δ.
415 2892 487 2926 τῶν
523 2888 557 2926 τ’
594 2889 654 2926 αδ.
694 2891 866 2937 requirit,
905 2904 987 2928 cum
1014 2893 1127 2927 antea
1151 2891 1372 2927 coniecisset
1409 2890 1473 2926 καὶ
1499 2886 1621 2936 ἀρχὴν
1658 2903 1726 2926 του

178 2950 218 2974 τε
245 2939 395 2974 δικαίου
421 2939 487 2974 τοῦ
512 2935 547 2973 τ’
575 2935 722 2974 ἀδίκου.
750 2960 792 2964 -
822 2941 862 2975 V.
890 2944 970 2975 900.
997 2953 1075 2985 κεν,
1099 2941 1132 2974 Α
1157 2951 1238 2985 κεμ.
1265 2959 1308 2964 -
1336 2939 1447 2985 βροτο
1469 2942 1556 2984 ῖσιν,
1583 2937 1612 2973 O
1639 2939 1730 2984 βρο
