1890 3216
0 4 29 197 ³⁸*vww2

812 152 1164 191 ARCHILOCHUS.
1303 199 1307 203 .
1669 153 1757 197 433

856 288 949 333 175.
984 288 1120 342 [152]

336 376 472 429 Steph.
503 377 597 428 Byz.
628 390 665 417 v.
704 371 859 429 Κρήτη·
896 371 921 428 ἡ
961 375 1118 430 μεγίστη
1156 375 1293 427 νῆσος,
1331 370 1383 427 ἠν
1421 372 1641 430 Κρείτην
1679 375 1757 430 ἔφη

210 437 432 497 Ἀρχίλοχος
468 438 566 483 κατὰ
603 437 866 495 πλεονασμόν.
929 442 977 482 cf.
1022 442 1207 482 Eustassh.
1251 441 1301 481 ad
1340 442 1503 494 DionyS.
1543 444 1649 494 498,
1688 443 1758 483 ubi

207 502 363 563 Ἀρχίας
392 524 461 559 τις.

855 601 952 644 176.
986 601 1124 655 [181.]

334 702 462 743 Schol.
482 701 598 740 Hom.
625 701 673 741 Il.
700 700 845 748 §5072
881 699 935 740 ΟΣ
961 694 1145 753 νεώτεροι
1170 698 1384 753 ἐπιθυμεῖν
1414 697 1456 741 τὸ
1489 701 1757 754 κροαίνειν,

213 763 266 816 ὦς
287 761 521 821 Ἀρχίλοχος.
553 769 595 806 et
620 767 779 806 deinde:
815 762 869 807 Τὸ
895 766 1095 819 κροαίνων
1121 759 1196 807 οὐκ
1221 765 1324 806 ἔστιν
1350 765 1574 819 ἐπιθυμῶν,
1601 762 1654 816 ὡς
1675 761 1759 821 Ἀρ-

211 834 366 887 χίλοχος
397 831 590 886 ἐξέλαβεν.
641 832 700 872 Cf.
734 832 865 872 Cram.
891 833 968 872 An.
1001 832 1092 871 Par.
1125 832 1187 871 III
1222 834 1319 882 284,
1355 835 1390 874 7.

855 974 950 1017 177.
985 973 1121 1026 [153]

330 1074 475 1114 Pollux
494 1073 530 1111 X
553 1073 656 1112 160:
684 1066 798 1111 Ἀλλὰ
832 1068 903 1124 μὲν
935 1070 1001 1111 καὶ
1031 1068 1177 1124 κύρτη
1204 1072 1377 1125 σιδηρᾶ
1403 1066 1564 1126 ἀγγεῖόν
1589 1089 1638 1124 τι,
1671 1069 1758 1114 οἷον

210 1139 382 1188 οἰκίσκος
414 1135 633 1190 ὀρνύθειος,
664 1133 772 1191 παρὰ
797 1132 998 1194 Ἡροδότῳ
1031 1136 1098 1178 καὶ
1126 1131 1349 1193 Ἀρχιλόχῳ.

856 1279 1121 1334 178.[154]

330 1379 460 1419 Schol.
481 1379 687 1429 Aristoph.
708 1378 816 1418 Plut,
837 1392 873 1418 v.
895 1380 1001 1418 476:
1034 1372 1219 1430 Κύφων
1245 1409 1254 1418 .
1282 1410 1289 1417 .
1316 1409 1325 1418 .
1348 1373 1569 1431 Ἀρχίλοχος
1602 1376 1646 1418 δὲ
1671 1373 1759 1419 ἀντὶ

208 1446 278 1485 τοῦ
310 1440 431 1494 κακὸς
461 1443 529 1484 καὶ
555 1438 748 1498 ὀλέθριος.
794 1443 854 1485 Cf.
874 1444 1005 1485 Schol.
1025 1444 1188 1484 Lucian.
1210 1444 1396 1484 Pseudol.
1422 1457 1454 1484 0.
1478 1446 1544 1485 17.
1590 1445 1701 1485 Suid.
1721 1459 1758 1486 v.

208 1506 422 1562 Κύφωνες.

851 1581 1119 1657 179y[117]

328 1703 464 1755 Essym.
484 1704 536 1742 M.
555 1717 593 1754 p.
618 1705 714 1755 152,
736 1704 810 1743 52:
838 1695 1134 1755 Ἐπαφρόδιτος
1160 1698 1203 1741 δὲ
1228 1698 1335 1755 παρὰ
1360 1698 1402 1742 τὸ
1423 1700 1532 1755 λέχος
1551 1704 1757 1756 λεχαίνειν,

207 1764 250 1810 τὸ
282 1767 420 1822 λέχους
451 1767 678 1821 ἐπιθυμεῖν,
709 1767 775 1808 καὶ
806 1763 903 1808 κατὰ
935 1764 1086 1821 τροπὴν
1123 1767 1333 1821 λεγαίνειν·
1372 1767 1492 1808 ἔνθεν
1519 1765 1758 1822 Ἀρχίλοχος·

208 1833 342 1889 λέγαι
375 1832 428 1875 δὲ
460 1831 554 1890 (1100
579 1835 669 1875 add.
690 1830 784 1889 DV)
817 1837 1051 1888 γυναῖκες
1082 1829 1170 1873 ἀντὶ
1201 1835 1271 1874 τοῦ
1302 1829 1524 1876 ἀκόλαστοι.
1567 1835 1758 1886 Hartung

208 1900 368 1956 λεγαναὶ
399 1902 572 1953 scripsit.

853 1952 1120 2035 180.[160]

330 2082 475 2122 Pollux
494 2081 553 2120 VI
575 2082 648 2120 80:
682 2078 929 2130 Μέσπιλα,
955 2076 980 2120 ἃ
1006 2079 1072 2120 καὶ
1098 2076 1147 2120 ὅα
1173 2082 1359 2120 καλεῖται·
1385 2078 1452 2119 καὶ
1477 2076 1654 2132 τοῦνομά
1679 2078 1757 2120 ἐστι

211 2143 319 2199 παρὰ
353 2143 540 2187 Πλάτωνι
570 2149 699 2197 τοῦτο,
732 2141 785 2195 ὦς
815 2140 909 2199 παρ’
941 2142 1150 2200 Ἀρχιλόχῳ
1182 2144 1321 2186 έκεῖνο.

836 2288 945 2331 ’181.
981 2287 1117 2342 [157.]

328 2388 520 2439 Hesych.:
552 2382 870 2439 Μουνόκερα”
901 2381 944 2426 τὸ
977 2383 1111 2438 μηκέτι
1143 2383 1234 2438 ἕχον
1263 2381 1336 2437 τὴν
1367 2381 1510 2437 ἀλκήν·
1545 2381 1598 2434 ὡς
1630 2381 1755 2437 Ἀρχί-

123 2491 127 2495 .
207 2457 334 2507 λοχος.
373 2454 464 2493 fort.
503 2448 823 2505 μουνόκερον,
864 2453 1005 2491 contra.
1041 2451 1202 2492 Lobeck
1239 2447 1284 2490 τὰ
1317 2467 1354 2503 μ.
1387 2450 1537 2504 ἔχοντα,
1577 2451 1756 2491 Schmidt

208 2516 501 2572 μουνοκέρατον
533 2519 771 2570 suspicatur.

853 2635 1120 2688 182.[155]

329 2734 492 2775 Suidas:
525 2732 763 2786 Μυδαλέας,
796 2727 1054 2786 διαβρόχους,
1086 2730 1261 2785 μυδαλέα
1293 2728 1477 2784 δάκρυσι,
1509 2731 1576 2772 καὶ
1607 2722 1754 2785 μυδᾶ-

210 2804 256 2841 λε
267 2816 341 2852 ον,
374 2800 551 2855 δίυγρον,
583 2795 690 2852 παρὰ
718 2795 928 2854 Ἀρχιλόχῳ
956 2794 1183 2851 διάβροχον,
1209 2796 1308 2852 λέγει
1334 2796 1377 2838 δὲ
1401 2794 1443 2839 τὸ
1470 2797 1661 2852 ἐπίδακρυ
1687 2797 1753 2838 καὶ

207 2862 416 2920 κάθυγρον
447 2863 554 2919 ὄμμα
586 2861 664 2920 (ita
683 2865 866 2905 Meineke
887 2865 1129 2916 emendaviiz,
1160 2865 1283 2916 vulgo
1305 2860 1437 2917 αἷμα),
1467 2860 1510 2904 τὸ
1537 2860 1753 2916 έννότερον,

207 2928 399 2987 ῥυπαρόν.
461 2932 612 2972 Eadem
644 2932 760 2971 Phot.
795 2932 893 2982 278,
927 2932 994 2983 13,
1027 2931 1095 2970 sed
1127 2930 1359 2971 Archilochi
1396 2930 1556 2971 nomine
1594 2931 1753 2971 omisso.

279 3007 410 3033 Porum
429 3005 508 3032 Lyn.
539 3006 580 3032 11.
1417 3002 1462 3033 ‘28
