1890 3216
891 190 1062 227 SOLON.
1690 194 1748 235 53

938 301 1009 344 29.

630 370 788 418 Πολλὰ
821 371 1066 426 ψεύδονται
1099 372 1261 418 ἀοιδοί.

938 470 1007 512 30.

317 557 556 608 Diogenian.
589 558 629 596 II
663 560 736 598 99:
784 553 962 610 ’Λρχῶν
993 553 1137 597 ἅκουε
1175 556 1254 597 καὶ
1292 558 1491 606 δικαίως
1522 553 1746 606 κάδίκως·

196 622 240 663 ἐκ
263 625 342 663 τῶν
367 626 437 664 τοῦ
457 620 645 671 Σόλωνος
672 622 895 677 ἐλεγείων
925 619 1193 674 παραινετική.
1246 624 1303 662 Of.
1335 624 1475 663 Arsen.
1506 626 1571 664 79.
1605 626 1746 676 Apost.

195 689 253 728 IV
274 691 312 729 3.
345 685 479 742 ἀρχῶν
511 691 749 729 restifiutum
776 702 824 727 ex
853 689 990 739 Apost.
1018 689 1097 736 ed.,
1129 690 1252 739 vulgo
1279 685 1430 741 ἅρχων,
1464 693 1674 740 praeterea
1700 705 1746 730 ex
1761 703 1830 734 433

195 754 233 794 Κ
264 755 413 794 rectius
453 756 605 796 scribas
633 751 785 808 Ἀρχῶν
816 750 938 794 ἄκουε
969 749 1045 794 κᾶν
1078 755 1169 810 δίκῃ
1201 748 1280 794 κάν
1312 751 1364 807 μὴ
1399 755 1500 809 δίκῃ.
1565 758 1747 807 Apparet>

194 834 273 861 non
295 821 451 863 Solonis
479 835 568 862 esse
593 823 699 861 hunc
723 833 904 871 versum,
939 821 1009 860 sed
1041 823 1205 871 poetam
1237 821 1409 861 similem
1441 823 1678 862 sententiam
1705 824 1747 862 in

194 888 350 939 Elegiis
382 889 612 938 protulisse.
664 886 722 926 Of.
750 886 874 926 etiam
904 886 1120 936 proverbia
1151 887 1193 925 in
1219 887 1402 938 Append.
1428 889 1448 926 I
1477 890 1562 928 100
1595 884 1744 939 (Schol.

196 953 339 993 Aesch.
373 952 550 1004 Ghoeph.
585 947 661 1006 75)
694 953 824 992 Δοῦλε
857 951 1059 992 δεσποτῶν
1090 949 1212 993 ἄκουε
1243 951 1310 992 καὶ
1342 953 1476 994 δίκαια
1507 951 1661 995 κᾶδικα.
1705 958 1746 995 et

193 1019 248 1060 ib.
277 1019 318 1059 ΙΙ
350 1022 370 1058 1
406 1016 648 1073 κρεισσόνων
679 1016 754 1073 γάρ
786 1015 865 1060 ἐστ’
901 1014 1064 1059 ἀκούειν
1095 1017 1162 1058 καὶ
1195 1018 1328 1058 δίκαια
1359 1016 1504 1060 κᾶδικα
1537 1016 1612 1075 (sic
1639 1022 1745 1061 enim

193 1081 510 1140 corrigendum).

874 1231 1068 1276 ΕΠΗ.

861 1315 1072 1376 31.[23]

264 1410 413 1462 Πρῶτα
445 1406 517 1461 μὲν
548 1404 782 1462 εὐχώμεσθα
815 1408 887 1447 Διῒ
913 1409 1095 1462 Κρονίδῃ
1127 1383 1305 1461 βασιλῆϊ,

264 1478 430 1528 θεσμοῖς
461 1475 590 1516 τοῖσδε
620 1471 744 1528 τύχην
776 1471 940 1529 ἀγαθὴν
971 1473 1037 1514 καὶ
1068 1474 1192 1522 κῦδος
1224 1470 1407 1514 ὀπάσσαι.

705 1596 1158 1653 ‘IAM'BOL

638 1700 1278 1747 TETPAMETPA.

743 1791 912 1824 ΠΡΟΣ
951 1790 1182 1824 ΦΩΚΟΝ.

857 1864 928 1906 32.
961 1864 1068 1928 [24]

768 1942 828 1984 Εἰ
858 1939 908 1985 δὲ
938 1942 1021 1997 γῆς
1053 1938 1302 1997 ἐφεισάμην

191 2072 256 2108 καὶ
282 2070 489 2118 διέτριψεν,
516 2069 566 2114 ὡς
591 2071 656 2109 καὶ
681 2070 868 2119 πρότερον
894 2068 1010 2113 αὐτός
1036 2083 1146 2117 φησι·
1174 2073 1348 2107 Νείλου
1377 2068 1450 2106 ε’πὶ
1476 2073 1550 2106 κτλ.
1579 2091 1621 2096 —
1650 2084 1738 2115 προ-

191 2121 317 2168 χοῇσι,
343 2125 560 2179 προχοαῖσι
561 2121 645 2156 FaL
667 2141 712 2146 -
738 2121 963 2167 Κανωβίδος
984 2119 1196 2165 Shephanus
1216 2119 1321 2166 (AC),
1347 2118 1483 2164 reliqui
1503 2115 1736 2164 Κανώβιδος.

191 2168 231 2204 Si
261 2167 358 2204 illud
392 2168 457 2204 καὶ
488 2182 537 2215 πρ
517 2166 692 2215 ρότερον,
730 2169 832 2214 quod.
868 2168 1019 2214 quidem
1051 2168 1136 2204 FaL
1170 2168 1366 2211 omittunt,
1405 2169 1506 2202 recte
1539 2178 1577 2202 se
1610 2166 1738 2210 habet,

190 2228 320 2252 versus
348 2216 496 2253 Solonis
521 2228 595 2253 non
621 2217 669 2253 ad
694 2216 790 2253 illud
814 2218 1015 2262 tempusp
1017 2216 1173 2260 ertinet,
1208 2227 1282 2261 quo
1309 2215 1534 2250 Plutarchus
1562 2214 1738 2250 Solonem

191 2263 285 2300 dicit
310 2263 527 2311 Aegyptum
558 2265 713 2310 adiisse,
746 2265 769 2301 i.
797 2276 828 2301 e.
855 2264 1050 2311 republica
1075 2263 1364 2300 Atheniensium
1395 2262 1543 2308 legibus
1576 2262 1736 2306 firmata,

191 2313 257 2349 sed
282 2312 498 2348 referendus
524 2313 571 2349 ad
603 2313 784 2360 elegiam,
816 2323 931 2359 quam
957 2312 1044 2348 ante
1070 2312 1165 2348 illud
1196 2311 1268 2347 iter
1294 2311 1519 2356 composuit:
1552 2322 1639 2346 nam
1665 2310 1736 2346 for-

190 2363 290 2397 tasse
314 2360 392 2396 iam
408 2360 510 2397 olim
534 2360 680 2397 iuvenis
705 2361 845 2397 viserat
870 2360 1098 2406 Aegyptum.

287 2409 345 2446 Fr.
372 2412 429 2445 29.
475 2408 600 2446 Schol.
629 2410 722 2445 plat..
750 2422 784 2455 p.
806 2412 876 2444 465
903 2408 959 2444 ed.
982 2408 1100 2444 Bekk.
1127 2404 1245 2443 πολλὰ
1272 2403 1485 2463 ψεύδονται
1510 2403 1646 2441 ἀοιδοί.
1668 2434 1705 2441 ..
1728 2434 1735 2441 .

192 2454 366 2517 ἐμνήσθη
396 2453 536 2503 ταύτης
564 2458 800 2514 (παροιμιας)
833 2456 898 2492 καὶ
933 2453 1136 2502 Φιλόχορος
1171 2453 1212 2491 ἐν
1241 2451 1407 2495 Ἀτθίδος
1439 2452 1472 2489 α’
1507 2454 1572 2489 καὶ
1604 2451 1736 2489 Σόλων

191 2502 375 2550 ἐλεγείαις
400 2504 465 2540 καὶ
487 2504 649 2541 Πλάτων
676 2503 862 2542 ἐνταῦθα.
903 2503 1409 2548 Cf.Aristot.Metaph.12.
1438 2502 1536 2537 Plut.
1563 2502 1608 2537 de
1635 2503 1734 2546 poet.

191 2565 220 2588 e.
250 2557 282 2590 2.
327 2552 582 2600 Paroemiogr.
608 2553 647 2588 T.
676 2554 742 2599 Ip
782 2558 862 2589 371.
902 2553 936 2587 Il
962 2564 998 2597 p
1027 2555 1095 2587 128
1129 2551 1186 2588 ed.
1214 2550 1381 2606 Gotffing.
1409 2550 1544 2605 Apost.
1567 2550 1651 2584 XIV
1678 2553 1734 2584 41.

286 2601 345 2637 Fr.
373 2605 429 2638 31.
480 2600 580 2637 Plut.
609 2601 672 2638 vib.
701 2602 777 2638 Sol.
805 2613 834 2637 c.
863 2605 900 2636 3.
941 2598 1038 2636 ἔνιοι
1063 2597 1106 2635 δέ
1133 2611 1269 2644 φασιν,
1303 2594 1357 2634 ὅτι
1392 2611 1458 2633 και
1482 2594 1571 2638 τοὺς
1596 2595 1736 2653 νόμους

192 2645 436 2706 ἐπεχείρησεν
475 2646 646 2691 ἐντείνας
684 2649 738 2691 εἰς
777 2648 866 2690 ἔπος
905 2644 1137 2693 ἐξενεγκεῖν,
1179 2646 1243 2682 καὶ
1281 2642 1628 2691 διαμνημονεύουσι
1666 2642 1734 2690 τὴν

191 2693 336 2754 ἀρχὴν
364 2710 484 2738 ουτως
504 2695 683 2756 ἔχουσαν
712 2698 866 2741 πρῶτα
891 2698 967 2731 κτλ.
989 2716 1033 2721 ——
1053 2694 1097 2730 V.
1123 2699 1151 2732 1
1180 2690 1408 2740 εὐχώμεσθα
1429 2692 1640 2738 Stephanus
1661 2693 1734 2737 (A),

191 2741 397 2791 εὐχώμεθα
423 2745 555 2803 CFaL‚
588 2742 808 2804 εὐχόμεσθα
835 2744 877 2786 S,
910 2740 1108 2789 εὐχόμεθα
1133 2743 1179 2778 ia.
1215 2762 1259 2767 —
1292 2742 1335 2776 V
1364 2745 1396 2776 2
1429 2741 1561 2784 κῦδος,
1587 2739 1735 2775 Hecker

191 2793 314 2837 κῦρος.
349 2813 393 2818 -
432 2789 614 2839 ὀπασσαι,
651 2790 793 2830 ὀπασαι
819 2791 942 2828 CFaL.
995 2791 1042 2826 Hi
1074 2791 1147 2826 duo
1179 2800 1308 2825 versus
1339 2788 1440 2824 haud
1467 2768 1578 2823 dubi’e
1605 2787 1733 2822 Soloni

131 2839 145 2848 ‘
191 2840 445 2877 abiudicandi.

286 2889 344 2924 Fr.
371 2893 428 2926 32.
473 2889 572 2925 Plut.
598 2889 663 2926 vit.
691 2889 766 2925 Sol.
788 2899 818 2924 ο.
843 2891 901 2922 14:
929 2883 1022 2922 ἄλλα
1049 2883 1143 2931 πρὸς
1168 2898 1237 2931 μεν
1264 2897 1352 2924 τους
1378 2884 1512 2928 φίλους
1537 2879 1655 2927 εἶπεν,
1682 2878 1732 2922 ὡς

189 2934 354 2993 λέγεται
379 2933 496 2973 καλὸν
523 2951 592 2998 μεν
619 2935 719 2973 εἶναι
745 2933 818 2992 τὴν
837 2935 1045 2992 τυραννίδα
1072 2934 1219 2979 χωρίον
1246 2928 1316 2967 οὐκ
1342 2929 1443 2977 ἔχειν
1463 2929 1505 2966 δε
1527 2910 1730 2988 ἀπόβασιν,

191 2981 286 3030 πρὸς
311 2983 353 3021 δε
377 2985 532 3021 Φῶκον
560 2982 601 3022 ἐν
630 2990 705 3026 τοῖς
731 2981 913 3030 ποιήμασι
938 2980 1113 3028 γράφων·
1142 2979 1191 3016 Εἰ
1215 2978 1256 3015 δε
1284 2979 1370 3026 γῆς,
1397 2978 1490 3024 φησὶ
1509 2980 1583 3013 κτλ.
1611 2975 1730 3014 ’ἫΟθει
