1890 3216
229 180 317 222 428
817 180 1168 218 IAMBOGRAPHI.

863 289 1138 342 144.[125].

348 375 514 415 Aristid.
546 376 586 413 II
623 377 722 415 137:
763 374 843 414 Καὶ
874 370 894 415 ὁ
927 372 1070 428 μέννγε
1100 371 1183 414 κατ’
1219 371 1332 427 ἰσχὺν
1361 373 1595 428 προφέρων,
1625 376 1661 416 εἰ
1688 374 1756 416 καὶ

229 437 318 489 ἑνὸς
356 441 415 492 εἴη
453 439 650 492 κρείττων,
688 435 766 479 ὑπὸ
805 440 922 480 δυοῖν
958 436 995 493 γ’
1039 435 1091 480 ἂν
1127 436 1248 480 αὐτὸν
1285 440 1559 494 κατείργεσθαί
1592 437 1756 495 (Reiske

229 506 328 546 coni.
360 501 656 558 κατειργάσθαι)
689 517 788 557 φησι
819 503 884 544 καὶ
911 501 1132 558 Ἀρχίλοχος
1162 504 1227 546 καὶ
1258 501 1283 557 ἡ
1308 507 1509 558 παροιμία.
1535 508 1603 548 ubi
1625 507 1754 547 Schol.

223 566 279 609 ‘H
305 568 376 622 μὲν
407 571 598 623 παροιμία
630 571 769 622 φησίν·
804 566 897 610 οὐδὲ
923 566 1119 623 Ἡρακλῆς
1149 566 1247 623 πρὸς
1273 566 1365 613 δύο·
1396 567 1438 611 τὸ
1466 569 1509 611 δὲ
1529 568 1755 625 Ἀρχιλόχου

229 631 347 689 ῥητὸν
379 631 466 676 οἷον
497 635 567 688 μέν
599 634 719 686 ἐστιν,
752 632 825 676 οὐκ
855 635 984 687 ἴσμεν,
1016 636 1110 684 ἴσως
1141 634 1184 676 δὲ
1215 632 1267 677 ἂν
1297 639 1357 687 εἴη
1387 639 1576 678 τοιοῦτον.

858 764 1126 819 145.[126]

348 851 496 892 Athen.
513 851 571 890 IV
597 853 675 890 167
692 851 745 889 D:
781 852 966 898 Τοιοῦτος
997 849 1146 904 ἐγένετο
1176 851 1243 893 καὶ
1279 853 1441 905 Αίθίοψ
1473 849 1494 894 ὁ
1525 854 1757 906 Κορίνθιος,

231 913 286 964 ὥς
312 927 412 968 φησι
437 912 662 968 Δημήτριος
687 911 708 955 ὃ
734 912 937 967 Σκήψιος,
971 909 1018 956 οὗ
1044 915 1281 970 μνημονεύει
1301 915 1535 972 Ἀρχίλοχος”
1567 914 1646 959 ὑπὸ
1672 921 1757 969 φιλ-

229 982 395 1033 ηδονίας
425 977 500 1034 γὰρ
531 979 597 1020 καὶ
628 977 817 1033 ἀκρασίας
847 981 914 1022 καὶ
945 976 1077 1033 οὗτος,
1110 979 1187 1035 μετ’
1213 979 1370 1037 Ἀρχίου
1401 982 1530 1024 πλέων
1560 984 1615 1032 εἰς
1646 986 1756 1024 Σικε-

228 1047 326 1095 λίαν,
359 1043 415 1087 ὅτ’
451 1047 580 1100 ἔμελλε
610 1047 749 1094 κτίζειν
779 1043 1068 1100 Συρακούσας,
1107 1051 1158 1103 τῷ
1191 1047 1333 1089 ἑαυτοῦ
1370 1049 1535 1105 συσσίτῳ
1568 1045 1756 1101 μελιττού-

226 1128 296 1165 της
326 1109 495 1154 ἀπέδοτο
526 1108 595 1152 τὸν
625 1114 790 1164 κλῆρον,
823 1109 870 1152 ’ὂν
901 1111 944 1152 ἐν
975 1110 1252 1164 Συρακούσαις
1289 1110 1418 1167 λαχὼν
1454 1113 1608 1167 ἔμελλεν
1644 1113 1755 1163 ἕξειν.

860 1241 1124 1295 146.[127]

346 1329 585 1378 Harpocrat.
608 1330 704 1378 171,
725 1330 772 1367 4:
804 1323 966 1379 Στρύμη
999 1357 1007 1366 .
1029 1358 1036 1367 .
1059 1359 1066 1368 .
1099 1325 1338 1380 μνημονεύει
1367 1330 1445 1368 τῶν
1473 1328 1633 1368 Θασίων
1657 1324 1756 1381 πρὸς

228 1393 493 1445 Μαρωνείτας
524 1392 612 1445 περὶ
642 1394 709 1445 τῆς
740 1388 924 1444 Στρύμης
956 1389 1283 1446 ἀμφισβητήσεως
1310 1389 1524 1446 Φιλόχορος
1555 1392 1598 1434 ἐν
1624 1389 1653 1433 ε’
1672 1389 1755 1447 ’Λρ-

225 1457 380 1516 χίλοχον
412 1454 652 1511 ἐπαγόμενος
683 1453 869 1509 μάρτυρα.

794 1575 1189 1627 147.[128.129]

345 1673 421 1712 Dio
449 1672 655 1723 Chrysost.
684 1672 749 1712 Or.
778 1674 833 1712 60
861 1673 904 1712 T.
931 1673 972 1711 II
1000 1674 1102 1712 666:
1140 1671 1237 1725 ἔχεις
1268 1688 1334 1725 μοι
1365 1675 1478 1713 λῦσαι
1509 1670 1654 1726 ταύτην
1684 1670 1756 1726 τὴν

226 1735 418 1791 ἀπορίαν,
450 1735 615 1790 πότερον
647 1737 809 1785 δικαίως
848 1736 1079 1790 ἐγκαλοῦσιν
1117 1738 1159 1778 οἷ
1193 1735 1263 1789 μὲν
1293 1741 1345 1794 τῷ
1371 1735 1598 1794 Ἀρχιλόχῳ,
1636 1739 1678 1779 οἱ
1711 1737 1755 1779 δὲ

226 1805 278 1858 τῷ
317 1806 537 1854 Σοφοκλεῖ,
575 1800 662 1854 περὶ
698 1804 776 1842 τῶν
813 1799 909 1842 κατὰ
946 1799 1014 1843 τὸν
1051 1801 1209 1843 Νέσσον
1246 1802 1312 1842 καὶ
1347 1799 1419 1855 τὴν
1457 1800 1698 1856 Δηϊάνειραν
1727 1799 1752 1844 P

227 1866 293 1910 οὔ·
320 1868 419 1920 φασὶ
449 1864 523 1921 γὰρ
550 1868 591 1908 οῖ
613 1866 683 1920 μὲν
707 1864 775 1907 τὸν
796 1864 1019 1921 Ἀρχίλοχον
1044 1871 1177 1920 ληρεῖν
1201 1870 1392 1908 ποιοῦντα
1416 1865 1488 1920 τὴν
1513 1865 1755 1922 Δηϊάνειραν

228 1934 271 1975 ἐν
302 1938 354 1990 τῷ
386 1931 592 1988 βιάζεσθαι
622 1929 700 1973 ὑπὸ
731 1935 801 1972 τοῦ
833 1929 1062 1984 Κενταύρου
1094 1929 1193 1986 πρὸς
1222 1929 1291 1973 τὸν
1316 1929 1510 1985 εΗρακλέα
1540 1933 1754 1989 ῥαψῳδοῦ-

227 2012 322 2052 σαν,
361 1996 741 2051 ἀναμιμνήσκουσαν
777 2001 846 2050 τῆς
881 2000 950 2038 τοῦ
982 1994 1174 2054 Ἀχελῴου
1212 1999 1417 2050 μνηστείας
1453 1996 1519 2037 καὶ
1555 2000 1633 2038 τῶν
1672 1995 1755 2039 τότε

225 2064 466 2120 γενομένων·
513 2061 608 2105 ὥστε
644 2059 793 2116 πολλὴν
830 2059 974 2116 σχολὴν
1011 2059 1112 2103 εἶναι
1147 2066 1199 2120 τῷ
1242 2062 1403 2119 Νέσσῳ,
1443 2057 1466 2103 ὅ
1502 2078 1538 2103 τι
1573 2059 1754 2116 ἐβούλετο

225 2131 381 2183 πρᾶξαι.
431 2130 495 2169 Ad
526 2131 600 2169 hoc
632 2142 792 2169 carmen
828 2129 993 2179 respicit
1025 2132 1065 2169 et
1095 2130 1215 2170 schol.
1246 2129 1378 2179 Apoll.
1410 2129 1536 2169 Rhod.
1567 2129 1588 2167 I
1622 2130 1753 2168 1212:

220 2192 418 2248 Ἡρακλῆς
454 2191 581 2249 γήμας
618 2191 860 2246 Δηϊάνειραν
896 2189 968 2245 τὴν
1012 2192 1161 2242 Οἰνέως
1197 2192 1396 2247 θυγατέρα
1432 2192 1499 2233 καὶ
1530 2189 1679 2247 διάγων
1710 2192 1754 2233 ἐν

225 2262 440 2303 Καλυδῶνι
478 2256 586 2313 παρὰ
622 2262 675 2315 τῷ
716 2259 832 2299 Οἰνεῖ
863 2258 906 2298 έν
950 2259 1153 2314 συμποσίῳ
1198 2256 1370 2299 Κύαθον
1405 2256 1492 2311 ἤτοι
1530 2254 1754 2313 (Hermann

226 2328 326 2369 coni.
365 2322 538 2366 Κύαθον
576 2321 644 2365 τὸν
682 2321 883 2376 Πύλητος,
921 2325 999 2365 vid.
1038 2325 1183 2365 Athen.
1216 2325 1273 2363 IX
1305 2327 1386 2364 411
1403 2320 1458 2377 A)
1495 2319 1565 2364 τὸν
1604 2322 1752 2372 Οἰνέως

227 2389 429 2448 οἰνοχόον,
458 2384 699 2443 Ἀρχιτέλους
730 2389 773 2430 δὲ
804 2391 942 2441 παῖδα,
972 2385 1121 2441 πλήξας
1150 2385 1331 2445 κονδύλῳ
1363 2385 1526 2439 ἀνεῖλεν,
1558 2385 1616 2428 ὅτι
1646 2385 1751 2444 αὐτῷ

224 2454 270 2498 τὰ
302 2453 546 2508 ποδόνιπτρα
574 2452 702 2495 ’ὕδατα
733 2452 890 2508 ἀγνοῶν
922 2454 986 2495 ἐπὶ
1015 2457 1093 2494 τῶν
1123 2457 1264 2507 χειρῶν
1290 2452 1459 2506 ἐπέχεεν·
1491 2450 1653 2507 φεύγων
1677 2446 1751 2494 οὖν
1765 2463 1833 2495 724

225 2519 294 2563 τὸν
326 2518 455 2574 φόνον
486 2520 553 2560 καὶ
584 2517 659 2560 σὺν
689 2523 735 2574 τῇ
760 2523 904 2574 γαμετῇ
937 2516 1185 2572 στελλόμενος
1210 2516 1364 2559 ἀνεῖλεν
1390 2517 1432 2558 έν
1457 2515 1607 2574 Εὐήνῳ
1632 2534 1749 2560 ποτα-

225 2590 285 2644 μῷ
316 2586 475 2628 Νέσσον
506 2585 755 2639 Κένταυρον,
788 2581 841 2634 ὡς
872 2585 938 2625 καὶ
969 2581 1192 2638 Ἀρχίλοχος
1227 2585 1378 2636 ἱστορεῖ.
1417 2589 1458 2623 et
1489 2585 1608 2624 schol.
1639 2585 1686 2624 Il.
1718 2601 1750 2636 φ

226 2668 262 2694 v.
296 2655 400 2693 237:
432 2651 648 2704 Ἀρχίλοχος
680 2649 751 2703 μὲν
783 2647 856 2691 οὐκ
888 2648 1096 2703 ἐτόλμησεν
1122 2646 1311 2706 Ἀχελῷον
1343 2644 1395 2696 ὡς
1431 2645 1606 2701 ποταμὸν
1630 2645 1748 2702 τΗρα-

225 2721 309 2758 κλεῖ
337 2717 564 2769 συμβαλεῖν,
595 2711 679 2755 ἀλλ’
715 2711 768 2763 ὦς
798 2718 955 2768 ταῦρον.

856 2844 1119 2897 148.[130]
1179 2832 1191 2846 '

345 2931 448 2970 Plut.
470 2931 540 2970 vi'n.
561 2930 679 2968 Marii
698 2943 730 2969 c.
750 2932 823 2968 21:
857 2925 1140 2981 Μασσαλιήτας
1171 2927 1301 2981 μέντοι
1326 2926 1482 2982 λέγουσι
1505 2931 1586 2976 τοῖς
1605 2923 1749 2976 ὀστέοις
