1890 3216
851 738 1064 782 XXXIX.
1658 752 1727 785 638

637 844 1011 896 DIONYSIUS
1047 846 1283 896 MINOR.

949 978 984 1019 1.

268 1059 476 1114 Δωρίδος
509 1058 554 1101 ἐκ
586 1055 751 1114 μητρὸς
786 1060 959 1114 Φοίβου
989 1055 1235 1115 κοινώμασι
1267 1057 1484 1114 βλαστών.

945 1178 985 1220 2.

266 1264 419 1317 Χαῖρε,
451 1259 525 1303 καὶ
556 1256 784 1316 ἡδόμενον
816 1263 971 1316 βίοτον
1003 1259 1190 1314 διάσωζε
1220 1260 1460 1318 τυράννου.

285 1389 535 1449 Dionysius
566 1390 720 1428 minor.
771 1391 849 1451 Ep.
869 1395 899 1426 1.
950 1391 1047 1427 Plut.
1075 1391 1121 1427 de
1146 1391 1249 1427 Alex.
1279 1391 1362 1427 virt.
1390 1392 1488 1427 115:
1525 1388 1727 1432 Διονύσιος

191 1437 233 1474 δὲ
263 1436 299 1485 [ὁ
326 1437 523 1492 νεώτερος]
547 1435 770 1480 ’Λπόλλωνος
793 1436 879 1474 υἴὸν
905 1435 1022 1474 αὑτὸν
1036 1435 1244 1495 ὠνόμασεν
1271 1436 1485 1485 ἐπιγράψας
1521 1440 1727 1486 Δωρίδος

191 1489 266 1522 κτλ.
315 1486 426 1544 Resp.
453 1486 571 1543 Eplst.
599 1485 696 1522 Soor
722 1487 853 1523 auctor
878 1490 941 1522 35:
958 1483 1200 1543 ἀπόπεμψον
1228 1486 1272 1522 δέ
1298 1500 1361 1532 μοι
1386 1488 1477 1533 μίαν
1503 1516 1510 1523 .
1534 1516 1542 1523 .
1596 1488 1726 1523 ,Μοί-

191 1535 295 1591 ριδος
320 1534 384 1570 καὶ
407 1531 655 1592 Ἐχεκράτους
679 1531 901 1595 πυθόμενος
925 1531 993 1575 τὰς
1017 1534 1103 1579 περὶ
1137 1535 1340 1571 Διονυσίου
1374 1535 1591 1576 συνουσίας·
1624 1532 1726 1570 πάνυ

191 1579 262 1628 γὰρ
297 1578 500 1639 ἄξιηκόους
531 1579 651 1622 αυτὰς
685 1583 814 1640 οἴομαι
849 1580 949 1618 εἶναι
982 1578 1123 1628 ἀνδρὸς
1155 1580 1278 1638 φόβου
1314 1583 1485 1638 (Φοίβου)
1518 1579 1726 1628 κοινώμασι

190 1627 416 1684 βλαστόντος
447 1631 486 1665 et
510 1630 560 1665 ib.
587 1634 650 1665 36:
677 1626 818 1676 ανδρὸς
842 1629 1040 1675 Κέκροπος
1066 1642 1272 1676 κοινωμασι
1299 1627 1533 1678 βλαστόντος.
1585 1632 1624 1666 et
1650 1641 1724 1665 me-

191 1677 283 1713 mini
308 1677 400 1714 alibi
426 1689 485 1713 me
509 1676 699 1723 integrum
726 1677 960 1724 epigramma
985 1678 1121 1723 legere.

285 1726 360 1783 Ep.
379 1730 412 1762 2.
452 1725 561 1761 Plato
589 1725 706 1785 Epist.
732 1725 785 1760 III
817 1725 864 1761 ad
896 1725 1135 1771 Dionysium:
1173 1723 1217 1761 σὺ
1256 1724 1325 1771 μὲν
1350 1723 1435 1785 γὰρ
1468 1722 1514 1770 δὴ
1557 1725 1622 1761 καὶ
1659 1722 1725 1760 τὸν

189 1769 306 1818 θεόν,
337 1770 387 1814 ὡς
418 1770 596 1829 ἤγγειλαν
629 1771 668 1808 οἷ
695 1770 778 1808 τότε
811 1773 1066 1819 θεωροῦντες,
1103 1777 1330 1830 προσεῖπες
1343 1770 1384 1808 ἐν
1420 1775 1585 1818 Δελφοῖς
1622 1769 1724 1819 αὐτῷ

189 1819 308 1868 τούτῳ
335 1818 539 1861 θωπεύσας
564 1820 614 1868 τῷ
641 1817 779 1867 ῥήματι
804 1822 964 1866 (χαῖρε)
990 1820 1056 1856 καὶ
1081 1819 1286 1874 γέγραφας,
1307 1817 1356 1861 ὡς
1378 1822 1487 1866 φασί·
1514 1825 1621 1866 χαῖρε
1649 1823 1723 1857 κτλ.

190 1890 234 1895 -
256 1870 395 1914 βίοτον,
421 1881 445 1904 n
473 1869 566 1916 βίον.
592 1858 745 1904 Versus
772 1870 830 1904 est
854 1867 940 1904 fort.
968 1879 1011 1904 ex
1033 1868 1165 1904 eodem
1185 1867 1456 1914 epigrammate
1477 1869 1567 1914 (sive
1587 1868 1724 1914 elegia.)

190 1928 236 1952 ex
260 1927 334 1961 quo
359 1916 401 1952 fr
432 1920 461 1951 1.
484 1937 529 1941 —
549 1916 719 1975 Dionysii
741 1916 960 1963 Paeanem
950 1929 989 1951 m
1008 1915 1270 1962 Aesculapium
1295 1917 1564 1952 commemorat
1589 1915 1723 1951 Athen.

190 1964 241 1999 VI
260 1928 342 1999 q250
375 1963 420 2000 C.
459 1961 640 2021 λήξαντος
672 1962 713 1999 δε
746 1964 812 2009 τῆς
844 1960 959 2020 ὀργῆς
989 1964 1056 1999 τοῦ
1090 1965 1294 1999 Διονυσίου
1326 1961 1439 1999 πάλιν
1472 1961 1492 1999 ὁ
1526 1963 1726 2022 Δημοκλῆς

191 2009 285 2057 ἔφη,
317 2012 489 2067 χαρίσαιο
516 2008 553 2047 δ’
582 2008 631 2047 ἅν
657 2013 724 2070 μοι’
746 2025 797 2057 τι,
831 2008 1028 2067 Διονύσιε,
1062 2009 1241 2053 κελεύσας
1266 2010 1338 2047 τινὶ
1365 2012 1439 2046 τῶν
1443 2008 1726 2068 ἐπισταμένων

190 2057 343 2102 διδάξαι
369 2072 413 2105 με
440 2056 507 2095 τὸν
532 2058 790 2105 πεποιημένον
816 2058 870 2100 εἰς
895 2056 961 2095 τὸν
984 2040 1199 2104 Ἀσκληπιὸν
1234 2059 1398 2094 παιᾶνα·
1431 2055 1560 2095 ακούω
1585 2072 1658 2104 γαρ
1683 2070 1724 2094 σε

190 2107 558 2153 πεπραγματεῦσθαι
583 2109 670 2153 περὶ
695 2108 841 2144 τοῦτον.
870 2127 913 2133 --
940 2108 1073 2153 Nugae
1100 2108 1201 2152 sunt,
1234 2118 1329 2152 quae
1362 2107 1538 2152 leguntur
1562 2106 1601 2141 in
1626 2117 1726 2142 oom-

191 2159 317 2190 mento
343 2155 495 2191 Aristot.
522 2155 629 2191 Rhet.
657 2155 756 2201 apud
782 2155 942 2191 Cramer.
957 2155 1225 2190 Aneod.Par.I
1246 2159 1326 2198 303,
1346 2155 1410 2200 qui
1429 2154 1613 2199 interpres
1638 2153 1724 2189 Dio-

190 2202 334 2247 nysium
363 2201 427 2238 τὸν
455 2203 618 2248 χαλκοῦν
646 2204 684 2238 et
709 2205 909 2248 tyrannum
937 2203 1202 2248 Syracusarum
1227 2201 1597 2238 temere-confundit.
