<?xml version="1.0" encoding="UTF-8"?>
<!DOCTYPE html PUBLIC "-//W3C//DTD XHTML 1.0 Transitional//EN"
    "http://www.w3.org/TR/xhtml1/DTD/xhtml1-transitional.dtd">
<html xmlns="http://www.w3.org/1999/xhtml" xml:lang="en" lang="en">
 <head>
  <title>
</title>
<meta http-equiv="Content-Type" content="text/html;charset=utf-8" />
  <meta name='ocr-system' content='tesseract 3.04.00' />
  <meta name='ocr-capabilities' content='ocr_page ocr_carea ocr_par ocr_line ocrx_word'/>
</head>
<body>
  <div class='ocr_page' id='page_1' title='image "./poetaelyricigrae02berguoft_0033.png"; bbox 0 0 1890 3216; ppageno 0'>
   <div class='ocr_carea' id='block_1_1' title="bbox 783 759 1719 905">
    <p class='ocr_par' dir='ltr' id='par_1_1' title="bbox 783 759 1719 905">
     <span class='ocr_line' id='line_1_1' title="bbox 903 759 1719 806; baseline 0.006 -5"><span class='ocrx_word' id='word_1_1' title='bbox 903 759 981 802; x_wconf 93' lang='lat' dir='ltr'>III.</span> <span class='ocrx_word' id='word_1_2' title='bbox 1649 775 1719 806; x_wconf 82' lang='lat'><em>406</em></span> 
     </span>
     <span class='ocr_line' id='line_1_2' title="bbox 783 853 1099 905; baseline 0.003 -2"><span class='ocrx_word' id='word_1_3' title='bbox 783 854 829 903; x_wconf 91' lang='lat' dir='ltr'><strong>A</strong></span> <span class='ocrx_word' id='word_1_4' title='bbox 857 853 890 904; x_wconf 84' lang='lat' dir='ltr'>S</span> <span class='ocrx_word' id='word_1_5' title='bbox 915 855 940 903; x_wconf 94' lang='lat' dir='ltr'>I</span> <span class='ocrx_word' id='word_1_6' title='bbox 965 856 1016 905; x_wconf 90' lang='lat' dir='ltr'>U</span> <span class='ocrx_word' id='word_1_7' title='bbox 1043 855 1099 904; x_wconf 80' lang='lat' dir='ltr'><em>S.</em></span> 
     </span>
    </p>
   </div>
   <div class='ocr_carea' id='block_1_2' title="bbox 241 968 1368 1244">
    <p class='ocr_par' dir='ltr' id='par_1_2' title="bbox 241 968 1368 1173">
     <span class='ocr_line' id='line_1_3' title="bbox 242 968 1368 1031; baseline 0.002 -17"><span class='ocrx_word' id='word_1_8' title='bbox 242 968 420 1026; x_wconf 81' lang='grc' dir='ltr'><em>Χωλός,</em></span> <span class='ocrx_word' id='word_1_9' title='bbox 452 973 730 1027; x_wconf 78' lang='grc' dir='ltr'><em>στιγματίης,</em></span> <span class='ocrx_word' id='word_1_10' title='bbox 763 969 1067 1028; x_wconf 78' lang='grc' dir='ltr'><em>πολυγήραος,</em></span> <span class='ocrx_word' id='word_1_11' title='bbox 1101 968 1197 1024; x_wconf 82' lang='grc' dir='ltr'><em>ἶσος</em></span> <span class='ocrx_word' id='word_1_12' title='bbox 1229 969 1368 1031; x_wconf 81' lang='grc' dir='ltr'><em>ἀλήτῃ</em></span> 
     </span>
     <span class='ocr_line' id='line_1_4' title="bbox 300 1035 1284 1100; baseline 0 -13"><span class='ocrx_word' id='word_1_13' title='bbox 300 1035 444 1098; x_wconf 78' lang='grc' dir='ltr'><em>ἦλθεν</em></span> <span class='ocrx_word' id='word_1_14' title='bbox 474 1040 762 1098; x_wconf 81' lang='grc' dir='ltr'><strong><em>κνισοκόλαξ,</em></strong></span> <span class='ocrx_word' id='word_1_15' title='bbox 795 1035 895 1087; x_wconf 81' lang='grc' dir='ltr'><em>εὖτε</em></span> <span class='ocrx_word' id='word_1_16' title='bbox 924 1042 1086 1099; x_wconf 20' lang='grc' dir='ltr'><em>Μέλης(</em></span> <span class='ocrx_word' id='word_1_17' title='bbox 1112 1041 1284 1100; x_wconf 79' lang='grc' dir='ltr'><em>ἐγάμει,</em></span> 
     </span>
     <span class='ocr_line' id='line_1_5' title="bbox 241 1111 1360 1173; baseline 0.002 -15"><span class='ocrx_word' id='word_1_18' title='bbox 241 1111 453 1171; x_wconf 72' lang='grc' dir='ltr'><em>ἄκλητος,</em></span> <span class='ocrx_word' id='word_1_19' title='bbox 487 1115 635 1171; x_wconf 79' lang='grc' dir='ltr'><em>ζωμοῦ</em></span> <span class='ocrx_word' id='word_1_20' title='bbox 666 1114 956 1173; x_wconf 80' lang='grc' dir='ltr'><em>κεχρημένος,</em></span> <span class='ocrx_word' id='word_1_21' title='bbox 990 1115 1039 1159; x_wconf 82' lang='grc' dir='ltr'><em>ἐν</em></span> <span class='ocrx_word' id='word_1_22' title='bbox 1071 1114 1122 1159; x_wconf 74' lang='grc' dir='ltr'><em>δὲ</em></span> <span class='ocrx_word' id='word_1_23' title='bbox 1153 1115 1360 1172; x_wconf 82' lang='grc' dir='ltr'><em>μέσοισιν</em></span> 
     </span>
    </p>

    <p class='ocr_par' dir='ltr' id='par_1_3' title="bbox 300 1183 1167 1244">
     <span class='ocr_line' id='line_1_6' title="bbox 300 1183 1167 1244; baseline 0.001 -14"><span class='ocrx_word' id='word_1_24' title='bbox 300 1183 420 1244; x_wconf 78' lang='grc' dir='ltr'><em>ἥρως</em></span> <span class='ocrx_word' id='word_1_25' title='bbox 452 1184 643 1243; x_wconf 77' lang='grc' dir='ltr'><em>εἱστήκει</em></span> <span class='ocrx_word' id='word_1_26' title='bbox 674 1185 906 1244; x_wconf 76' lang='grc' dir='ltr'><em>βορβόρου</em></span> <span class='ocrx_word' id='word_1_27' title='bbox 937 1186 1167 1241; x_wconf 74' lang='grc' dir='ltr'><em>ἐξαναδύς.</em></span> 
     </span>
    </p>
   </div>
   <div class='ocr_carea' id='block_1_3' title="bbox 166 1317 1716 1844">
    <p class='ocr_par' dir='ltr' id='par_1_4' title="bbox 166 1317 1716 1844">
     <span class='ocr_line' id='line_1_7' title="bbox 263 1317 1716 1365; baseline 0.003 -13"><span class='ocrx_word' id='word_1_28' title='bbox 263 1317 407 1354; x_wconf 79' lang='lat' dir='ltr'>Asius.</span> <span class='ocrx_word' id='word_1_29' title='bbox 459 1317 595 1354; x_wconf 70' lang='lat' dir='ltr'>Athen.</span> <span class='ocrx_word' id='word_1_30' title='bbox 623 1317 676 1352; x_wconf 93' lang='lat' dir='ltr'><em>III</em></span> <span class='ocrx_word' id='word_1_31' title='bbox 703 1322 769 1353; x_wconf 79' lang='lat'><em>125</em></span> <span class='ocrx_word' id='word_1_32' title='bbox 790 1318 836 1353; x_wconf 89' lang='lat' dir='ltr'><em>B:</em></span> <span class='ocrx_word' id='word_1_33' title='bbox 887 1321 1131 1365; x_wconf 84' lang='grc' dir='ltr'><em>Κνισολοῖχος</em></span> <span class='ocrx_word' id='word_1_34' title='bbox 1162 1317 1235 1365; x_wconf 79' lang='grc' dir='ltr'><em>γάρ</em></span> <span class='ocrx_word' id='word_1_35' title='bbox 1267 1333 1323 1360; x_wconf 81' lang='grc' dir='ltr'><em>τις</em></span> <span class='ocrx_word' id='word_1_36' title='bbox 1355 1317 1394 1355; x_wconf 82' lang='grc' dir='ltr'><em>εἴ</em></span> <span class='ocrx_word' id='word_1_37' title='bbox 1421 1319 1487 1355; x_wconf 89' lang='grc' dir='ltr'><em>καὶ</em></span> <span class='ocrx_word' id='word_1_38' title='bbox 1519 1318 1616 1356; x_wconf 79' lang='grc' dir='ltr'><em>κατὰ</em></span> <span class='ocrx_word' id='word_1_39' title='bbox 1650 1318 1716 1357; x_wconf 82' lang='grc' dir='ltr'><em>τὸν</em></span> 
     </span>
     <span class='ocr_line' id='line_1_8' title="bbox 167 1363 1715 1412; baseline 0.001 -10"><span class='ocrx_word' id='word_1_40' title='bbox 167 1363 318 1412; x_wconf 78' lang='grc' dir='ltr'><em>Σάμιον</em></span> <span class='ocrx_word' id='word_1_41' title='bbox 353 1363 516 1411; x_wconf 84' lang='grc' dir='ltr'><em>ποιητὴν</em></span> <span class='ocrx_word' id='word_1_42' title='bbox 538 1363 661 1402; x_wconf 81' lang='grc' dir='ltr'><em>’Ἀσιον</em></span> <span class='ocrx_word' id='word_1_43' title='bbox 692 1363 759 1402; x_wconf 83' lang='grc' dir='ltr'><em>τὸν</em></span> <span class='ocrx_word' id='word_1_44' title='bbox 790 1363 957 1402; x_wconf 83' lang='grc' dir='ltr'><em>παλαιὸν</em></span> <span class='ocrx_word' id='word_1_45' title='bbox 990 1363 1140 1403; x_wconf 76' lang='grc' dir='ltr'><em>ἐκεῖνον</em></span> <span class='ocrx_word' id='word_1_46' title='bbox 1171 1367 1236 1403; x_wconf 83' lang='grc' dir='ltr'><em>καὶ</em></span> <span class='ocrx_word' id='word_1_47' title='bbox 1268 1365 1547 1412; x_wconf 80' lang='grc' dir='ltr'><em>κνισοκόλαξ</em></span> <span class='ocrx_word' id='word_1_48' title='bbox 1574 1394 1583 1404; x_wconf 87' lang='grc'><strong>.</strong></span> <span class='ocrx_word' id='word_1_49' title='bbox 1606 1399 1613 1406; x_wconf 89' lang='grc'><strong>.</strong></span> <span class='ocrx_word' id='word_1_50' title='bbox 1634 1399 1642 1406; x_wconf 90' lang='grc'><strong>.</strong></span> <span class='ocrx_word' id='word_1_51' title='bbox 1670 1367 1715 1404; x_wconf 75' lang='grc' dir='ltr'><em>τὰ</em></span> 
     </span>
     <span class='ocr_line' id='line_1_9' title="bbox 167 1407 1714 1461; baseline 0.001 -11"><span class='ocrx_word' id='word_1_52' title='bbox 167 1412 238 1460; x_wconf 73' lang='grc' dir='ltr'><em>μὲν</em></span> <span class='ocrx_word' id='word_1_53' title='bbox 271 1407 343 1450; x_wconf 78' lang='grc' dir='ltr'><em>οὖν</em></span> <span class='ocrx_word' id='word_1_54' title='bbox 374 1414 442 1450; x_wconf 83' lang='grc' dir='ltr'><em>τοῦ</em></span> <span class='ocrx_word' id='word_1_55' title='bbox 466 1411 603 1459; x_wconf 81' lang='grc' dir='ltr'><em>Ἀσίου,</em></span> <span class='ocrx_word' id='word_1_56' title='bbox 638 1412 712 1460; x_wconf 81' lang='grc' dir='ltr'><em>ἔφη</em></span> <span class='ocrx_word' id='word_1_57' title='bbox 740 1411 760 1449; x_wconf 86' lang='grc' dir='ltr'><strong>ὁ</strong></span> <span class='ocrx_word' id='word_1_58' title='bbox 786 1415 996 1460; x_wconf 80' lang='grc' dir='ltr'><em>Μυρτίλος,</em></span> <span class='ocrx_word' id='word_1_59' title='bbox 1029 1413 1101 1461; x_wconf 77' lang='grc' dir='ltr'><em>ἔπη</em></span> <span class='ocrx_word' id='word_1_60' title='bbox 1134 1411 1248 1450; x_wconf 80' lang='grc' dir='ltr'><em>ταῦτ’</em></span> <span class='ocrx_word' id='word_1_61' title='bbox 1277 1414 1371 1450; x_wconf 78' lang='grc' dir='ltr'><em>ἔστι·</em></span> <span class='ocrx_word' id='word_1_62' title='bbox 1411 1413 1541 1457; x_wconf 86' lang='grc' dir='ltr'><em>Χωλὸς</em></span> <span class='ocrx_word' id='word_1_63' title='bbox 1566 1420 1643 1452; x_wconf 85' lang='grc' dir='ltr'><em>κτλ.</em></span> <span class='ocrx_word' id='word_1_64' title='bbox 1673 1439 1714 1443; x_wconf 95' lang='lat'><em>-—</em></span> 
     </span>
     <span class='ocr_line' id='line_1_10' title="bbox 167 1455 1714 1509; baseline 0.002 -12"><span class='ocrx_word' id='word_1_65' title='bbox 167 1462 211 1498; x_wconf 90' lang='lat' dir='ltr'><em>V.</em></span> <span class='ocrx_word' id='word_1_66' title='bbox 235 1466 266 1498; x_wconf 92' lang='lat'><em>1.</em></span> <span class='ocrx_word' id='word_1_67' title='bbox 293 1460 372 1503; x_wconf 83' lang='grc' dir='ltr'><em>ἶσος</em></span> <span class='ocrx_word' id='word_1_68' title='bbox 390 1462 430 1506; x_wconf 89' lang='grc' dir='ltr'><em>Ρ,</em></span> <span class='ocrx_word' id='word_1_69' title='bbox 456 1475 490 1498; x_wconf 86' lang='lat' dir='ltr'><em>v.</em></span> <span class='ocrx_word' id='word_1_70' title='bbox 511 1463 600 1503; x_wconf 80' lang='grc' dir='ltr'><em>ἴσος.</em></span> <span class='ocrx_word' id='word_1_71' title='bbox 629 1483 673 1488; x_wconf 87' lang='grc'><strong>-</strong></span> <span class='ocrx_word' id='word_1_72' title='bbox 700 1463 744 1498; x_wconf 94' lang='lat' dir='ltr'><em>V.</em></span> <span class='ocrx_word' id='word_1_73' title='bbox 766 1466 798 1497; x_wconf 82' lang='lat'><em>2.</em></span> <span class='ocrx_word' id='word_1_74' title='bbox 825 1455 947 1508; x_wconf 76' lang='grc' dir='ltr'><em>ἦλθεν</em></span> <span class='ocrx_word' id='word_1_75' title='bbox 973 1460 1196 1506; x_wconf 81' lang='grc' dir='ltr'><em>κνισοκόλαξ</em></span> <span class='ocrx_word' id='word_1_76' title='bbox 1217 1464 1258 1508; x_wconf 89' lang='grc' dir='ltr'><em>Β,</em></span> <span class='ocrx_word' id='word_1_77' title='bbox 1284 1457 1380 1509; x_wconf 80' lang='grc' dir='ltr'><em>ἦλθε</em></span> <span class='ocrx_word' id='word_1_78' title='bbox 1407 1462 1653 1508; x_wconf 81' lang='grc' dir='ltr'><em>κνισσοκόλαξ</em></span> <span class='ocrx_word' id='word_1_79' title='bbox 1675 1465 1714 1509; x_wconf 90' lang='lat' dir='ltr'><em>C,</em></span> 
     </span>
     <span class='ocr_line' id='line_1_11' title="bbox 166 1503 1715 1559; baseline 0.001 -13"><span class='ocrx_word' id='word_1_80' title='bbox 166 1503 288 1556; x_wconf 81' lang='grc' dir='ltr'><em>ἦλθεν</em></span> <span class='ocrx_word' id='word_1_81' title='bbox 321 1507 342 1545; x_wconf 85' lang='grc' dir='ltr'>ὁ</span> <span class='ocrx_word' id='word_1_82' title='bbox 374 1507 600 1553; x_wconf 82' lang='grc' dir='ltr'><em>κνισοκόλαξ</em></span> <span class='ocrx_word' id='word_1_83' title='bbox 627 1510 734 1546; x_wconf 90' lang='lat' dir='ltr'>PVL.</span> <span class='ocrx_word' id='word_1_84' title='bbox 786 1510 963 1546; x_wconf 85' lang='lat' dir='ltr'>Welcker</span> <span class='ocrx_word' id='word_1_85' title='bbox 995 1509 1247 1555; x_wconf 84' lang='grc' dir='ltr'><em>Κνισοκόλαξ,</em></span> <span class='ocrx_word' id='word_1_86' title='bbox 1280 1513 1324 1547; x_wconf 73' lang='lat' dir='ltr'><em>ut</em></span> <span class='ocrx_word' id='word_1_87' title='bbox 1354 1523 1492 1548; x_wconf 86' lang='lat' dir='ltr'>nomen</span> <span class='ocrx_word' id='word_1_88' title='bbox 1522 1513 1715 1559; x_wconf 87' lang='lat' dir='ltr'>proprium</span> 
     </span>
     <span class='ocr_line' id='line_1_12' title="bbox 168 1557 1715 1606; baseline 0.002 -13"><span class='ocrx_word' id='word_1_89' title='bbox 168 1558 235 1601; x_wconf 75' lang='lat' dir='ltr'><em>sit,</em></span> <span class='ocrx_word' id='word_1_90' title='bbox 271 1558 434 1594; x_wconf 72' lang='lat' dir='ltr'><em>coniecit</em></span> <span class='ocrx_word' id='word_1_91' title='bbox 464 1557 565 1604; x_wconf 81' lang='lat' dir='ltr'>Cyol.</span> <span class='ocrx_word' id='word_1_92' title='bbox 593 1558 660 1604; x_wconf 84' lang='lat' dir='ltr'><em>Ep.</em></span> <span class='ocrx_word' id='word_1_93' title='bbox 688 1557 704 1592; x_wconf 96' lang='grc' dir='ltr'>Ι</span> <span class='ocrx_word' id='word_1_94' title='bbox 732 1562 818 1603; x_wconf 86' lang='grc'><em>144,</em></span> <span class='ocrx_word' id='word_1_95' title='bbox 851 1560 898 1594; x_wconf 89' lang='lat' dir='ltr'><em>de</em></span> <span class='ocrx_word' id='word_1_96' title='bbox 917 1557 1133 1604; x_wconf 14' lang='lat' dir='ltr'>*Creophylo</span> <span class='ocrx_word' id='word_1_97' title='bbox 1161 1558 1286 1595; x_wconf 81' lang='lat' dir='ltr'>Samio</span> <span class='ocrx_word' id='word_1_98' title='bbox 1319 1560 1509 1606; x_wconf 75' lang='lat' dir='ltr'>cogitans,</span> <span class='ocrx_word' id='word_1_99' title='bbox 1540 1560 1715 1606; x_wconf 89' lang='lat' dir='ltr'>idemque</span> 
     </span>
     <span class='ocr_line' id='line_1_13' title="bbox 167 1605 1713 1655; baseline 0.002 -14"><span class='ocrx_word' id='word_1_100' title='bbox 167 1618 203 1643; x_wconf 86' lang='lat' dir='ltr'><em>v.</em></span> <span class='ocrx_word' id='word_1_101' title='bbox 218 1610 242 1641; x_wconf 83' lang='lat'>4</span> <span class='ocrx_word' id='word_1_102' title='bbox 262 1605 308 1642; x_wconf 88' lang='lat' dir='ltr'><em>de</em></span> <span class='ocrx_word' id='word_1_103' title='bbox 327 1606 466 1642; x_wconf 71' lang='lat' dir='ltr'>Melete</span> <span class='ocrx_word' id='word_1_104' title='bbox 486 1606 618 1650; x_wconf 90' lang='lat' dir='ltr'>fluvio,</span> <span class='ocrx_word' id='word_1_105' title='bbox 644 1617 724 1642; x_wconf 79' lang='lat' dir='ltr'><em>non</em></span> <span class='ocrx_word' id='word_1_106' title='bbox 744 1606 790 1642; x_wconf 89' lang='lat' dir='ltr'><em>de</em></span> <span class='ocrx_word' id='word_1_107' title='bbox 811 1606 958 1643; x_wconf 81' lang='lat' dir='ltr'>advena,</span> <span class='ocrx_word' id='word_1_108' title='bbox 980 1607 1147 1653; x_wconf 73' lang='lat' dir='ltr'><em>parasito</em></span> <span class='ocrx_word' id='word_1_109' title='bbox 1168 1607 1388 1653; x_wconf 81' lang='lat' dir='ltr'>accipienda</span> <span class='ocrx_word' id='word_1_110' title='bbox 1407 1619 1487 1644; x_wconf 82' lang='lat' dir='ltr'>esse</span> <span class='ocrx_word' id='word_1_111' title='bbox 1508 1608 1713 1655; x_wconf 71' lang='lat' dir='ltr'>existimat,</span> 
     </span>
     <span class='ocr_line' id='line_1_14' title="bbox 168 1653 1714 1703; baseline 0.001 -13"><span class='ocrx_word' id='word_1_112' title='bbox 168 1654 214 1700; x_wconf 80' lang='lat' dir='ltr'><em>cf.</em></span> <span class='ocrx_word' id='word_1_113' title='bbox 241 1654 357 1690; x_wconf 67' lang='lat' dir='ltr'>etiam</span> <span class='ocrx_word' id='word_1_114' title='bbox 383 1653 561 1690; x_wconf 84' lang='lat' dir='ltr'>Welcker</span> <span class='ocrx_word' id='word_1_115' title='bbox 586 1654 744 1699; x_wconf 79' lang='lat' dir='ltr'><strong>Mythol.</strong></span> <span class='ocrx_word' id='word_1_116' title='bbox 765 1653 818 1689; x_wconf 95' lang='grc' dir='ltr'><em>ΙΠ</em></span> <span class='ocrx_word' id='word_1_117' title='bbox 837 1658 894 1691; x_wconf 83' lang='grc'><em>47.</em></span> <span class='ocrx_word' id='word_1_118' title='bbox 938 1654 978 1690; x_wconf 87' lang='lat' dir='ltr'><em>Si</em></span> <span class='ocrx_word' id='word_1_119' title='bbox 997 1654 1114 1691; x_wconf 85' lang='lat' dir='ltr'>Meles</span> <span class='ocrx_word' id='word_1_120' title='bbox 1135 1655 1288 1691; x_wconf 82' lang='lat' dir='ltr'>Homeri</span> <span class='ocrx_word' id='word_1_121' title='bbox 1313 1657 1422 1702; x_wconf 73' lang='lat' dir='ltr'>pater</span> <span class='ocrx_word' id='word_1_122' title='bbox 1446 1655 1714 1703; x_wconf 77' lang='lat' dir='ltr'>intelligendus</span> 
     </span>
     <span class='ocr_line' id='line_1_15' title="bbox 168 1700 1712 1750; baseline 0.001 -12"><span class='ocrx_word' id='word_1_123' title='bbox 168 1703 242 1746; x_wconf 73' lang='lat' dir='ltr'>est,</span> <span class='ocrx_word' id='word_1_124' title='bbox 269 1700 381 1738; x_wconf 81' lang='lat' dir='ltr'>Asius</span> <span class='ocrx_word' id='word_1_125' title='bbox 405 1701 567 1738; x_wconf 79' lang='lat' dir='ltr'>fortasse</span> <span class='ocrx_word' id='word_1_126' title='bbox 591 1701 692 1737; x_wconf 88' lang='lat' dir='ltr'>Irum</span> <span class='ocrx_word' id='word_1_127' title='bbox 717 1701 884 1748; x_wconf 85' lang='lat' dir='ltr'>aliquem</span> <span class='ocrx_word' id='word_1_128' title='bbox 908 1703 1050 1749; x_wconf 72' lang='lat' dir='ltr'>nuptiis</span> <span class='ocrx_word' id='word_1_129' title='bbox 1076 1703 1305 1739; x_wconf 71' lang='lat' dir='ltr'>intervenire</span> <span class='ocrx_word' id='word_1_130' title='bbox 1330 1703 1453 1749; x_wconf 76' lang='lat' dir='ltr'>finxit,</span> <span class='ocrx_word' id='word_1_131' title='bbox 1483 1715 1712 1750; x_wconf 79' lang='lat' dir='ltr'>quamquam</span> 
     </span>
     <span class='ocr_line' id='line_1_16' title="bbox 167 1749 1712 1797; baseline 0.001 -11"><span class='ocrx_word' id='word_1_132' title='bbox 167 1749 359 1786; x_wconf 84' lang='lat' dir='ltr'>Homerici</span> <span class='ocrx_word' id='word_1_133' title='bbox 384 1749 433 1785; x_wconf 91' lang='lat' dir='ltr'><em>Iri</em></span> <span class='ocrx_word' id='word_1_134' title='bbox 459 1749 564 1796; x_wconf 86' lang='lat' dir='ltr'>origo</span> <span class='ocrx_word' id='word_1_135' title='bbox 596 1750 803 1796; x_wconf 68' lang='lat' dir='ltr'>repeizenda</span> <span class='ocrx_word' id='word_1_136' title='bbox 833 1762 878 1786; x_wconf 87' lang='lat' dir='ltr'><em>ex</em></span> <span class='ocrx_word' id='word_1_137' title='bbox 909 1750 975 1797; x_wconf 82' lang='lat' dir='ltr'>iis,</span> <span class='ocrx_word' id='word_1_138' title='bbox 1009 1762 1105 1797; x_wconf 81' lang='lat' dir='ltr'>quae</span> <span class='ocrx_word' id='word_1_139' title='bbox 1131 1751 1268 1787; x_wconf 72' lang='lat' dir='ltr'>Athen.</span> <span class='ocrx_word' id='word_1_140' title='bbox 1295 1750 1347 1788; x_wconf 90' lang='lat' dir='ltr'><em>VI</em></span> <span class='ocrx_word' id='word_1_141' title='bbox 1372 1751 1489 1787; x_wconf 83' lang='lat' dir='ltr'>259A</span> <span class='ocrx_word' id='word_1_142' title='bbox 1514 1752 1640 1788; x_wconf 78' lang='lat' dir='ltr'>refert.</span> <span class='ocrx_word' id='word_1_143' title='bbox 1668 1774 1712 1779; x_wconf 93' lang='lat'>—</span> 
     </span>
     <span class='ocr_line' id='line_1_17' title="bbox 169 1797 1308 1844; baseline 0.002 -11"><span class='ocrx_word' id='word_1_144' title='bbox 169 1797 255 1834; x_wconf 88' lang='lat' dir='ltr'><em>Non</em></span> <span class='ocrx_word' id='word_1_145' title='bbox 281 1798 339 1834; x_wconf 61' lang='grc' dir='ltr'><em>θεὴ</em></span> <span class='ocrx_word' id='word_1_146' title='bbox 363 1798 435 1834; x_wconf 85' lang='lat' dir='ltr'><em>hoc</em></span> <span class='ocrx_word' id='word_1_147' title='bbox 461 1797 712 1844; x_wconf 79' lang='lat' dir='ltr'>epigramma,</span> <span class='ocrx_word' id='word_1_148' title='bbox 739 1799 804 1835; x_wconf 83' lang='lat' dir='ltr'><em>sed</em></span> <span class='ocrx_word' id='word_1_149' title='bbox 830 1810 918 1844; x_wconf 82' lang='lat' dir='ltr'>pars</span> <span class='ocrx_word' id='word_1_150' title='bbox 943 1799 1096 1836; x_wconf 84' lang='lat' dir='ltr'>maioris</span> <span class='ocrx_word' id='word_1_151' title='bbox 1122 1798 1308 1835; x_wconf 81' lang='lat' dir='ltr'>carminis.</span> 
     </span>
    </p>
   </div>
  </div>
 </body>
</html>
