1890 3216
220 164 307 207 330
756 161 947 208 POETAE
974 161 1213 199 ELEGIACI.

221 285 256 307 v.
283 275 314 307 2.
341 267 542 307 ἀθάνατον
575 270 614 305 in
646 271 809 315 rasura),
846 281 920 305 una
958 281 1043 305 cum
1074 269 1227 315 reliquis
1260 270 1418 315 duobus,
1448 263 1613 315 ‘quorum
1649 269 1750 316 prius

223 319 394 355 Simmiae
419 318 596 354 bribuitur
621 318 703 363 (VII
730 320 807 363 60),
833 318 916 353 vide
943 328 1056 363 supra
1081 317 1218 353 XXXV
1247 321 1264 352 1
1292 318 1331 353 eb
1363 318 1530 353 conferas
1556 319 1750 362 praeterea

221 368 348 403 Osann
369 366 532 412 Symbol.
554 366 727 401 Litterar.
748 365 765 399 I
784 378 820 411 p.
841 369 921 401 307.
973 364 1075 405 Idem
1101 365 1173 400 hoc
1199 365 1428 411 epigramma
1453 365 1601 401 videtur
1625 366 1750 401 extare

220 415 258 450 in
285 414 365 450 cod.
394 413 546 450 Scorial.
580 425 639 459 ap.
666 412 791 449 Miller
824 412 942 448 Catal.
978 412 1071 448 Bibl.
1106 413 1205 448 Scor.
1238 425 1273 458 p.
1301 417 1387 458 491,
1420 413 1483 458 qui
1516 424 1560 449 ex
1590 414 1752 458 quatuor

220 462 388 497 versibus
414 461 575 506 primum
601 462 748 496 tantum
775 461 913 496 attulit.
966 460 1165 507 Speusippi
1191 472 1271 496 esse
1306 461 1376 496 hoe
1408 460 1637 507 poematium
1663 472 1750 497 sane

221 511 278 545 esc
302 509 520 554 verisimile,
555 509 619 544 sed
654 509 727 544 duo
759 519 904 554 versus,
940 508 1003 554 qui
1036 508 1330 553 subsequuntur,
1365 508 1564 544 manifesto
1596 508 1644 543 ab
1675 509 1750 545 alio

221 556 375 601 adiecti,
408 556 446 591 id
472 556 571 601 quod
603 555 717 592 etiam
746 556 869 592 Osann
897 556 1049 593 censuit.
1089 555 1263 601 Inprimis
1289 557 1403 592 verba
1427 555 1629 592 novissima
1654 555 1750 593 ἰδεῖν

220 607 331 640 θεῖον
359 605 441 651 βίον
466 604 684 640 recentioris
709 604 845 640 aetatis
876 603 1043 639 indolem
1073 604 1252 649 produnt,
1284 603 1356 639 nisi
1387 603 1484 640 forte
1516 603 1751 640 scribendum

224 653 273 687 sii:
291 655 403 688 θεῖον
430 650 538 687 ἰδὼν
561 653 727 700 βίοτον.
755 651 844 687 Cum
869 651 1069 697 Speusippi
1089 651 1359 697 epigrammasse
1380 663 1580 696 componas
1598 652 1750 688 titulum

221 699 391 735 Atticum
417 711 535 745 nuper
565 701 754 756 reperbum
786 699 1112 757 (Ephem.A1:tiea
1135 710 1234 735 nova
1264 711 1299 745 p.
1327 700 1410 755 298)
1442 699 1560 745 Σῶμα
1591 697 1660 756 μὲν
1693 697 1751 736 ἕν-

219 745 319 783 θοὲδε
354 744 438 792 σόν,
471 744 667 792 Διονύσιε,
699 752 790 793 γαῖα
821 745 1020 791 καλύπτει,
1051 745 1180 792 ψυχὴν
1212 743 1249 781 δ’
1283 743 1484 782 ἀθάνατον
1516 744 1644 788 κοινὸς
1676 746 1753 794 ἔχει

220 796 365 841 ταμίας.
405 795 504 841 quod
536 795 695 831 fortasse
729 795 865 840 aliquis
898 795 1076 830 adhibeab
1106 795 1153 830 ad
1185 795 1365 840 Lennepii
1397 794 1651 831 coniecturam
1681 798 1752 831 siza-

221 843 437 885 biliendam,
464 844 527 878 sed
553 843 679 888 potius
704 843 743 878 in
769 844 840 879 hoo
865 843 976 878 ritulo
1003 839 1212 878 ἀθανάτων
1232 843 1500 896 refingendum,
1526 853 1754 888 quamquam

219 888 322 936 ψυχὴ
349 887 547 932 αθοὶνατος
570 891 611 926 in
636 890 904 936 sepulcralibus
929 890 1050 925 titulis
1084 889 1291 927 identidem
1321 889 1477 936 legitur,
1509 890 1554 926 of.
1580 889 1753 936 inprimis

219 938 465 985 Ooroyraeam
496 938 780 984 inscriptionem
813 938 922 974 CIGr.
958 938 992 973 II
1026 938 1190 974 19076b.
1242 937 1490 984 Speusippum
1530 937 1645 974 etiam
1677 938 1753 975 alia

224 987 390 1022 carmina
423 986 676 1046 composuisse
708 987 818 1023 docet
848 986 1022 1021 Philostr.
1048 985 1092 1021 V.
1120 986 1244 1031 Apoll.
1271 986 1287 1021 I
1313 990 1374 1021 35:
1407 983 1657 1022 Σπεύσιππον
1687 983 1752 1022 τὸν

219 1031 419 1091 Ἀθηναῖον
446 1030 542 1070 οὕτω
577 1048 612 1069 τι
646 1031 944 1080 ἐρασιχρήματον
971 1032 1154 1078 γενέσθαι
1180 1035 1315 1079 φασίν,
1348 1030 1397 1074 ὡς
1423 1030 1485 1069 ἐπὶ
1510 1030 1576 1070 τὸν
1602 1031 1753 1070 Κασάν-

223 1084 315 1127 δρου
353 1079 475 1128 γάμον
514 1080 552 1123 ἐς
583 1083 834 1118 Μακεδονίαν
867 1079 1039 1124 κωμάσαι
1073 1079 1264 1128 ποιήματα
1298 1079 1423 1127 ψυχρὰ
1459 1081 1652 1117 συνθέντα
1688 1081 1754 1117 καὶ

223 1131 384 1179 δημοσίᾳ
410 1126 530 1165 ταῦθ’
559 1126 655 1175 ὑπὲρ
681 1143 882 1176 χρημαῑων
908 1126 1008 1179 ᾆσαι.
1030 1150 1075 1155 -
1094 1129 1262 1174 Denique
1288 1139 1421 1165 moneo
1447 1130 1543 1165 alius
1569 1128 1754 1176 epigram-

219 1144 332 1214 ωηαῡίε
357 1180 397 1214 in
423 1178 620 1213 Platonem
646 1178 823 1222 reliquias
850 1166 1017 1214 servatas
1044 1187 1124 1212 esse
1150 1176 1189 1212 in
1215 1177 1340 1223 lapide
1365 1188 1482 1222 prope
1508 1177 1672 1223 Lyceum
1696 1188 1751 1213 re-

218 1227 337 1271 perto,
372 1227 418 1261 de
445 1236 517 1271 quo
553 1225 627 1261 vid.
653 1225 873 1271 Ephemeris
905 1225 1015 1260 Arch.
1047 1237 1083 1260 n.
1116 1228 1202 1270 264,
1234 1225 1300 1260 ubi
1331 1226 1459 1260 exizant
1490 1225 1647 1261 duorum
1677 1225 1752 1284 epi-

219 1274 476 1331 grammassum
496 1272 732 1318 reliquiae..
755 1302 761 1309 .
784 1302 791 1308 .
818 1286 904 1309 πετο
930 1270 971 1320 μ’
1001 1271 1136 1329 ἔρνος.
1186 1274 1485 1318 .’.<Κε)κροπιης
1538 1268 1751 1318 ,Ἀθηνέων

251 1351 259 1358 .
280 1351 287 1359 .
315 1335 328 1356 ι
361 1318 684 1366 πειθόμενος..
719 1334 752 1362 ις
783 1317 954 1366 εὐρύοπα
987 1318 1171 1361 Ζεύς..
1203 1333 1225 1355 ν
1250 1323 1468 1378 υμνοπολω,
1500 1319 1640 1359 deinde
1663 1331 1751 1356 vero

220 1383 271 1415 μα
298 1367 531 1409 Πλάτωνος.
583 1381 752 1415 .μενος.
805 1371 1110 1414 .φορελευσολς.
1163 1397 1169 1404 .
1193 1381 1248 1409 ιος
1266 1366 1431 1415 τεμένει
1458 1379 1550 1423 quas
1574 1367 1752 1414 reliquias

219 1417 387 1500 ηεῇΙθξὶὺ
426 1393 589 1460 Kaibel‚
619 1416 682 1462 qui
719 1396 837 1462 nuper
875 1397 1148 1462 epigrammata
1183 1416 1433 1452 monumentis
1469 1415 1587 1452 incisa
1623 1416 1752 1452 sedulo

219 1476 261 1501 oo
295 1477 383 1511 egl.
