1890 3216
185 195 243 236 44
722 197 913 232 ΡΟΕΤΑΕ
938 196 1174 241 ELEGIACI.

186 315 230 347 35
258 306 365 362 πρίν
395 321 436 347 τι
468 310 649 347 παθεῖν·
681 301 779 347 τότε
812 301 867 355 δ’,
889 301 1030 347 αὐτίκ’
1074 301 1300 361 ὀδύρεται·
1339 302 1440 361 ἄχρι
1473 303 1522 348 δὲ
1554 303 1719 349 τούτου

317 374 555 432 χάσκοντες
585 372 777 430 κούφαις
808 375 952 418 ἐλπίσι
983 373 1248 432 τερπόμεθα.

257 445 415 504 χῶστις
447 445 529 502 μὲν
561 443 798 488 νούσοισιν
829 443 904 488 ὑπ’
942 444 1184 503 ἀργαλέῃσι
1216 448 1404 504 πιεσθῇ,
1593 499 1596 501 ,

318 516 377 569 ὡς
407 515 536 573 ὑγιὴς
568 519 711 571 ἔσται,
743 518 876 559 τοῦτο
908 515 1233 573 κατεφράσατο·
1649 531 1717 562 425

258 588 412 644 [ἄλλος
443 586 589 639 δειλὸς
615 585 700 631 ε’ὠν
732 585 904 643 ἀγαθὸς
937 589 1062 631 δοκεῖ
1091 590 1274 644 ἔμμεναι
1306 586 1441 646 ἀνήρ,

187 674 231 705 40
317 660 389 704 καὶ
421 659 578 715 καλός,
611 657 793 715 μορφὴν
826 656 881 702 οὐ
913 662 1155 715 χαρίεσσαν
1187 662 1337 716 ἔχων]

256 734 295 775 εἰ
328 731 379 775 δέ
408 747 473 782 τις
504 729 740 787 ἀχρήμων,
773 733 927 786 πενίης
959 730 1012 774 δέ
1041 748 1118 787 μιν
1151 733 1258 788 ἔργα
1289 733 1459 787 βιᾶται,

318 802 562 859 κτήσεσθαι
593 800 771 852 πάντως
802 802 1000 858 χρήματα
1032 800 1341 849 πολλὰλδοκεῖ.

259 873 439 918 σπεύδει
472 871 514 917 δ’
551 872 747 916 ἄλλοθεν
780 870 930 924 ἄλλος·
964 870 987 917 ὁ
1020 872 1102 930 μὲν
1132 871 1242 918 κατὰ
1275 873 1444 919 πόντον
1475 873 1634 918 ἀλᾶται

320 947 369 990 ἐν
398 944 561 1001 νηυσὶν
593 942 767 1001 χρῄζων
801 946 951 987 οἴκαδε
981 945 1139 1002 κέρδος
1170 943 1299 1002 ἄγειν

187 1031 231 1061 45
260 1014 501 1075 ἰχθυόεντ’,
534 1013 739 1071 ἀνέμοισι
772 1014 1051 1072 φορεύμενος
1082 1014 1387 1073 ἀργαλέοισιν,

318 1086 545 1145 φειδωλὴν
577 1089 721 1144 ψυχῆς
753 1085 967 1143 οὐδεμίαν
998 1088 1206 1145 θέμενος·

258 1159 391 1211 ἄλλος
422 1154 507 1215 γῆν
539 1158 712 1214 τέμνων
743 1158 1074 1214 πολυδένδρεον
1105 1161 1167 1211 εἰς
1199 1159 1406 1204 ἐνιαυτόν

317 1228 536 1287 λατρεύει,
568 1237 714 1273 τοῖσιν
746 1228 940 1286 καμπύλ’
976 1228 1146 1287 ἄροτρα
1176 1231 1315 1287 μέλει·

258 1301 391 1352 ἄλλος
419 1299 660 1357 Ἀθηναίης
690 1317 736 1344 τε
767 1300 840 1343 καὶ
861 1299 1109 1357 τΗςοαίστου
1139 1302 1416 1360 πολυτέχνεω

193 1387 237 1418 50
324 1376 430 1430 ἔργα
462 1372 583 1425 δαεὶς
614 1381 782 1429 χειροῖν
816 1373 1065 1428 ξυλλέγεται
1097 1377 1269 1428 βίοτον·

258 1444 390 1496 ἄλλος
418 1442 727 1500 Ὀλυμπιάδων
761 1443 986 1487 Μουσέων
1018 1443 1138 1501 πάρα
1170 1447 1294 1501 δῶρα
1327 1448 1577 1503 διδαχθείς,

186 1572 327 1616 ἄλλως
354 1573 498 1616 δειλὸς.
539 1574 636 1610 ,καὶ
663 1573 710 1610 δὲ
738 1571 910 1631 καλὸς..
951 1574 1079 1611 .—.V
1094 1578 1150 1611 35.
1171 1571 1298 1611 αὐτίκ’
1295 1576 1462 1633 scripsi,
1482 1576 1582 1612 idem
1607 1577 1724 1614 suasit

186 1624 422 1668 Bamborger,
436 1602 550 1668 vulgo
565 1616 700 1666 αὖθις,
714 1622 836 1658 Trinc.
852 1615 969 1662 αὖτις.
985 1622 1245 1658 Schneidewin
1258 1616 1309 1659 αὖ
1323 1637 1387 1664 τις.
1400 1623 1502 1659 -V.
1517 1628 1573 1660 36.
1587 1622 1721 1683 τερπό-

186 1674 300 1716 μεθα,
315 1682 337 1705 a
355 1683 409 1726 pr.
425 1683 472 1705 m.
488 1674 526 1706 et
539 1670 649 1707 Vind.
664 1672 703 1706 et
721 1681 744 1705 a
763 1667 998 1728 τρεφόμεθα
1018 1691 1062 1696 -
1084 1670 1127 1705 V.
1143 1675 1198 1707 37.
1219 1668 1350 1716 χῶστις
1371 1671 1613 1729 Schneidew„
1633 1684 1668 1708 v.
1682 1669 1719 1718 χ’

188 1717 297 1759 ὅστις.
313 1715 435 1753 -ὑ’π
458 1715 675 1764 ἀργαλέῃσι,
689 1717 809 1753 Trinc
825 1715 1098 1764 ὑπαργαμέῃσι.
1119 1718 1261 1754 Deinde
1275 1717 1462 1754 Brunck
1443 1716 1511 1754 vn’
1534 1700 1721 1767 ἀργαλέῃς

187 1765 358 1811 ἐπιέσθη.
387 1788 429 1791 -
468 1766 511 1800 V.
538 1770 596 1801 39.
622 1769 667 1800 40
703 1765 750 1800 ab
785 1765 960 1801 instituta
992 1765 1177 1801 sententia
1203 1766 1316 1802 alieni
1342 1768 1445 1811 sunt,
1477 1766 1606 1811 itaque
1633 1778 1721 1803 can-

187 1815 291 1850 cellis
317 1814 432 1859 sepsi:
460 1813 647 1850 distichon
667 1814 749 1859 hoc,
775 1813 875 1859 quod
895 1813 1052 1849 fortasse
1078 1825 1123 1849 ex
1142 1813 1217 1849 alia
1237 1813 1384 1850 Solonis
1412 1815 1535 1860 elegia
1559 1815 1720 1860 petitum

187 1864 261 1905 est,
289 1862 517 1906 adscriptum
543 1861 633 1896 olim
658 1861 732 1896 fuit
740 1826 804 1895 ⁷ad
831 1861 1054 1896 sententiam
1080 1874 1112 1897 v.
1141 1864 1188 1896 34
1212 1860 1491 1907 illustrandam,
1518 1862 1653 1898 deinde
1679 1864 1722 1898 ut

186 1910 267 1945 fieri
293 1909 391 1944 solet
417 1909 538 1944 alieno
564 1909 648 1944 loco
673 1908 711 1943 in
738 1908 905 1944 ordinem
930 1909 1122 1954 receptum
1148 1910 1221 1944 est:
1247 1909 1324 1944 dixi
1342 1909 1388 1944 de
1412 1909 1470 1945 his
1494 1909 1663 1945 versibus
1681 1910 1721 1945 in

188 1957 395 1992 Comment.
429 1956 517 1991 Crit.
545 1957 559 1991 I
587 1961 620 1992 8.
664 1956 872 1992 Defendere
904 1955 1048 1991 studuit
1077 1957 1127 1991 M.
1155 1955 1326 1991 Schmidt
1356 1957 1450 1993 Mus.
1478 1957 1546 1991 Rh.
1577 1958 1606 1991 V
1633 1961 1719 1993 625:

186 2005 279 2039 item
311 2015 429 2049 nuper
460 2004 623 2040 Leutsch
654 2004 772 2039 tuitus
803 2006 877 2039 est:
908 2002 1150 2040 traiiciendos
1181 2005 1308 2040 censet
1333 2004 1404 2040 hoc
1428 2016 1557 2040 versus
1583 2005 1720 2040 Linder

186 2054 273 2097 post
298 2065 332 2087 v.
359 2056 415 2095 34,
443 2052 507 2097 qui
533 2051 647 2088 etiam
673 2051 857 2097 quaedam
883 2051 1109 2096 immutavit,
1135 2052 1208 2088 vid.
1235 2063 1347 2097 supra
1372 2052 1420 2088 ad
1445 2065 1478 2089 v.
1507 2055 1563 2087 34.
1609 2052 1720 2088 Bern-

186 2099 304 2145 hardy
336 2100 431 2134 Hist.
465 2098 553 2135 Litt.
587 2099 649 2134 Gr.
682 2099 717 2134 II
749 2102 818 2134 357
859 2101 915 2137 ed.
946 2104 961 2134 1
995 2111 1029 2134 v.
1063 2103 1215 2134 39—-42
1247 2099 1287 2134 in
1318 2099 1564 2145 suspicionem
1598 2102 1719 2146 vocat,

187 2146 499 2191 quemadmodum
526 2147 560 2182 ei
586 2147 703 2182 etiam
729 2149 895 2182 extrema
919 2157 1006 2193 pars
1033 2158 1076 2182 ex
1109 2147 1324 2192 Theognide
1355 2147 1586 2192 interpolata
1617 2147 1720 2183 vide-

185 2197 261 2238 tur,
289 2196 327 2230 et
352 2208 384 2230 v.
413 2199 469 2230 37.
497 2199 541 2230 38
568 2196 655 2230 ante
680 2207 714 2230 v.
742 2198 786 2230 59
813 2195 1050 2231 collocandos
1077 2195 1222 2239 censet,
1254 2194 1319 2229 sed
1350 2194 1424 2230 vid.
1459 2195 1719 2230 Schneidewin

185 2242 223 2276 in
248 2242 384 2278 Philol.
410 2242 462 2277 III
490 2246 571 2277 111.
614 2242 750 2278 Postea
776 2242 987 2286 Bernhardy
1013 2243 1051 2277 in
1077 2243 1133 2277 ed.
1160 2242 1226 2278 alt.
1255 2243 1401 2277 tantum
1427 2254 1460 2278 v.
1483 2246 1636 2278 37—40
1661 2254 1719 2278 re-

185 2290 363 2326 iiciendos
390 2301 469 2325 esse
496 2289 649 2326 censuit.
670 2311 715 2315 —
735 2289 778 2324 V.
795 2293 851 2325 40.
879 2287 1009 2334 καλός,
1027 2290 1136 2326 vind.
1158 2301 1236 2325 acw
1256 2286 1400 2330 κάλλος.
1428 2311 1469 2315 --
1492 2290 1536 2325 V.
1557 2294 1612 2325 42.
1635 2287 1719 2335 κτή-

186 2340 323 2372 σεσθαι
348 2338 490 2382 scripsi,
523 2349 608 2373 cum
633 2337 723 2373 olim
748 2338 960 2383 κεκτῆσθαι
985 2336 1245 2381 coniecissem,
1272 2336 1358 2372 libri
1383 2335 1613 2394 κτησασθαι,
1639 2348 1717 2372 cor-

185 2384 301 2420 lectio
328 2384 547 2430 necessaria,
574 2397 662 2421 nam
686 2384 797 2420 nimis
822 2385 1020 2431 ambiguus
1046 2384 1107 2420 hic
1127 2385 1297 2421 aoristus.
1324 2406 1367 2411 —-
1394 2397 1544 2425 παντως
1564 2384 1716 2430 Gesner,

186 2445 220 2467 v.
247 2429 408 2467 πάντων.
436 2453 486 2474 -,
513 2414 648 2478 πολλὰ,
676 2444 696 2467 c
721 2435 893 2478 πλεῖστα,
925 2434 950 2468 b
975 2434 1183 2477 utrumque.
1217 2453 1261 2458 --
1287 2432 1331 2468 V.
1357 2436 1454 2468 43—
1463 2436 1508 2468 46
1533 2433 1716 2467 mercato-

186 2491 278 2523 r,um
305 2492 378 2515 non
403 2480 642 2525 piscatorum,
668 2481 711 2515 ut
735 2481 936 2516 Leutschio
961 2480 1082 2516 visum
1089 2482 1183 2537 est,
1209 2479 1405 2537 quaestum
1424 2479 1649 2515 describunt.
1669 2499 1714 2506 —-

186 2527 230 2562 V.
256 2508 311 2562 46
338 2528 480 2573 ψυχῆς,
506 2529 612 2564 Voss.
641 2528 669 2562 B
694 2539 742 2562 ιιι.
768 2540 823 2574 pr.
851 2529 974 2564 Trinc.
999 2525 1138 2573 ψυχὴν.
1165 2548 1209 2552 —-
1236 2524 1419 2573 οὐδεμίαν
1446 2526 1715 2584 Schneidewin,

186 2587 219 2610 v.
247 2571 438 2620 οὐδεμιην.
469 2597 508 2600 —
538 2576 581 2610 V.
603 2579 659 2610 48.
686 2574 791 2621 μέλει
815 2576 845 2610 Β
871 2588 918 2611 ιιι.
947 2588 973 2612 s
996 2575 1105 2612 Gesn.
1131 2585 1260 2619 margo
1287 2574 1360 2618 cef,
1385 2575 1499 2620 vulgo
1525 2572 1642 2620 μένει.
1670 2596 1713 2600 -

186 2621 230 2656 V.
259 2626 314 2657 50.
350 2621 439 2667 ἔργα
473 2625 578 2663 δαεὶς
606 2623 711 2659 Voss.
738 2625 819 2659 Ars.
850 2623 881 2657 B
907 2633 956 2661 m
983 2636 1010 2659 s.
1007 2617 1078 2666 b,
1112 2619 1307 2679 ἔργαλαεὶς
1330 2603 1459 2666 Vind.,
1492 2620 1630 2668 ἔργαλα
1662 2621 1716 2663 εἰς

186 2669 338 2714 acefgw.
361 2691 405 2695 —
431 2670 474 2705 V.
496 2675 551 2707 51.
579 2670 766 2706 Μουσέων
787 2671 955 2715 Brunck,
981 2651 1086 2707 codd
1107 2667 1283 2716 μουσάων
1303 2670 1342 2705 et
1364 2669 1524 2715 μουσῶν.
1545 2690 1590 2695 —-
1610 2670 1715 2705 διδα-

186 2718 305 2772 χθείς,
336 2717 484 2752 Brunck
516 2715 604 2753 διδοὶ
608 2720 700 2763 χ,θη
733 2717 906 2764 Hartung
935 2717 1123 2754 δέδεκται.
1171 2718 1362 2753 Hermann
1391 2728 1473 2773 pro
1491 2714 1602 2774 πάρα
1620 2717 1713 2752 coni.

185 2761 289 2811 λαβε,
316 2765 427 2800 Halm
452 2762 562 2810 πόρε,
595 2767 724 2801 contra
749 2766 894 2801 Ahrens
927 2766 1067 2820 (deleto
1093 2766 1306 2822 διδαχθείς)
1337 2761 1529 2800 Μουσάων
1557 2758 1585 2812 ᾧ
1611 2762 1714 2809 πάρα

186 2812 306 2867 δῶρα,
333 2812 469 2847 Linder
494 2812 614 2848 eiecta
638 2824 728 2848 voce
754 2811 856 2858 παρὰ
885 2813 1034 2859 scripsit
1058 2810 1263 2858 Μουσάων,
1289 2812 1451 2847 Leutsch
1476 2809 1579 2869 πρκα
1613 2812 1714 2866 δῶρα

186 2840 375 2904 διδάσκει,
407 2871 477 2905 ego
511 2871 594 2895 cum
626 2860 716 2895 olim
747 2859 834 2906 πέρι
866 2860 1238 2906 commendavissem,
1271 2860 1393 2920 credo
1412 2871 1488 2905 παρ
1491 2857 1517 2894 ἀ
1543 2858 1714 2894 additum

187 2916 265 2940 esse
291 2907 338 2941 ad
364 2917 512 2942 versum
538 2907 879 2953 redintegrandum,
913 2908 1025 2944 Solon
1051 2908 1216 2943 Μουσῶν
1243 2908 1355 2952 φίλα
1379 2907 1441 2942 vel
1466 2873 1582 2942 καλὰ
1610 2907 1714 2952 δῶρα

186 2952 334 2988 videtur
360 2954 562 2999 scripsisse.
602 2955 700 2991 Post
727 2967 760 2990 v.
788 2959 832 2990 52
859 2956 1016 2992 fortasse
1043 2955 1227 2991 distichon
1252 2955 1457 2991 sententiae
1483 2953 1713 3000 amplifican-
