1890 3216
175 167 263 209 242
720 165 913 202 ΡΟΕΤΑΕ
938 165 1176 203 ELEGIACY.

920 288 959 331 5.

292 380 467 441 Βριθὺς
501 379 819 437 ὁπλιτοπάλας,
853 381 982 434 δάιος
1012 380 1282 435 ἀντιπάλοις.

175 514 274 558 quod
300 513 331 549 G
359 514 619 561 βαθυχαιείης,
646 513 701 548 Oa
726 514 854 559 δῆμος,
886 512 918 549 G
946 509 1208 559 ἐπιστάμενον)
1242 514 1280 548 et
1309 512 1361 549 sic
1387 525 1445 559 ap.
1477 513 1612 549 Aizhen.
1634 513 1711 558 VL,

175 561 240 597 sed.
265 560 360 596 ΑΒΡ
393 560 459 596 καὶ
491 562 725 608 βαθυχαίται
756 574 822 596 κεν
850 561 891 605 (Ρ
926 562 1158 609 βαθυχαῖται
1184 572 1254 597 om.
1284 562 1364 606 κεν)
1397 561 1529 607 Μῆδοι
1562 558 1711 597 §naoni-
1765 582 1769 586 .

175 622 293 655 μενοι.
340 609 512 644 Ceterum
543 621 619 648 non
645 609 813 654 deerunt,
846 609 909 653 qui
941 609 990 644 ab
1021 609 1104 655 ipso
1130 608 1245 654 poeta
1269 608 1340 645 hoc
1366 608 1599 654 epigramma
1622 620 1709 654 pro-

175 657 314 693 fectum
341 668 420 692 esse
446 658 595 703 negent.

268 717 327 751 Fr.
349 720 380 752 5.
419 717 517 752 Pluss.
540 716 585 751 de
605 716 691 752 fort.
708 716 813 751 Alex.
835 727 864 751 c.
883 720 919 751 1:
941 715 1006 751 καὶ
1025 713 1122 751 κατὰ
1143 713 1211 751 τὸν
1230 713 1429 761 Αἰσχύλον·
1454 713 1622 764 βριθὺς
1635 718 1711 754 κτλ.

173 763 326 800 Initium
354 764 462 800 affert
487 764 603 800 etiam
631 764 996 810 Sympoquuaest:
1006 763 1041 798 ΙΙ
1067 767 1100 809 5,
1127 763 1318 810 integrum
1343 775 1491 800 versum
1517 763 1598 800 sine
1620 773 1715 810 poe·

176 814 238 847 tae
264 825 298 849 n.
326 812 371 847 de
397 812 513 848 fortitu.
540 812 645 847 Rom.
672 823 702 847 c.
724 816 745 847 3
773 814 811 848 et
837 811 1008 857 Compar.
1035 810 1109 847 Cic.
1137 811 1175 847 et
1201 811 1391 847 Demosth.
1420 823 1449 847 c.
1478 816 1518 855 3,
1551 810 1712 857 denique

174 859 277 896 Eus‘n.
305 859 346 895 Il.
369 863 450 904 513,
477 864 521 895 33
548 859 629 905 (ubi
653 856 939 905 ἀντιμάχοισιν).
985 859 1044 894 Ad.
1070 859 1342 905 epigrammata
1367 859 1541 895 revocavi
1559 861 1712 905 propter

175 908 341 944 doricam
367 908 580 944 dialectum.
607 929 651 933 —
678 907 786 951 Quod
812 907 960 943 Servius
993 906 1087 943 dicit
1117 907 1221 953 Virg.
1247 906 1338 943 Aen.
1373 905 1407 941 X
1434 911 1519 943 737:
1547 907 1713 952 „Tamen

174 957 326 991 Paeana
358 966 509 991 carmen
540 966 622 991 esse
658 955 840 991 victoriae
883 955 1090 1001 Aeschylus
1129 955 1255 1000 docet,
1293 955 1392 1000 quod
1428 953 1513 991 ideo
1544 954 1714 1000 Apollini

175 1003 340 1040 dicatum
367 1005 425 1039 est
440 1032 448 1048 ,
465 1003 554 1048 quia
579 1003 764 1039 malorum
790 1003 1076 1039 avertendorum
1096 1004 1229 1049 potens
1255 1005 1348 1038 θεοί(
1384 1014 1432 1038 ne
1459 1002 1541 1047 quis
1574 1001 1714 1038 referat

175 1052 224 1087 ad
249 1051 427 1097 Aeschyli
455 1051 642 1087 Paea‘nem
667 1051 728 1096 <de
754 1062 827 1095 quo
853 1051 928 1087 vid.
955 1051 1006 1086 ad.
1030 1048 1215 1095 Tynnichi
1241 1050 1284 1086 fr.
1314 1051 1360 1096 1),
1391 1050 1617 1086 monendum
1644 1052 1713 1094 est,
1775 1082 1778 1084 .

176 1099 302 1135 locum
327 1098 493 1144 aliquem
518 1110 563 1135 ex
589 1099 796 1145 tragoedia,
821 1099 907 1135 fort.
935 1098 1037 1144 Sept.
1065 1101 1133 1134 635
1160 1097 1306 1144 respici.
