1890 3216
806 173 1068 211 THEOGNIS.
1630 172 1718 215 205

292 285 475 343 χέρνιβα
507 283 550 329 δ’
586 282 697 339 αἶψα
728 282 896 342 θύραζε
929 283 1081 341 φέροι,
1114 280 1443 340 στεφανώματα
1475 279 1518 326 δ’
1555 286 1659 326 εἴσω

352 355 527 414 εὐειδὴς
559 358 765 414 ραδιναῖς
796 355 919 415 χερσὶ
956 354 1162 400 Λάκαινα
1193 354 1318 412 κόρη.

238 495 244 498 ’
282 487 385 534 Ἥδ’
421 486 578 546 ἀρετή,
610 486 706 533 τόδ’
743 486 913 533 ἄεθλον
947 489 995 532 ἐν
1026 485 1343 546 ἀνθρώποισιν
1376 484 1562 544 ἄριστον

354 559 595 605 κάλλιστόν
627 577 673 604 τε
705 560 860 618 φέρειν
892 563 1061 617 γίνεται
1095 557 1229 617 ἀνδρὶ
1262 560 1409 620 σοφῷ·

175 644 266 678 1005
294 629 430 695 ξυνὸν
463 629 505 676 δ’
542 629 711 677 ἐσθλὸν
742 634 875 676 τοῦτο
907 631 1048 688 πόληΐ
1074 648 1119 675 τε
1151 635 1288 675 παντί
1315 648 1362 675 τε
1395 629 1543 691 δήμῳ,

353 702 474 756 ὅστις
505 702 620 761 ἀνὴρ
654 703 815 762 διαβὰς
847 705 895 748 ἐν
928 701 1197 762 προμάχοισι
1230 703 1353 761 μένῃ.

171 858 288 895 batur
313 860 471 895 δείπνου
498 856 616 906 ἅδην
644 857 880 906 ἐλάοιμεν,
908 854 1016 894 ὅσον
1042 860 1117 894 κτλ.
1139 878 1183 884 -
1205 853 1351 904 ἀνώγοι
1375 858 1406 893 A
1432 858 1570 902 Athen,
1596 854 1719 894 *olvei-

175 920 246 953 γει.
274 928 317 933 —-
344 906 389 944 V.
413 911 516 943 1001.
543 905 656 953 φέροι
682 909 714 943 Α
741 909 779 943 ct
803 908 955 951 Athen,
982 907 1099 942 ceteri
1124 905 1233 941 codd.
1261 904 1373 951 φέρει
1398 908 1549 951 praeter
1574 918 1631 952 cg,
1657 906 1724 952 qui

172 953 264 1001 φέρἰ·
287 954 348 991 vel
374 953 526 1000 φέριστε
554 953 783 1002 φανούμεθα.
807 976 848 981 -
878 951 917 990 δ’
946 955 1034 990 εἴσω
1062 955 1093 989 Α
1120 955 1277 998 Athen.,
1304 951 1451 998 δήσοι*,
1477 954 1575 989 unde
1602 954 1721 1000 suspi-

173 1003 278 1039 cetur
303 1002 440 1048 aliquis
467 999 504 1038 δ’
533 1005 629 1039 εί’σοι
654 1003 715 1039 vel
749 1002 850 1039 εἰσοῑ
881 1003 1060 1049 scriptum
1092 1001 1225 1043 fuisse,
1259 1001 1576 1047 quemadmodum
1609 1001 1719 1047 Syra-

171 1050 302 1086 cusani
329 1048 408 1094 ἔξοι
433 1051 494 1087 vel
520 1047 606 1094 ἐξοῖ
625 1050 810 1088 dixerunt.
834 1071 877 1077 —
899 1051 943 1086 V.
967 1054 1070 1086 1002.
1099 1046 1262 1096 εὐειδὴς,
1289 1050 1322 1084 Α
1347 1050 1514 1095 ευειδηις
1534 1051 1609 1095 (ap.
1631 1049 1718 1086 Ath.

173 1110 203 1146 B
231 1100 410 1157 ἔυεὶδας).
436 1132 480 1137 -
508 1108 692 1157 ῥἀδιναῖς,
719 1111 806 1147 Ath.
835 1108 1004 1158 ῥαδινῇς.
1056 1110 1136 1146 Ηο0
1164 1110 1247 1146 1000
1274 1109 1319 1153 ei,
1347 1109 1413 1156 qui
1438 1110 1653 1154 interpretis
1680 1112 1719 1146 et

174 1157 296 1194 critici
321 1169 474 1195 munere
500 1159 679 1205 fungitur,
705 1159 889 1206 plurimae
916 1157 1147 1195 obiiciantur
1171 1156 1427 1194 difficultates.
1457 1156 1612 1202 Menda,
1639 1157 1719 1203 qui-

172 1206 241 1242 bus
266 1206 359 1242 haec
386 1207 518 1253 ecloga
544 1207 669 1243 obsita
695 1209 763 1251 est,
789 1207 1002 1243 inveterata
1027 1216 1108 1242 esse
1142 1204 1268 1251 arguit
1294 1216 1496 1241 consensus
1520 1205 1718 1250 Athenaei,

172 1254 239 1300 qui
263 1254 335 1290 hac
360 1255 506 1301 sylloge
532 1266 620 1291 usus
647 1257 716 1300 est,
742 1267 828 1291 cum
854 1254 1106 1300 Theognideis
1141 1252 1261 1299 libris,
1292 1265 1413 1299 neque
1446 1253 1568 1289 critici
1603 1254 1721 1290 nostri

174 1301 214 1338 in
239 1301 342 1338 vitiis
370 1302 430 1338 vel
457 1302 682 1349 indagandis
707 1303 767 1339 vel
793 1303 972 1339 tollendis
993 1312 1173 1347 prospero
1193 1313 1363 1337 successu
1384 1300 1443 1336 usi
1463 1303 1560 1338 sunt.
1598 1300 1720 1338 Offen-

177 1349 275 1385 sioni
299 1350 489 1396 plerisque
515 1350 587 1386 fuit
611 1363 647 1387 v.
673 1355 742 1387 999
770 1352 928 1387 δείπνου
954 1349 1002 1396 δὴ
1029 1347 1227 1395 λήγοιμεν,
1259 1361 1303 1385 ac
1328 1348 1422 1384 mihi
1450 1360 1598 1395 quoque
1625 1350 1717 1386 olim

173 1398 289 1444 poeta
315 1398 514 1434 videbatur
540 1399 688 1435 sodales
713 1399 872 1443 hortari,
906 1410 979 1434 non
1005 1400 1048 1433 ut
1074 1398 1247 1434 desinant
1273 1396 1476 1440 convivari,
1503 1397 1568 1433 sed
1594 1400 1637 1434 ut
1659 1397 1715 1433 in-

173 1444 325 1491 cipiant.
377 1447 428 1481 At
451 1444 631 1493 λήγοιμεν
658 1458 732 1483 11011
759 1449 816 1482 est
841 1445 1159 1490 addubitandum,
1192 1456 1279 1480 nam
1310 1448 1424 1491 poeta
1449 1457 1523 1481 non
1550 1456 1717 1490 coenam,

170 1493 236 1529 sed
271 1494 591 1540 compotationem
623 1494 893 1541 descripturus,
926 1493 966 1529 id
998 1493 1098 1539 quod
1130 1494 1354 1529 corollamm
1387 1493 1530 1529 mentio
1563 1505 1597 1529 v.
1627 1498 1714 1529 1001

173 1539 416 1585 testificatur,
450 1553 590 1578 coenae
622 1553 735 1588 quam
772 1543 956 1578 maiorum
988 1553 1091 1577 more
1122 1539 1331 1577 meridiano
1370 1541 1538 1586 tempore
1580 1539 1722 1578 obeunt

169 1588 245 1624 iam
279 1589 391 1625 finem
422 1589 636 1626 faciendum
663 1588 742 1626 esse
767 1591 905 1626 monet.
955 1589 1153 1625 Breviator
1184 1600 1228 1625 ex
1259 1588 1413 1635 primori
1448 1591 1555 1635 parte
1583 1590 1719 1636 ampli-

174 1637 249 1673 oris
276 1635 454 1673 carminis
474 1637 550 1673 tria
567 1639 714 1674 tantum
736 1637 898 1674 disticha
917 1635 1120 1683 descripsit
1144 1648 1241 1682 quae
1268 1647 1471 1683 componas
1492 1648 1577 1673 cum
1596 1637 1720 1674 Xeno—

171 1684 306 1730 phauis
333 1685 428 1731 eleg.
458 1690 487 1731 1,
511 1690 529 1721 1
551 1697 627 1732 seq.
669 1686 719 1722 Ut
745 1697 841 1732 quae
866 1688 948 1722 iure
982 1685 1175 1721 offendunt
1208 1684 1426 1720 summatim
1452 1686 1716 1732 perstringam,

171 1733 397 1778 Byzantinus
423 1734 604 1780 magister
623 1726 717 1780 ἦμος
735 1745 803 1780 pro
824 1734 940 1780 τῆμος
960 1733 1182 1780 corrigendo
1209 1732 1380 1778 protasia
1403 1733 1580 1778 restituit,
1601 1744 1714 1778 quam

171 1779 346 1826 apodosis
371 1793 406 1816 v.
433 1785 502 1817 999
529 1782 711 1827 excipiat,
745 1782 810 1818 sed
834 1793 910 1817 non
936 1780 1206 1816 animadvertit
1236 1779 1306 1827 μὲν
1340 1780 1601 1826 importunum
1636 1793 1716 1817 esse

172 1839 294 1874 neque
320 1829 531 1874 optativum
558 1830 757 1865 convenire
789 1828 952 1866 orationi
978 1831 1034 1865 ita
1066 1828 1331 1865 conformatae.
1383 1827 1528 1864 Rursus
1563 1829 1593 1864 si
1620 1830 1716 1865 anti-

171 1887 283 1922 quam
309 1877 498 1922 sequimur
522 1877 725 1923 paradosin
756 1878 873 1924 τῆμος
905 1873 943 1912 δ’
979 1873 1105 1922 ἠέλιος
1137 1875 1224 1923 μὲν,
1256 1888 1331 1912 non
1357 1877 1516 1912 δείπνου
1554 1875 1620 1923 δὴ,
1653 1877 1719 1913 sed

172 1922 214 1959 δὲ
242 1925 421 1970 subsequi
446 1925 626 1969 debebat,
657 1926 758 1971 quod
784 1925 851 1961 AO
881 1924 1141 1971 suppeditant,
1168 1926 1208 1960 at
1235 1925 1328 1960 haec
1354 1924 1539 1970 scriptura
1564 1936 1718 1961 numero

170 1983 299 2008 versus
324 1973 554 2017 adversatur,
580 1985 668 2009 nam
694 1973 879 2010 eiusmodi
910 1972 1109 2019 productio
1142 1973 1190 2008 ab
1223 1972 1400 2018 elegiacis
1430 1972 1552 2018 poetis
1583 1973 1717 2010 aliena.

170 2019 252 2055 Hae
279 2022 317 2056 et
342 2020 440 2056 aliae
468 2020 691 2058 offensiones
715 2021 912 2066 tolluntur,
938 2020 1003 2056 ubi
1028 2020 1239 2066 scripseris:

315 2104 432 2151 τῆμος
456 2100 508 2149 δ’,
535 2125 579 2130 -
605 2101 732 2150 ἠέλιος
766 2101 851 2150 γὰρ
885 2101 927 2140 ἐν
961 2103 1093 2149 αἰθέρι
1117 2101 1293 2151 μώνυχας
1317 2105 1456 2145 ἵππους

366 2148 452 2196 ἄρτι
476 2150 999 2211 παραγγέλλειρμέσσατον
1025 2146 1127 2199 ἦμαρ
1154 2149 1268 2188 ἐλῶν
1295 2173 1339 2178 -

317 2200 476 2236 δείπνου
504 2198 551 2246 δὴ
578 2199 768 2247 λήγοιμεν,
795 2212 907 2237 οσον
933 2213 1017 2236 τινα
1043 2197 1169 2247 θυμὸς
1193 2196 1348 2246 ἀνώγοι,

363 2249 554 2284 παντοίων
581 2245 743 2294 ἀγαθῶν
769 2248 901 2295 γαστρὶ
927 2262 980 2295 χοι
993 2246 1094 2295 ριξοί
1105 2261 1249 2294 μενοι.

174 2331 345 2368 Medelae
371 2343 464 2377 quas
491 2332 648 2368 adhibui
673 2334 712 2369 et
736 2333 969 2369 necessariae
995 2334 1034 2368 et
1058 2332 1180 2378 lenes,
1205 2332 1279 2368 nisi
1305 2332 1404 2379 quod
1431 2333 1588 2369 forsitan
1621 2331 1716 2378 ἔχων

173 2380 256 2426 quis
281 2381 434 2416 tueatur
459 2380 503 2426 (Λ
531 2382 570 2416 et
594 2382 633 2416 X
653 2381 801 2427 saepius
828 2381 993 2424 confusa,
1018 2382 1062 2416 ut
1086 2393 1122 2418 v.
1148 2384 1235 2425 292,
1269 2380 1334 2416 ubi
1358 2381 1446 2417 libri
1472 2380 1549 2427 ἔχει
1577 2383 1615 2416 et
1641 2382 1717 2416 ἕλει
1745 2385 1756 2394 ·

171 2428 379 2474 praebent).
429 2428 635 2474 Postquam
660 2428 699 2464 in
730 2429 852 2475 primo
886 2439 998 2464 versu
1023 2426 1092 2474 μὲν
1125 2439 1164 2464 se
1195 2427 1411 2473 insinuavit,
1438 2429 1638 2475 oportebat
1662 2428 1717 2464 in-

124 2494 127 2498 ·
173 2475 383 2511 dicativum
409 2475 539 2518 cedere
565 2475 748 2521 optativo.
799 2475 1044 2522 Corruptelae
1070 2472 1162 2512 ὅσου
1183 2476 1244 2511 vel
1263 2472 1361 2512 ὅπου
1383 2479 1498 2521 ortae,
1520 2477 1620 2521 quod
1639 2487 1715 2512 non

173 2521 435 2568 intellectum,
475 2524 545 2560 hoc
582 2524 741 2560 incisum
785 2524 998 2560 arctissima
1042 2523 1318 2560 necessitudine
1357 2536 1439 2560 cum
1479 2527 1717 2570 pentametro

173 2570 346 2607 iunctum
371 2582 460 2607 esse.
511 2569 786 2618 Χαριξάμενοι,
813 2584 887 2607 non
921 2569 1191 2618 χαρισσάμενοι
1223 2573 1373 2617 scripsi,
1408 2572 1585 2617 quoniam
1621 2572 1716 2607 illud

174 2619 409 2664 corruptelae
445 2619 564 2665 magis
599 2621 817 2656 obnoxium:
852 2619 985 2665 partic.
1017 2630 1137 2665 praes.
1176 2620 1214 2655 et
1248 2620 1377 2655 aoristi
1414 2619 1453 2654 in
1487 2619 1716 2664 Theognidis

176 2666 283 2702 libris
310 2666 459 2712 saepius
484 2667 772 2712 confunduntur,
799 2669 837 2703 et
861 2676 1130 2712 nonnunquam
1149 2679 1223 2703 non
1243 2668 1405 2702 multum
1431 2667 1547 2703 refert
1571 2666 1643 2702 hoc
1668 2678 1715 2701 an

174 2713 268 2749 illud
288 2714 518 2760 probaveris,
544 2715 648 2751 velut
667 2719 736 2751 995
764 2717 803 2750 et
829 2712 1070 2760 δηρισάντοιν
1096 2717 1134 2750 et
1160 2712 1340 2760 δηριόωσι
1365 2715 1440 2750 dici
1466 2717 1624 2760 poterat,
1651 2715 1714 2750 sed

175 2761 246 2797 hoc
278 2762 361 2798 loco
397 2762 558 2798 aoristus
589 2763 832 2799 necessarius.
866 2783 911 2788 —
938 2762 981 2799 V.
1011 2765 1185 2798 1003—6
1218 2763 1329 2808 petiti
1363 2763 1451 2798 sunt
1484 2774 1529 2798 ex
1568 2762 1717 2808 Tyrtaet

175 2807 234 2845 El.
262 2814 316 2850 12,
342 2821 377 2845 v.
406 2814 544 2846 13-16
578 2822 653 2846 11011
687 2811 765 2846 sine
801 2811 986 2846 varietate
1012 2809 1196 2846 lectionis.
1223 2831 1267 2836 -—
1295 2806 1373 2855 ἥδ’,
1399 2807 1421 2855 ἡ
1449 2806 1486 2845 δ’
1515 2821 1572 2855 cg,
1598 2807 1663 2855 ἠδ’
1692 2811 1715 2846 l.

178 2877 220 2883 —
247 2854 345 2902 τόδ’,
378 2856 420 2893 τὸ
457 2854 494 2893 δ’
529 2858 666 2904 bcghn.
696 2879 736 2884 —
764 2857 807 2893 V.
840 2862 942 2893 1004.
969 2858 1116 2903 γίνεται
1143 2858 1218 2903 ΑΟ,
1243 2858 1442 2904 legebatur
1465 2859 1646 2903 γίγνεται.
1670 2879 1715 2885 -

178 2903 222 2939 V.
251 2908 353 2942 1005.
380 2904 506 2951 πόληΐ,
533 2905 562 2942 Ο
588 2905 727 2951 πολΐηϊ,
755 2907 777 2940 h
805 2906 927 2951 πολιῆ.
956 2926 999 2931 -—-
1026 2907 1145 2949 παν-τί
1166 2918 1203 2941 τε
1232 2917 1304 2941 om.
1330 2905 1356 2941 f.
1383 2927 1426 2932 -—
1455 2903 1581 2954 δήμῳ,
1607 2905 1637 2941 Ο
1665 2906 1714 2941 τῶ

178 2950 295 2998 δήμω.
324 2973 367 2978 -
395 2952 438 2988 V.
468 2957 571 2989 1006.
598 2952 835 3000 προμάχοισι,
863 2953 892 2988 O
919 2950 1184 3000 προμάχαισιν.
1213 2975 1257 2980 -—
1284 2951 1393 3001 μένῃ,
1418 2951 1525 3000 μένει
1552 2955 1595 2997 Α,
1623 2952 1719 2990 ἔνι*.
