1890 3216
194 191 278 233 168
729 169 923 226 ΙΡΟΕΤΑΕ
949 188 1186 228 ELEGIACI.

290 296 466 341 Οὐδένα
497 312 564 341 πω
596 297 835 353 προῦδωκα
867 299 1003 353 φίλον
1035 295 1107 339 καὶ
1138 293 1296 339 πιστὸν
1328 295 1526 353 ἑταῖρον,

194 381 263 414 530
349 367 450 412 οὐδ’
487 369 535 412 ἐν
568 369 647 425 ἐμῇ
680 370 799 425 ψυχῇ
833 367 1018 411 δούλιον
1051 365 1186 410 οὐδὲν
1218 369 1296 410 ἔνι,

292 501 397 541 Αίεί
424 515 498 553 μοι
531 501 666 554 φίλον
698 492 805 554 ἦτορ
839 499 1046 552 ἰαίνεται,
1080 494 1234 541 ὁππότ’
1269 495 1447 541 ἀκούσω
1655 508 1722 540 521

349 568 500 612 αὐλῶν
532 573 859 626 φθεγγομένων
893 567 1156 625 ἱμερόεσσαν
1189 566 1287 612 ὅπα.

292 703 442 755 Χαίρω
477 696 517 741 δ’
554 699 751 755 ἐμπίνων
782 697 856 741 καὶ
887 695 961 741 ὑπ’
997 696 1247 755 αὐλητῆρος
1278 696 1458 754 ἀείδων,

350 773 488 827 χαίρω
522 768 562 813 δ’
598 768 860 826 εὕφθογγον
893 768 1016 826 χερσὶ
1047 768 1191 827 λύρην
1224 767 1374 825 ὀχέων.

196 912 266 944 535
295 898 362 943 Οὔ
393 915 499 944 ποτε
531 902 711 957 δουλείη
743 898 912 957 κεφαλὴ
947 902 1068 943 ἰθεῖα
1099 899 1315 956 πέφυκεν,

352 970 451 1015 ἀλλ’
488 971 574 1016 αἰεὶ
607 970 782 1028 σκολιή,
813 969 1006 1028 καύχένα
1038 968 1170 1023 λοξὸν
1202 973 1322 1027 ἔχει.>

296 1101 411 1146 Οὔτε
442 1100 527 1159 γὰρ
560 1102 607 1145 ἐκ
639 1105 818 1158 σκίλλης
849 1100 963 1156 ῥόδα
995 1099 1154 1157 φύεται
1187 1098 1286 1144 οὐδ’
1322 1098 1562 1156 ὑάκινθος,

354 1172 457 1217 οὔτε
488 1172 584 1217 ποτ’
620 1174 668 1217 ἐκ
700 1171 865 1228 δούλης
895 1173 1053 1217 τέκνον
1085 1172 1355 1229 ἐλευθέριον.

200 1329 243 1363 V.
259 1332 341 1363 529.
365 1324 505 1363 οὐδένα
525 1339 582 1361 πω
604 1326 746 1372 scripsi,
766 1327 797 1361 A
812 1322 967 1370 οὐδένα,
987 1325 1016 1361 O
1033 1322 1122 1361 ούδέ
1143 1338 1239 1369 τινα,
1259 1322 1379 1361 *οὔτε
1400 1325 1497 1361 τινά.
1532 1326 1626 1362 Aliis
1645 1327 1729 1363 fort.

201 1373 352 1435 οὐδαμοὶ
379 1388 436 1410 πω
469 1374 665 1429 placuerit.
693 1394 737 1399 —
773 1372 816 1410 V.
844 1377 924 1408 530.
958 1354 1044 1408 οὐδ’
1073 1370 1115 1408 ἐν
1145 1375 1195 1417 A,
1229 1352 1343 1408 ούδεν
1369 1373 1415 1417 O,
1448 1373 1468 1394 '¹‘
1493 1370 1575 1409 οὔτ’
1605 1371 1657 1410 ἔν.
1685 1395 1729 1400 -

202 1420 290 1470 ἐμῇ,
319 1420 403 1469 ἐμοὶ
427 1423 462 1457 h.
492 1443 534 1447 -
563 1419 732 1465 δούλιον,
759 1433 784 1455 ιι
809 1418 946 1456 δόλιον.
985 1420 1220 1456 Vocabulum
1245 1421 1403 1456 fortasse
1428 1421 1512 1456 vitii
1536 1421 1637 1457 haud
1661 1422 1731 1457 im-

201 1481 330 1512 mune,
367 1469 433 1505 sed
463 1479 657 1514 perperam
685 1468 903 1504 Heimsoeth
935 1469 1106 1503 ποικίλον
1139 1467 1288 1513 scripsit
1313 1468 1514 1504 Leutschio
1534 1469 1730 1525 probante.

203 1539 245 1544 -—-
281 1517 324 1553 V.
352 1521 432 1553 531.
465 1516 644 1560 ἰαίνεται,
677 1514 820 1551 ἰενεται
842 1515 938 1561 bfm,
972 1517 1114 1550 ἴναιται
1139 1526 1158 1550 c
1184 1526 1206 1550 a
1230 1525 1344 1550 manu
1369 1528 1441 1560 pr„
1468 1512 1670 1561 ἀγάλλεται
1695 1528 1731 1562 g.

202 1587 246 1592 —
273 1561 442 1608 ἀκούσω,
476 1563 672 1618 Emperius
698 1560 838 1599 ἀκούω.
867 1584 908 1588 -
943 1563 986 1599 V.
1014 1566 1155 1598 533—4
1180 1562 1350 1620 separavi
1375 1574 1398 1598 a
1422 1564 1660 1609 praegressis.
1687 1585 1731 1590 —

202 1609 239 1648 δ’
269 1610 435 1670 ἑμπίνων
468 1611 618 1668 scripsi,
656 1611 729 1646 nisi
760 1608 807 1656 δὴ
840 1611 960 1645 πίνων
982 1610 1120 1667 malis,
1157 1610 1246 1645 libri
1278 1607 1314 1644 δ’
1343 1604 1387 1645 εὖ
1412 1611 1549 1656 πίνων,
1583 1611 1734 1647 Brunck

203 1656 242 1695 δ’
271 1655 320 1695 αὖ
346 1672 383 1695 π.
419 1678 460 1685 —-
495 1640 636 1694 ἀείδων
661 1658 831 1714 Pierson,
856 1658 945 1693 libri
970 1654 1140 1700 ἀκούων,
1167 1657 1378 1693 emendatio
1404 1658 1631 1702 necessaria,
1657 1670 1732 1695 non

204 1708 305 1753 quod
337 1706 544 1752 praecessit
573 1705 741 1751 proxime
773 1702 923 1741 ἀκούσω
957 1705 1010 1750 (id
1041 1705 1141 1751 quod
1171 1705 1406 1750 corruptelae
1439 1717 1568 1742 ansam
1602 1686 1734 1751 dedit),

204 1766 293 1790 nam
319 1766 393 1790 non
419 1754 620 1789 coniuncta
645 1752 736 1788 olim
761 1753 910 1788 fuerunt
941 1752 1034 1788 haec
1061 1752 1239 1797 disticha,
1275 1752 1340 1788 sed
1370 1754 1523 1798 propter
1555 1754 1733 1790 orationis

206 1802 515 1845 concinnitatem,
556 1812 652 1845 quae
687 1800 876 1846 elegiacae
911 1800 1033 1846 poesis
1070 1799 1270 1845 peculiaris
1307 1800 1364 1835 est
1398 1800 1663 1845 virtus3nan1
1691 1803 1735 1837 ut

204 1851 319 1896 poeta
345 1849 530 1885 citharam
555 1848 698 1894 pulsat,
724 1847 780 1882 ita
804 1848 904 1883 idem
930 1847 1045 1883 etiam
1071 1847 1172 1882 canit
1196 1846 1349 1883 tibicine
1369 1847 1501 1883 modos
1518 1850 1734 1894 praeeunte,

204 1908 280 1933 non
305 1896 511 1933 auscultat:
544 1895 672 1941 itaque
697 1895 771 1930 iam
803 1895 949 1937 reiicio,
982 1895 1081 1939 quod
1113 1894 1202 1930 olim
1235 1894 1383 1950 scripsi,
1419 1896 1593 1940 quodque
1619 1896 1734 1932 etiam

207 1944 249 1980 Ο.
277 1943 482 1980 Schneider
503 1942 783 1997 commendavit
815 1938 880 1978 ὄπ’
910 1939 1119 1987 αὖλητῆρος
1149 1938 1310 1977 ἀκούων.
1361 1941 1498 1978 Versus
1524 1943 1736 1980 Archilochi

206 2003 286 2027 esse
311 1993 421 2037 puto,
449 1990 513 2036 qui
538 1990 680 2046 primus
705 1989 784 2025 iure
810 1990 903 2025 haec
930 1990 975 2025 de
1002 2001 1040 2025 se
1065 1989 1278 2042 praedicare
1303 1990 1467 2035 poterat:
1497 1993 1662 2026 ceterum
1688 1992 1734 2027 cf.

205 2039 346 2074 Archil.
371 2038 416 2074 fr.
441 2042 506 2073 122
533 2037 637 2087 ᾅδων
663 2034 731 2072 ὑπ
761 2034 984 2082 αὖλητῆρος,
1010 2037 1076 2072 ubi
1096 2035 1353 2072 Schneidewin
1375 2037 1734 2083 Diar.Antiq.184‘2

206 2099 243 2132 p
270 2090 338 2122 683
364 2085 488 2121 verbis
513 2074 681 2121 traiectis
707 2085 866 2120 scribere
897 2084 1033 2120 maluit
1063 2080 1128 2119 ὑπ’
1156 2080 1366 2130 αύλητῆρος
1391 2081 1548 2128 ἀείδων,
1581 2097 1678 2130 quae
1704 2085 1736 2121 si

206 2145 295 2169 vera
321 2134 419 2169 esset
444 2133 675 2189 coniectura,
708 2133 822 2167 etiam
854 2132 1026 2192 locuples
1053 2132 1256 2167 auctoritas
1282 2132 1378 2167 hanc
1403 2132 1650 2187 suspicionem
1675 2133 1734 2168 fir-

207 2183 336 2217 maret.
364 2202 408 2207 —
438 2180 483 2216 V.
510 2184 607 2216 534.
599 2176 755 2225 ὀχέων,
781 2179 935 2215 Pierson
963 2176 1100 2224 ε’λάων,
1133 2190 1202 2224 ego
1229 2177 1401 2214 δονέων
1427 2180 1585 2225 conieci,
1622 2180 1735 2226 idque

207 2229 323 2265 etiam
359 2240 457 2264 nunc
494 2229 618 2271 tueor,
654 2239 742 2263 nam
778 2228 911 2273 poetae
949 2226 1309 2284 αηὶιιιιιε,1εωιειιιιι,
1350 2227 1450 2272 quod
1486 2227 1526 2262 in
1563 2228 1734 2264 convivio

207 2276 343 2312 fidibus
375 2275 492 2319 canit,
531 2287 606 2311 non
636 2275 736 2320 quod
773 2275 895 2320 lyram
931 2275 1052 2318 tenet;
1090 2270 1208 2319 οχὲων
1248 2274 1466 2310 correctoris
1498 2276 1554 2310 est
1585 2287 1627 2310 su
1628 2275 1735 2321 pple-

206 2326 392 2368 mentum,
431 2334 515 2359 cum
552 2322 794 2358 novissimum
830 2301 1055 2358 vocabuluni
1092 2321 1349 2357 oblitteratum
1388 2324 1500 2357 esset.
1539 2323 1603 2358 sed
1635 2323 1736 2368 quod

207 2371 246 2406 in
273 2370 302 2406 Ο
335 2370 535 2406 evanidum
575 2372 630 2406 est
661 2370 903 2411 vocabulum,
940 2369 1080 2404 nullius
1110 2368 1298 2404 momenti.
1342 2369 1548 2428 Pei-peram
1574 2369 1735 2408 Leutsch

209 2418 276 2453 alii
306 2417 518 2454 trimetrum
555 2429 600 2453 ex
633 2417 830 2453 Homerico
862 2416 1023 2462 Margite
1062 2417 1170 2462 φίλῃς
1206 2414 1301 2461 ἔχων
1334 2414 1374 2451 ἐν
1407 2416 1533 2462 χερσὶν
1566 2414 1735 2462 εὔφθογ-

208 2479 276 2511 γον
307 2463 423 2511 λύρην
456 2463 638 2501 adhibent
670 2465 718 2500 ad
749 2464 928 2500 librorum
958 2463 1070 2499 fidem
1105 2463 1386 2508 stabiliendam,
1425 2464 1491 2499 ubi
1526 2464 1736 2510 rhapsodus

209 2513 462 2559 Colophonem
505 2512 629 2548 visens
671 2513 772 2548 recte
816 2512 936 2557 lyram
979 2511 1149 2547 manibus
1193 2513 1339 2557 gestare
1378 2510 1524 2548 dicitur.
1577 2512 1736 2548 Omnino

208 2526 401 2604 Leutschs
414 2561 503 2595 dum
530 2560 694 2596 studiose
718 2559 883 2604 undique
910 2558 1097 2604 conquirit
1116 2558 1270 2603 antiqua
1289 2559 1474 2604 exempla,
1501 2571 1596 2604 quae
1616 2560 1735 2595 Theo-

210 2608 292 2654 gnis
317 2588 486 2644 imitatus
512 2607 577 2652 sit,
605 2618 871 2653 saepenumero
896 2607 1048 2643 modum
1073 2606 1234 2642 excedit.
1265 2617 1387 2651 neque
1414 2607 1512 2641 enim
1537 2606 1600 2643 hic
1623 2608 1736 2652 poeta

210 2667 315 2691 servo
350 2655 582 2691 imitatorum
621 2666 750 2701 generi
786 2654 1053 2698 accensendus,
1090 2653 1155 2699 qui
1190 2652 1286 2688 nihil
1319 2653 1390 2688 sibi
1424 2653 1579 2689 fidentes
1613 2653 1737 2690 aliena

211 2703 348 2748 ubique
375 2704 581 2748 sequuntur
604 2702 776 2748 vestigia.
804 2723 847 2728 —-
875 2702 918 2738 V.
946 2705 1086 2737 535—6
1111 2700 1219 2736 affert
1243 2700 1345 2736 Stob.
1371 2701 1470 2736 LXV
1495 2704 1540 2736 36
1567 2703 1604 2737 et
1628 2701 1736 2737 Philo

210 2796 350 2833 11469.
390 2818 437 2822 —
475 2798 645 2855 δονλείη,
684 2798 814 2842 δονλίη
853 2767 1142 2840 οοΙι1,δουλείιη
1167 2795 1213 2838 Ο,
1252 2795 1356 2840 δολίη
1391 2807 1426 2841 g.
1465 2816 1507 2822 -—
1555 2794 1661 2831 ἰθεῖα
1691 2796 1736 2841 A,

152 2870 154 2872 -
210 2844 275 2879 rel.
309 2845 348 2879 et
378 2843 482 2880 Stob.
516 2842 665 2881 εὐθεῖα.
702 2866 745 2870 -—
784 2844 828 2880 V.
862 2848 982 2880 537—
993 2847 1014 2879 8
1054 2842 1224 2889 separavi
1259 2853 1282 2877 a
1317 2842 1561 2898 praegressis,
1599 2854 1631 2878 v.
1666 2847 1735 2880 537

212 2891 320 2927 affert
342 2892 472 2927 Arsen
499 2897 580 2928 397.
619 2892 784 2948 Apostol.
818 2891 907 2927 XIII
939 2896 995 2928 76.
1034 2911 1077 2917 -
1116 2891 1271 2935 σκίλλης,
1298 2887 1454 2934 σκύλλης
1477 2890 1522 2926 el.
1557 2910 1602 2916 —-
1639 2888 1736 2937 ῤ’όδα

205 2935 370 2983 φύεται,
395 2939 635 2985 participium
662 2938 854 2985 φυόμενος
878 2938 1096 2984 producitur
1120 2951 1154 2975 v.
1177 2942 1268 2973 1134
1293 2938 1332 2974 et
1353 2947 1412 2983 ap.
1433 2938 1556 2975 Solon.
1577 2942 1600 2973 4
1623 2950 1658 2975 v.
1678 2942 1736 2983 36,
