1890 3216
204 201 292 243 466
791 199 1142 235 IAMBOGRAPHI.

940 308 1006 350 14.
1619 344 1621 346 .
1668 319 1735 352 755

299 389 508 435 Τούτοισι
539 388 703 446 θήπων
733 388 839 442 τοὺς
866 375 1152 447 Ἐρυθραίων
1177 391 1340 442 παῖδας

294 460 357 519 φὴ
389 461 675 519 μητροκώτης
707 459 943 513 Βούπαλος
975 458 1061 505 σὺν
1091 457 1248 518 Ἀρήτῃ

204 593 338 628 dentur
362 591 596 637 aliquamdiu
622 590 850 627 Clazomenis
875 589 1108 626 domicilium
1140 590 1344 626 collocasse
1370 592 1519 636 atque
1508 605 1548 629 in
1573 604 1619 629 ea
1643 592 1733 630 civi-

203 641 283 675 tate
303 640 442 685 populo
456 638 706 685 Hipponactis
726 638 966 674 simulacrum
979 638 1227 695 proposuisse.
1262 638 1361 674 Olim
1375 650 1458 674 cum
1477 641 1587 677 unius
1604 640 1692 678 libri
1705 642 1735 677 B

204 687 389 732 scriptura
409 688 646 722 ΚΑΘΗΙΝΕ
669 686 905 743 innotuisset,
925 686 1070 722 correxi
1095 683 1292 727 Βούπαλός
1312 687 1387 732 (τε)
1403 684 1566 747 καθην
1577 702 1625 730 ις
1659 689 1734 726 vid.

204 734 338 770 Suidas
364 747 397 771 v
420 731 623 777 Ιππῶναξ·
746 731 887 779 γράφει
919 732 961 769 δὲ
995 731 1087 790 πρὸς
1117 731 1318 775 Βούπαλον
1351 734 1416 770 καὶ
1439 731 1595 782 ’Ἀθηνιν
1621 733 1734 782 ἄγαλ-

203 780 447 828 ματοποιούς,
470 778 528 817 ὅτι,
554 779 671 817 αυτοῦ
699 780 853 822 εἰκόνας
877 778 972 827 πρὸς
996 777 1105 827 υβριν
1132 779 1368 827 εἰργάσαντο.
1413 783 1544 819 eadem
1568 784 1737 820 Eudocia

203 843 237 875 p.
265 833 346 866 248.
371 829 464 865 Plin.
500 830 544 865 H.
572 830 617 865 N.
643 829 800 865 XXXVI
836 833 896 864 11:
931 828 1010 875 „Ac
1042 828 1176 864 deinde
1207 840 1325 875 nepos
1355 829 1579 867 Archermus
1612 831 1738 878 Chius,

204 877 307 913 cuius
333 877 402 912 filii
426 878 589 923 Bupalus
616 879 655 913 et
678 877 837 913 Athenis
860 877 921 912 vel
947 876 1174 912 clarissimi
1163 889 1203 912 111
1223 888 1267 913 ea
1285 876 1440 913 scientia
1458 878 1573 923 fuere,
1592 861 1738 926 Hippo-

202 925 321 961 nactis
335 926 469 971 poetae
483 926 618 961 aetate.
621 926 642 943 “
680 924 803 961 Schol.
820 924 933 960 Arist.
950 925 1016 960 Av.
1032 927 1119 960 574:
1137 921 1335 981 ’Ἀρχεννον
1355 925 1424 968 (ita
1443 925 1558 962 etiam
1577 938 1734 972 gramm.

204 973 323 1009 Cram.
349 974 418 1009 An.
441 973 506 1008 Ox.
534 973 587 1008 III
613 975 696 1018 366)
722 970 793 1018 γάρ
821 984 928 1019 φασι,
954 970 1020 1008 τὸν
1047 969 1247 1008 Βουπάλου
1274 972 1339 1008 καὶ
1359 969 1554 1019 Ἀθήνιὸος
1578 974 1735 1020 πατέρα.

201 1020 308 1055 Adde
345 1019 450 1056 Ovid.
478 1020 530 1056 lb.
558 1024 644 1056 523:
691 1020 760 1066 th
761 1031 806 1056 ue
831 1031 968 1066 param
998 1021 1126 1056 stabili
1155 1021 1220 1065 qai
1250 1021 1411 1056 carmine
1441 1022 1546 1058 laesit
1576 1022 1740 1058 Athenin

203 1069 358 1104 Invisus
382 1079 514 1113 pereas
544 1069 727 1112 deficiente
738 1032 840 1104 qcibo.
869 1088 913 1094 —-
939 1067 1066 1112 Brink‚
1091 1069 1130 1103 et
1153 1069 1235 1127 ipse
1261 1068 1301 1103 in
1326 1069 1492 1104 versibus
1520 1069 1736 1106 ordinandis

201 1114 367 1151 Plotium
388 1117 547 1162 secutus,
567 1115 702 1151 Philol.
725 1115 775 1151 VI
801 1120 846 1151 74
873 1113 1069 1156 Βούπαλος
1093 1115 1355 1173 κατέθνησκεν
1382 1116 1533 1175 scripsit
1558 1129 1602 1153 ac
1626 1127 1735 1163 prae—
1765 1118 1768 1120 ’

201 1166 304 1199 terea
328 1175 526 1209 perperam
552 1163 745 1199 subiunxit
762 1163 804 1199 fr.
824 1166 881 1206 55,
902 1163 1002 1198 idem
1022 1163 1137 1199 etiam
1162 1160 1362 1199 Βούπαλον
1387 1162 1609 1200 κατέκτεινα
1635 1176 1733 1200 com-

203 1211 407 1268 m5endavit.
435 1233 478 1238 ——
504 1211 735 1268 Hephaestio
761 1215 806 1246 31
833 1210 925 1246 item
950 1212 1084 1267 poetae
1108 1210 1259 1247 nomine
1284 1210 1438 1247 omisso.
1467 1209 1520 1247 Τὸ
1546 1210 1588 1248 δὲ
1615 1210 1734 1270 χωλὸν
1792 1248 1807 1263 ⁴

203 1255 247 1294 οὗ
277 1257 427 1304 δέχεται
451 1256 539 1300 τοὺς
555 1256 856 1316 ,παραλήγοντας
874 1255 1140 1315 τρισυλλαβους
1164 1255 1296 1303 πόδας,
1319 1255 1405 1295 ούτε
1433 1257 1620 1296 δακτυλον
1645 1272 1733 1295 oves

201 1307 403 1366 τρίβραχυν
429 1303 515 1342 ούτε
537 1302 798 1363 ἀνάπαιστον,
833 1302 926 1342 αλλα
954 1303 1112 1363 μαλιστα
1139 1306 1208 1363 μὲν
1235 1307 1389 1365 ἴαξιβον,
1422 1320 1484 1343 ove
1512 1307 1578 1343 καὶ
1603 1320 1736 1353 ευπρε·

201 1353 270 1395 πές
296 1351 409 1399 ἐστιν,
436 1355 485 1395 ὡς
509 1351 568 1389 τὸ·
592 1335 829 1390 ’Λκούσαθ’
863 1356 938 1389 κτλ.
966 1353 1045 1398 (ubi
1069 1350 1271 1389 ακούσασθ
1320 1355 1377 1399 A).
1402 1354 1509 1390 Adde
1543 1355 1660 1391 schol.
1685 1355 1736 1392 ib.

204 1406 283 1437 169.
336 1401 513 1444 Quamvis
539 1403 667 1438 autem
691 1402 795 1437 nullo
814 1402 897 1438 loco
917 1401 1163 1447 Hipponactis
1182 1413 1318 1437 nomen
1337 1402 1387 1437 sit
1406 1402 1589 1447 additum,
1608 1405 1736 1439 tamen

203 1451 494 1486 consentaneum
520 1451 587 1495 est,
614 1449 706 1486 artis
731 1449 908 1486 metricae
928 1448 1130 1494 magistros
1147 1461 1274 1485 versus
1292 1448 1546 1495 Hipponactei
1552 1451 1737 1509 exempla

202 1509 247 1533 ex
272 1497 344 1533 hoc
369 1497 450 1543 ipso
475 1499 600 1543 poeta,
625 1508 746 1542 neque
772 1508 861 1533 vero
886 1496 1037 1533 aliunde
1061 1496 1251 1542 petivisse.
1296 1496 1391 1532 Sane
1416 1510 1450 1533 v.
1480 1503 1498 1532 1
1525 1494 1734 1555 (ἀκούσαθ’

196 1541 462 1589 Ιππώνακτος)
495 1557 518 1580 a
551 1544 765 1581 Scholiasta
795 1544 947 1590 Aristop
950 1545 985 1581 h.
1011 1545 1110 1580 Nub.
1137 1549 1205 1580 232
1232 1545 1271 1580 et
1297 1544 1411 1580 Suida
1441 1541 1548 1581 v.013
1574 1543 1647 1591 γὰρ
1671 1546 1738 1582 tri-

201 1593 328 1628 buitur
353 1593 594 1638 Callimacho,
621 1593 721 1638 quod
745 1592 801 1628 ita
826 1557 1043 1628 concipliavit
1067 1592 1257 1635 Meineke,
1287 1593 1331 1627 ut
1356 1593 1538 1628 statueret
1564 1592 1736 1629 Callima-

203 1641 315 1676 chum
339 1640 528 1686 integrum
553 1621 799 1686 Hipponactis
826 1651 975 1676 versum
998 1640 1038 1675 in
1064 1651 1132 1675 sua
1163 1639 1330 1676 carmina
1359 1639 1614 1684 transtulisse,
1647 1641 1738 1676 satis

202 1687 449 1733 probabiliter
474 1689 601 1724 autem
628 1688 839 1733 suspicatur
866 1687 1138 1723 Callimachum
1170 1687 1360 1723 induxisse
1385 1687 1662 1733 Hipponactem
1687 1689 1734 1724 ab

202 1734 331 1771 inferis
363 1736 556 1780 reducem,
589 1737 628 1772 et
659 1735 851 1771 subiunxit
881 1735 996 1771 alium
1030 1746 1178 1771 versum
1210 1735 1432 1771 Callimachi
1463 1737 1535 1781 (ap.
1564 1736 1658 1772 Poll.
1684 1736 1737 1772 IX

203 1784 276 1827 83),
303 1782 522 1828 quibuscum
546 1795 672 1818 rursus
703 1783 912 1828 copulanda
944 1783 1134 1827 videntur,
1169 1794 1264 1828 quae
1294 1794 1340 1817 ex
1365 1782 1596 1819 Callimacho
1628 1783 1737 1819 affert

205 1830 329 1866 Schol.
355 1831 475 1876 Heph.
501 1843 537 1876 p.
565 1835 610 1866 30
638 1831 693 1868 ed.
721 1835 740 1865 2
768 1830 828 1875 (cf.
855 1830 991 1866 Iuliani
1018 1830 1077 1866 Or.
1105 1835 1150 1866 30
1177 1843 1212 1876 p.
1239 1834 1308 1866 403
1328 1829 1388 1876 D),
1413 1832 1456 1866 ut
1482 1830 1734 1866 Callimachus

203 1878 255 1912 sic
281 1889 384 1913 orsus
410 1879 474 1913 sit:

414 1945 979 1990 Ἀκούσαθ’1“ππώνακτος·οὖ
1006 1962 1078 1994 γαρ
1104 1945 1187 1984 αλλ’
1215 1944 1295 1994 ἥκω

416 1994 459 2032 ἐκ
485 1997 571 2041 τῶν,
597 1993 689 2032 ὅπου
717 1997 810 2053 βοῦν
836 1995 1018 2054 κολλύβου
1045 1994 1331 2042 πιπρήσκουσιν,

417 2042 543 2102 φέρων
570 2046 706 2102 ἴαμβον
733 2040 777 2080 ού
805 2057 928 2090 μαχην
954 2040 1133 2079 αειδοντα

416 2090 486 2137 τὴν
512 2096 760 2128 Βουπαλειον.

204 2162 257 2198 Cf.
286 2163 331 2198 de
356 2162 415 2198 his
440 2175 537 2198 nunc
565 2163 768 2199 Schneider
794 2163 941 2199 Callim.
968 2163 1003 2197 II
1028 2175 1063 2209 p.
1090 2167 1159 2198 256
1186 2164 1225 2199 et
1250 2167 1330 2199 231.

297 2211 355 2247 Fr.
384 2215 437 2247 14.
490 2210 611 2247 Schol.
644 2211 765 2247 Tzetz.
798 2211 846 2247 ad
879 2211 1069 2247 Posthom.
1102 2223 1137 2246 v.
1170 2214 1237 2247 687
1273 2210 1416 2247 editum
1449 2222 1472 2246 a
1504 2210 1658 2246 Brinkio
1690 2222 1735 2247 ex

204 2258 309 2294 codd.
336 2270 428 2294 mus.
454 2258 623 2295 Britann.
649 2259 690 2294 in
715 2258 852 2294 Philol.
879 2258 931 2294 VI
955 2271 990 2304 p.
1018 2263 1080 2294 40:
1115 2260 1265 2303 Θηπον·
1300 2256 1536 2304 ἐθαύμαζον·
1564 2271 1605 2294 το
1630 2261 1734 2305 θεμα

201 2308 315 2351 θηπω
341 2319 407 2341 και
434 2307 627 2349 Ιππωναξ·
655 2318 821 2342 τούτοισι
852 2309 990 2352 θηπων
1016 2319 1103 2347 τους
1130 2308 1359 2350 Ερυθραιων
1384 2307 1525 2347 παιδας
1550 2303 1617 2347 οὓς
1642 2318 1735 2352 φησι,

202 2354 297 2398 (cod.
330 2354 412 2389 Par.
446 2355 501 2400 φ.)
540 2367 787 2400 μητροκοιτας
824 2355 1007 2398 ζουπαλος
1045 2353 1092 2398 (A
1124 2355 1162 2389 et
1192 2354 1272 2389 cod.
1304 2354 1386 2390 Par.
1420 2351 1632 2410 Βούπαλος)
1666 2365 1734 2389 συν

202 2414 319 2447 αρητῃ
359 2414 424 2436 και
462 2404 622 2446 φελιζων
661 2402 756 2448 (cod.
788 2401 878 2440 Par.
912 2402 1047 2444 κνίζων
1090 2401 1156 2436 καὶ
1195 2402 1370 2446 φελίζων)
1407 2398 1474 2436 τὸν
1512 2402 1734 2446 δυσωνυμον

203 2462 328 2493 αρτον.
356 2470 399 2474 -
426 2449 468 2484 V.
500 2453 530 2485 1.
555 2447 609 2494 θή
613 2463 706 2493 πων,
731 2438 829 2484 hanc
854 2449 958 2484 verbi
983 2448 1145 2494 speciem
1170 2449 1229 2484 Et.
1250 2449 1299 2484 M.
1327 2448 1475 2494 saepius
1499 2447 1733 2493 testificatur,

202 2496 374 2540 quamvis
400 2497 515 2532 etiam
539 2495 700 2542 θηπέων
733 2495 846 2532 scribi
870 2496 991 2541 possit
1022 2496 1084 2532 vel
1107 2498 1161 2541 θη
1164 2497 1263 2541 πῶν,
1295 2495 1341 2531 cf.
1367 2496 1547 2542 Hesych.:
1582 2496 1733 2541 θηπῶν,

204 2542 414 2600 ἐξαπατῶν,
433 2543 677 2601 κολακεύων,
702 2541 931 2600 θαυμάζων,
957 2543 1023 2578 ubi
1047 2543 1193 2579 Alberti
1217 2524 1356 2588 θήπων
1381 2543 1562 2600 praefert,
1593 2543 1658 2579 sed
1682 2543 1732 2579 ib.

203 2588 393 2637 θηπητής·
420 2588 608 2628 απατεών.
630 2613 674 2618 --
695 2592 732 2628 V
759 2596 792 2626 2.
813 2589 867 2637 φὴ
893 2587 1131 2637 μητροκώτης
1157 2591 1287 2636 scripsi
1303 2602 1380 2648 pro
1407 2587 1456 2631 ὡς
1481 2602 1574 2636 φησι
1597 2603 1732 2636 μητρο-

203 2652 342 2684 κοιτας,
369 2651 452 2675 cum
477 2640 686 2685 particulae
713 2637 767 2685 φὴ
793 2638 983 2714 adscripta
1008 2639 1105 2675 esset
1137 2638 1264 2684 glossa
1290 2635 1355 2684 ὡς,
1380 2638 1466 2674 inde
1492 2639 1594 2674 ortus
1620 2649 1731 2674 error.

205 2769 418 2814 Smyrnaei,
451 2781 610 2814 quorum
642 2769 835 2806 civitatem
859 2768 1063 2805 Alexandri
1073 2779 1313 2810 successores
1338 2768 1595 2813 restituerant,
1621 2769 1663 2803 ut
1687 2779 1732 2804 ea

204 2818 327 2852 aetate
353 2828 433 2852 mos
459 2817 550 2863 fuit,
578 2817 691 2852 etiam
716 2817 901 2852 Fortunae
925 2817 1108 2863 templum
1134 2817 1444 2852 consecraverunt
1474 2817 1512 2851 et
1543 2826 1628 2850 cum
1658 2817 1732 2851 stu-

204 2862 308 2916 duiose
334 2864 489 2909 antiqua
514 2865 604 2900 artis
624 2866 867 2900 monumenta
885 2864 1050 2909 undique
1069 2866 1352 2910 congregarent,
1372 2863 1462 2899 deae
1482 2863 1606 2898 nescio
1626 2863 1731 2898 cuius

203 2910 351 2955 signum
382 2922 404 2945 a
439 2912 582 2957 Bupalo
615 2912 707 2948 olim
741 2912 881 2948 factum
916 2914 954 2948 et
987 2913 1077 2948 tunc
1111 2912 1308 2958 Smyrnam
1343 2911 1587 2955 translatum,
1622 2910 1662 2945 in
1687 2921 1731 2946 eo

202 2959 342 3003 templo
369 2958 635 2995 dedicaverunt
658 2961 698 2995 et
721 2959 923 2996 Fortunam
948 2960 1244 3006 appellaverunt,
1270 2970 1344 3005 quo
1363 2958 1443 2994 iure
1461 2957 1625 2994 viderint
1651 2957 1730 3024 alii.
