1890 3216
686 198 1205 238 PSEUDOPHOCYLIDEA.
1657 204 1714 245 85

244 303 346 364 μήτ’
381 303 556 351 ἀδικεῖν
590 307 785 363 ἐθέλοις,
817 306 918 366 μήτ’
955 303 1040 354 οὖν
1071 307 1343 363 ἀδικοῦντας
1375 309 1519 368 ἐάσῃς.

181 410 186 413 -
242 380 401 439 πτωχῷ
434 377 477 424 δ’
513 377 631 424 εὐθὺ
663 382 816 437 δίδου,
848 378 953 438 μηδ’
989 379 1152 439 αὔριον
1184 382 1373 439 ἐλθέμεν
1405 387 1540 442 εἴπῃς.
1669 397 1713 428 20

241 449 481 508 πληρώσας
512 451 587 496 σέο
620 450 731 511 χεῖρ’
769 454 896 498 ἔλεον
928 452 1134 512 χρῄζοντι
1166 453 1412 512 παράσχου.

169 594 344 627 κρυπτων
378 578 492 629 λόγον
529 580 571 620 ἐν
607 583 741 630 φρεσὶν
776 586 858 633 ἴψῃ.
910 584 1083 622 Ceterum
1116 586 1161 622 de
1194 585 1358 622 Graecae
1390 587 1514 632 gentis
1546 588 1713 624 moribus

169 628 267 666 iusto
291 629 459 676 iniquius
485 631 628 668 iudicat
652 632 816 679 Bernays
841 646 877 679 p.
899 633 981 669 XII:
1008 632 1207 670 immemor
1226 635 1309 670 erat
1326 634 1611 671 Homericorum
1633 648 1711 672 ver·

170 684 277 714 s'uum
300 674 463 725 Ἐχθρὸς
487 677 559 726 γάρ
586 693 649 726 μοι
674 685 800 723 κεῖνος
825 681 1060 727 aliorumque
1081 681 1119 717 id
1137 692 1272 728 genus:
1299 694 1367 718 nec
1393 682 1558 719 debebat
1583 684 1712 720 Iudae-

171 737 278 762 orum
304 728 579 764 contumaciam
606 740 650 765 ac
675 729 927 776 pervicaciam
953 729 1069 765 tantis
1102 729 1317 776 praedicare
1350 730 1541 777 laudibus,
1573 732 1712 779 quippe

167 785 265 820 quae
290 775 582 821 haudquaquam
609 776 779 813 fraudem
805 778 872 813 aut
896 777 1132 814 mendacium
1157 779 1360 824 aspernata
1384 778 1443 816 sit.
1471 799 1514 805 —
1542 780 1711 826 Demque

169 821 195 859 S
220 821 283 858 hic
308 822 354 859 de
381 835 448 860 suo
474 824 597 861 addit:

265 891 499 942 ὀρφανικοῖς,
525 892 660 943 χήραις
684 894 947 944 ἐπιδεομένοις
973 896 1015 934 δὲ
1042 894 1239 944 παράσχου

167 979 279 1014 quem
306 979 452 1004 versum
482 968 622 1005 rectius
681 970 742 1006 ost
772 981 807 1006 v.
837 973 879 1006 19
912 969 1139 1006 inseruisset.
1167 991 1211 996 —
1245 970 1290 1006 V.
1317 974 1374 1006 21.
1406 972 1583 1017 repetunt
1613 972 1710 1008 BPH

166 1015 266 1052 infra
290 1017 380 1053 ante
405 1029 440 1052 v.
463 1020 542 1055 132.
570 1038 612 1044 —
662 1017 793 1059 θέλοις
812 1018 901 1053 BV2
928 1018 957 1053 P
976 1018 1086 1064 infra,
1114 1015 1300 1066 ἐθελήσῃς
1325 1018 1394 1063 V3‚
1422 1018 1532 1055 ἔθελε
1555 1019 1596 1064 Ρ,
1623 1017 1712 1057 ἐθέ-

166 1067 233 1112 λῃς
258 1063 498 1100 SMabMA13
524 1066 649 1112 vulgo,
677 1063 824 1107 ἐθέλεις
849 1066 917 1111 Α2,
953 1063 1092 1113 ἐθέλῃς
1117 1066 1186 1112 Va,
1219 1058 1331 1103 ἐθέλς
1357 1067 1391 1102 Η
1429 1068 1589 1113 utroque
1627 1069 1710 1105 loco

167 1112 192 1148 i.
218 1123 250 1150 e.
278 1109 417 1159 ἐθέλῃς
441 1115 527 1161 (ῃς),
554 1125 649 1159 quae
675 1113 883 1159 antiquitus
914 1114 1054 1150 tradita
1086 1114 1201 1150 fuisse
1233 1114 1382 1150 videtur
1415 1115 1615 1162 scriptura,
1647 1117 1711 1153 sed

166 1157 1594 1248 tl„⁰3¹35233?“ffiriissa‘i{fflffliissffriffimo’ffssfi623⁰‘itagfssss‘fiaiiimissssiss
1621 1165 1713 1248 ¹35}ss

169 1253 356 1304 ἐθελήσῃς
387 1238 524 1303 (eiect’a
555 1258 691 1294 vocula
722 1252 808 1304 οὖν)
842 1260 1092 1295 correxerunt.
1142 1223 1335 1295 Elei-maim
1365 1258 1405 1294 in
1440 1258 1573 1306 Opusc.
1600 1240 1617 1295 i
1643 1264 1711 1296 279

166 1305 265 1341 hanc
291 1306 585 1342 controversiam
611 1306 812 1352 expediens
844 1306 924 1343 iure
957 1306 1153 1342 contendit
1182 1318 1230 1343 ne
1261 1307 1301 1342 in
1332 1307 1404 1344 hoc
1436 1307 1587 1354 quidem
1619 1319 1708 1353 poe-

167 1354 269 1389 mate
304 1353 488 1390 eiusmodi
525 1355 751 1390 structuram
790 1366 870 1391 esse
905 1355 1116 1400 ferendam,
1147 1354 1276 1401 itaque
1312 1355 1525 1401 optativum
1561 1352 1712 1397 ἐθέλοις

166 1400 345 1447 restituit,
372 1413 484 1447 quem
510 1402 584 1438 duo
610 1402 698 1438 libri
723 1404 858 1448 postea
884 1403 1184 1448 suppeditavere.
1237 1403 1335 1439 Nam
1368 1405 1411 1438 ut
1440 1403 1502 1439 hic
1537 1403 1592 1440 ita
1623 1403 1709 1440 aliis

165 1448 270 1495 locis,
297 1460 457 1494 quorum
483 1450 614 1486 eadem
642 1450 700 1486 est
725 1451 904 1495 conditio,
930 1450 1018 1486 libri
1043 1451 1239 1496 fluctuant,
1264 1464 1329 1498 ῃς,
1357 1464 1429 1496 οις,
1457 1464 1511 1492 εις
1536 1451 1711 1488 exhiben-

165 1497 242 1534 tes:
267 1496 390 1534 obfuit
416 1500 567 1544 praeter
591 1510 747 1544 pravam
773 1498 1065 1544 Byzantinorum
1096 1498 1291 1534 hominum
1323 1499 1592 1545 pronuntiandi
1624 1511 1711 1536 con-

165 1545 402 1582 suetudinem
427 1545 543 1582 etiam
570 1546 874 1592 compendiorum
905 1559 1003 1592 usus,
1031 1558 1126 1592 quae
1153 1547 1268 1583 errori
1293 1547 1457 1583 obnoxia
1476 1558 1557 1583 esse
1577 1548 1710 1594 solent,

167 1593 273 1630 velut
297 1593 337 1629 in
356 1593 391 1628 H
411 1607 455 1640 ῃς
474 1595 549 1642 (ῃς)
576 1596 667 1630 nota
692 1583 719 1639 ς,
754 1607 808 1635 εις
831 1596 922 1631 nota
949 1584 986 1612 99
1010 1594 1241 1641 insignitum.
1291 1595 1476 1641 Equidem
1495 1595 1710 1632 Hermanno

166 1642 319 1678 auctore
344 1641 484 1687 ubique
510 1643 721 1688 optativum
746 1643 955 1688 praesentis
988 1642 1138 1679 restitui
1163 1643 1269 1679 libris
1294 1643 1354 1678 vel
1380 1643 1510 1689 paucis
1536 1643 1598 1679 vel
1629 1644 1710 1689 plu-

165 1688 269 1726 ribus
302 1689 583 1735 addicentibus,
617 1690 732 1727 etiam
757 1702 790 1726 v.
821 1695 888 1727 183
921 1692 1081 1737 φθείροι
1112 1691 1261 1737 scripsi,
1295 1690 1445 1727 etiamsi
1476 1690 1530 1727 ibi
1563 1692 1706 1739 φθείρῃ

164 1737 284 1784 possis
303 1738 413 1784 tueri,
441 1738 472 1774 si
498 1738 719 1784 scriptorem
745 1739 897 1784 aoristo,
930 1751 1041 1785 quam
1067 1739 1257 1785 praesenti
1282 1738 1339 1775 uti
1365 1739 1543 1775 maluisse
1570 1751 1706 1776 sumas„

164 1784 225 1822 Ad
250 1786 411 1835 eundem
441 1786 595 1823 modum
622 1786 661 1822 in
688 1786 914 1824 Naumachii
940 1788 1114 1834 poemate
1147 1798 1206 1834 ap.
1240 1787 1341 1823 Stob.
1369 1786 1521 1823 LXXIV
1548 1792 1567 1823 7
1600 1799 1634 1824 v.
1661 1791 1707 1824 58

164 1831 215 1881 μὴ
243 1832 343 1881 ἔχοις
368 1835 460 1880 (var.
486 1835 511 1871 l.
539 1833 627 1881 ἔχῃς
652 1836 692 1871 et
718 1833 829 1881 ἔχεις)
855 1835 1007 1881 legitur.
1059 1835 1132 1871 Sed
1159 1835 1319 1882 optativi
1338 1847 1425 1871 usus
1445 1835 1546 1881 apud
1565 1837 1707 1871 utrum-

165 1894 239 1928 que
264 1883 484 1929 scriptorem
510 1883 625 1919 latius
650 1885 767 1930 patet,
794 1882 982 1929 siquidem
1011 1880 1060 1930 μὴ
1081 1884 1181 1929 quod
1208 1885 1266 1919 est
1290 1884 1453 1920 vetantis
1479 1883 1594 1919 etiam
1624 1895 1706 1919 cum

165 1929 337 1977 optativo
362 1931 493 1968 aoristi
517 1931 698 1977 iungunt,
725 1932 830 1968 velut
856 1933 915 1968 est
938 1933 978 1968 in
1003 1932 1075 1968 hoc
1106 1933 1280 1978 poemate
1306 1943 1338 1967 v.
1369 1936 1436 1967 122
1461 1932 1706 1977 λυσσωθείης,

163 1991 197 2015 v.
227 1983 291 2015 181
327 1980 489 2026 μιγείης,
531 1992 563 2015 v.
598 1983 665 2016 198
690 1980 830 2026 ·μ,ιγείῃ
866 1981 957 2026 (var.
994 1980 1018 2016 l.
1053 1981 1225 2026 μιγῆναι)
1263 1981 1302 2015 et
1337 1991 1395 2026 ap.
1431 1979 1708 2015 Naumachium

163 2038 198 2062 v.
225 2030 271 2063 53
298 2025 440 2073 δέξαιο,
465 2040 499 2064 v.
519 2031 567 2064 55
589 2024 829 2074 ἕταιρίσσαιο.
882 2028 1016 2073 quibus
1036 2027 1128 2064 locis
1146 2039 1274 2063 versus
1294 2024 1357 2063 lex'
1382 2028 1593 2073 optativum
1614 2028 1706 2063 satis

164 2075 308 2111 tuetur:
334 2077 449 2120 atque
474 2075 562 2112 huic
594 2075 812 2112 necessitati
843 2077 1018 2122 parentes
1050 2076 1226 2111 videntur
1257 2075 1297 2111 hi
1328 2076 1462 2121 poetae
1494 2076 1705 2121 optativum
1778 2098 1789 2109 .

163 2122 295 2159 aoristi
319 2123 526 2168 admisisse,
551 2135 640 2160 nam
659 2137 693 2161 v.
717 2127 784 2160 185
805 2124 986 2160 librorum
1013 2135 1214 2161 consensus
1241 2121 1379 2172 βάλῃαι
1399 2124 1528 2169 (vulgo
1549 2121 1707 2168 βάλοιο),

162 2170 256 2206 item
294 2183 329 2207 v.
358 2175 426 2208 187
460 2168 591 2208 ἐλθεῖν
623 2173 732 2218 (unus
764 2172 861 2208 liber
896 2171 1038 2217 ἔλθοις)
1077 2174 1116 2208 et
1147 2184 1180 2208 v.
1209 2176 1277 2208 206
1315 2170 1430 2219 ἔλθῃς
1468 2175 1576 2216 (unus
1612 2171 1707 2206 liber

165 2216 293 2261 ἔλθοις
317 2221 360 2255 ut
384 2219 515 2266 vulgo)
539 2220 682 2256 tuetur:
709 2233 804 2256 unus
828 2222 949 2257 restat
974 2233 1007 2257 v.
1032 2223 1096 2256 191
1125 2216 1351 2266 μιμήσαιντο
1376 2219 1442 2255 ubi
1467 2220 1615 2263 praeter
1642 2230 1703 2254 ne-

164 2266 378 2303 cessitatem
405 2267 596 2314 optativus
622 2268 774 2314 legitur,
801 2280 922 2314 neque
947 2270 1078 2304 tamen
1103 2267 1232 2304 invitis
1259 2268 1430 2303 omnibus
1461 2266 1568 2302 libris
1594 2263 1705 2312 μιμή-

163 2326 303 2351 σωνται
334 2315 561 2352 substituere
593 2316 723 2352 ausim.
774 2316 890 2353 Plane
922 2316 1175 2363 segregandus
1205 2328 1239 2351 v.
1275 2319 1319 2352 85
1353 2312 1609 2360 ἐκπρολίποις,
1641 2315 1705 2350 ubi

163 2361 353 2399 Hermann
377 2363 504 2400 nescio
531 2375 606 2410 quo
632 2375 755 2401 errore
782 2362 1010 2412 ἐκπρολίπῃς
1035 2364 1210 2410 requirit,
1244 2375 1330 2399 nam
1364 2364 1422 2399 est
1452 2362 1554 2398 aiens
1587 2374 1701 2398 enun-

163 2409 310 2447 tiatum.
363 2411 471 2455 Quod
497 2412 528 2448 si
559 2412 641 2458 quis
667 2413 835 2459 argutias
868 2414 1025 2458 captans
1057 2411 1311 2456 admonuerit,
1343 2411 1541 2446 modorum
1574 2410 1703 2446 discri-

104 2483 108 2488 -
163 2457 268 2494 mina
291 2459 584 2505 haudquaquam
611 2471 689 2497 esse
714 2461 954 2507 negligenda,
975 2460 1150 2505 equidem
1170 2459 1356 2496 contendo
1377 2459 1435 2494 his
1456 2458 1702 2505 scriptoribus

164 2506 376 2552 optativum
402 2508 462 2544 vel
487 2507 704 2554 imperativi
728 2509 790 2544 vel
815 2507 1045 2544 coniunctivi
1070 2519 1151 2544 esse
1184 2507 1386 2544 vicarium:
1419 2518 1506 2542 nam
1540 2506 1604 2551 qui
1631 2506 1704 2541 sin-

164 2554 254 2599 gula
292 2555 465 2602 exempla
502 2555 704 2602 diligenter
749 2556 1038 2595 examinaverit,
1083 2555 1274 2601 intelliget
1316 2553 1366 2600 μὴ
1405 2566 1488 2590 eum
1533 2554 1704 2599 optativo

163 2602 332 2638 iunctum
346 2614 427 2639 esse
442 2603 616 2649 vetantis,
637 2616 712 2641 non
733 2605 906 2650 optantis.
927 2625 974 2630 ——
995 2597 1063 2639 οὖν
1084 2615 1155 2639 om.
1177 2603 1240 2638 Ma
1253 2603 1287 2638 H
1306 2603 1405 2638 infra
1423 2600 1702 2658 MV‚134S(LB‘)·

164 2671 208 2676 —-
235 2646 467 2693 ἀδικοῦντας
499 2651 648 2698 scripsi,
683 2665 716 2688 v.
744 2651 973 2697 ἀδικοῦντα,
1006 2651 1072 2686 ΗΡ
1098 2650 1196 2686 infra
1220 2650 1278 2686 V4
1304 2647 1486 2685 ἄδικοῦντ
1508 2677 1515 2684 .
1567 2648 1702 2701 Melius

164 2708 253 2734 sane
285 2699 510 2745 scripsisset:
543 2696 630 2747 μήτ’
665 2697 815 2736 ἀδικεῖν
849 2696 1000 2740 ἐθέλοις
1032 2695 1147 2740 αὐτὸς
1184 2695 1272 2744 μήτ’
1305 2695 1417 2733 ἄλλον
1458 2693 1581 2742 ἐάσῃς.
1631 2695 1703 2731 H1c

163 2757 312 2792 quoque
338 2758 466 2783 versus
500 2748 819 2793 quemadmodum
845 2747 910 2793 qui
940 2746 1150 2793 praecedit,
1183 2746 1230 2781 ab
1257 2746 1328 2782 hoc
1359 2746 1442 2780 loco
1469 2743 1630 2786 alienus,
1658 2754 1701 2779 ac

162 2794 364 2830 delendum
390 2797 545 2832 censent
574 2796 794 2841 Bernhardy
820 2798 858 2831 et
892 2795 1041 2830 Goram.
1076 2815 1120 2820 —
1157 2793 1199 2829 V.
1226 2797 1283 2828 22.
1321 2789 1439 2835 εὐθὺ,
1474 2791 1701 2826 MaA123Va

162 2841 202 2877 M
226 2853 250 2878 a
273 2854 328 2889 pr.
355 2855 403 2878 m.
427 2843 483 2879 V4
508 2840 639 2885 εὐθύς.
667 2865 711 2869 -
738 2839 842 2889 μηδ’,
863 2842 920 2878 Va
946 2839 995 2888 μὴ
1024 2840 1075 2886 δ’,
1101 2841 1131 2876 Β
1156 2837 1261 2887 μήδ’,
1286 2854 1336 2886 μῃ
1363 2840 1456 2885 Mpr.
1485 2860 1528 2864 —-
1556 2838 1580 2874 S
1606 2852 1700 2874 πτω-

164 2893 244 2934 χοῖς
269 2887 369 2926 εὐθὺ
401 2892 435 2927 ὃ.
463 2888 550 2937 μήτ’
583 2895 659 2928 κτλ.
710 2891 853 2927 Deinde
891 2889 955 2926 Mb
994 2886 1084 2925 ἐλθέ
1122 2901 1195 2934 μοι.
1229 2909 1273 2914 --
1306 2888 1350 2924 V.
1377 2891 1422 2922 23
1455 2898 1527 2922 om.
1559 2886 1627 2921 Vs.
1655 2907 1699 2942 '—

165 2935 364 2983 πληρώσας
388 2935 547 2975 HAle
572 2950 664 2975 corr.
691 2941 734 2975 ut
758 2938 884 2984 vulgo,
910 2934 1117 2983 πληρώσεις
1142 2936 1222 2979 ΜΒ,
1248 2932 1435 2982 πληρώσει
1460 2935 1527 2979 Α2,
1553 2937 1697 2980 πληρω-

167 2996 247 3021 σειν
272 2985 348 3032 Va,
380 2984 577 3033 πλήρωσον
602 2987 672 3025 V4.
699 3007 740 3013 ——
772 2985 896 3032 ἔλεον,
930 2982 1058 3026 ἐλέους
1081 2984 1149 3021 Vl.
1201 2984 1303 3020 Fort.
1329 2982 1530 3029 legendum
1557 2979 1695 3019 ἐλέου.
