1890 3216
810 176 1163 215 ARcmLocHUS.
1674 178 1761 240 3⁵⁴9

860 289 930 332 21.
962 288 1021 343 [9.
1054 289 1111 342 3.]
1693 299 1761 332 689

635 369 747 417 ’Ἠδε
779 370 821 416 δ’
857 369 962 418 ὥστ’
998 370 1111 417 ὄνου
1143 370 1270 429 ῥάχις

288 443 470 501 ἔστηκεν
503 440 612 501 ὕλης
644 442 803 502 ἀγρίης
836 442 1090 502 ἐπιστεφής·

287 511 342 559 οὐ
374 514 460 572 γάρ
492 532 534 559 τι
564 515 699 569 καλὸς
730 518 874 575 χῶρος
907 513 1005 561 οὐδ’
1041 516 1252 573 ἐφίμερος

287 583 386 631 οὐδ’
423 586 599 646 ἐρατός,
632 583 727 641 οἷος
760 585 876 646 ἀμφὶ
910 591 1069 646 Σίριος
1101 586 1220 645 ῥοάς.

950 685 1020 728 22.

287 770 381 811 Καί
408 764 456 824 μ’
494 765 590 811 οὔτ’
627 766 804 825 ἰάμβων
837 765 940 812 οὔτε
971 753 1234 825 τερπωλέων
1266 767 1400 824 μέλει.

951 865 1019 907 23.

289 944 448 1005 Ψυχὰς
479 949 654 1006 ἔχοντες
685 946 895 1004 κυμάτων
928 947 977 991 ἐν
1009 934 1253 1003 ἀγκάλαιςῇ

274 1107 278 1114 2
687 1029 712 1048 ’
874 1044 944 1087 24.
978 1043 1085 1098 [15]
1686 1057 1756 1089 690

283 1127 375 1172 Καὶ
408 1125 464 1185 δὴ
492 1123 724 1185 ’πίκουρος
755 1123 867 1170 ὥστε
899 1124 1001 1183 Κὰρ
1032 1125 1316 1184 κεκλήσομαι.

307 1283 367 1320 Fr.
393 1287 450 1319 21.
502 1282 685 1320 Coniunxi
723 1281 798 1318 duo
835 1281 1049 1339 fragmenta
1086 1282 1125 1317 in
1163 1294 1289 1318 unum.
1340 1281 1385 1318 V.
1414 1287 1431 1318 1
1461 1285 1499 1320 et
1524 1287 1545 1319 2
1580 1285 1756 1330 leguntur

208 1331 310 1379 apud
334 1331 435 1367 Plut.
461 1331 507 1367 de
533 1330 618 1367 exil.
646 1342 675 1366 c.
704 1333 769 1365 12:
808 1332 989 1375 καθαπερ
1015 1325 1266 1375 Ἀρχίλοχος
1291 1330 1357 1376 τῆς
1384 1328 1513 1367 Θάσου
1539 1329 1585 1367 τὰ
1611 1345 1755 1379 καρπο-

208 1376 313 1427 φόρα
338 1379 404 1415 καὶ
429 1375 615 1415 οἰνόπεδα
645 1377 824 1424 παρορῶν
857 1374 922 1414 διὰ
954 1374 996 1413 τὸ
1024 1374 1141 1423 τραχὺ
1174 1377 1239 1413 καὶ
1271 1373 1473 1425 ἀνώμαλον
1507 1378 1658 1428 διέβαλε
1684 1378 1755 1426 τὴν

207 1428 345 1474 νῆσον,
371 1424 507 1463 εἰπών·
536 1423 640 1462 Ἧδε
668 1429 744 1462 κτλ.
770 1423 905 1471 ἀγρίης
930 1425 1079 1471 scripsi,
1106 1438 1140 1461 v.
1168 1422 1316 1472 ἀγριάς.
1345 1447 1388 1452 -
1415 1427 1459 1462 V.
1487 1432 1507 1462 3
1535 1429 1573 1463 et
1598 1431 1621 1463 4
1645 1427 1755 1464 affert

208 1476 345 1512 Athen.
371 1475 442 1511 XII
469 1478 537 1511 523
558 1474 609 1510 Dz
647 1474 714 1510 καὶ
741 1469 993 1519 Ἀρχίλοχος
1025 1468 1063 1508 δ’
1093 1470 1112 1508 ὁ
1139 1470 1299 1519 ποιητὴς
1328 1470 1649 1522 ὑπερτεθαύμακε
1684 1473 1754 1522 τὴν

207 1522 334 1570 χώραν
359 1523 434 1559 τῶν
461 1522 623 1569 Σιριτῶν
650 1518 715 1557 διά
741 1518 810 1566 τὴν
837 1518 1102 1568 εὐδαιμονίαν·
1138 1521 1227 1567 περὶ
1257 1522 1352 1567 γοῦν
1383 1523 1451 1568 τῆς
1477 1520 1607 1560 Θάσου
1634 1522 1753 1570 λέγων

211 1570 262 1613 ῶς
286 1567 448 1618 ἥσσονός
472 1582 606 1616 φησιν·
635 1566 699 1606 Οὔ
723 1567 809 1615 γάρ
829 1571 903 1605 κτλ.
945 1566 1153 1616 ὠνομάσθη
1174 1566 1214 1605 δ’
1235 1566 1258 1614 ἡ
1280 1571 1406 1615 Σῖρις,
1433 1567 1483 1611 ῶς
1501 1567 1571 1616 μὲν
1595 1569 1755 1618 Τίμαιός

208 1630 301 1665 φησι
332 1618 398 1655 καὶ
424 1615 636 1664 Εὐριπίδης
668 1614 710 1654 ἐν
738 1615 950 1664 Δεσμώτιδι
983 1618 1215 1665 Μελανίππῃ
1247 1614 1324 1653 ἀπὸ
1353 1616 1535 1664 γυναικός
1560 1632 1661 1661 τινος
1686 1622 1753 1655 Σί-

207 1669 331 1713 ριδος,
369 1663 420 1708 ῶς
444 1663 484 1702 δ’
518 1662 721 1712 Ἀρχίλοχος
753 1666 889 1711 φησίν,
920 1661 997 1701 ἀπὸ
1024 1666 1207 1711 ποταμοῦ.
1242 1686 1287 1692 -
1319 1666 1363 1702 V.
1392 1670 1423 1702 3.
1458 1663 1654 1713 ἐφίμερος,
1689 1665 1752 1703 ε’π-

208 1716 336 1761 ίμερος
355 1714 627 1751 Schneidewin.
649 1734 692 1739 -
719 1713 764 1749 V.
785 1718 807 1749 4
832 1713 927 1749 alios
953 1712 1090 1759 legisse
1113 1709 1215 1759 ἄμφ’
1240 1709 1392 1759 Ἀκίριος
1412 1711 1504 1760 ῥὀάς
1530 1717 1690 1761 apparet
1709 1727 1753 1751 ex

206 1762 387 1810 Hesychii
411 1762 556 1808 glossa:
591 1757 698 1808 Ἀμφ’
725 1758 878 1805 Ἀκίριος
909 1758 1018 1807 ρ’ὀάς·
1047 1758 1182 1807 ’Ἀκιρις
1206 1758 1385 1807 ποταμός.
1414 1761 1457 1798 ef.
1486 1762 1582 1799 Plin.
1608 1762 1662 1798 III
1688 1767 1751 1799 97:

206 1810 416 1857 „Similiter
447 1812 504 1846 est
534 1809 632 1845 inter
659 1808 757 1845 sitin
789 1809 829 1845 et
853 1807 982 1845 Acirin
1007 1809 1199 1854 Heraclia,
1232 1809 1435 1855 aliquando
1463 1809 1555 1846 Siris
1580 1812 1751 1847 voeataf‘

207 1858 342 1896 Strabo
368 1857 422 1894 VI
442 1862 532 1894 264:
553 1853 796 1903 εΗροὶκλειοι
821 1853 928 1898 πόλις
954 1854 1088 1903 μικρὸν
1114 1853 1210 1902 ὑπὲρ
1236 1857 1303 1902 τῆς
1327 1854 1520 1903 θαλάττης
1545 1858 1611 1894 καὶ
1636 1871 1750 1895 ποτα-

207 1905 271 1952 μοὶ
296 1902 366 1942 δύο
391 1905 531 1942 πλωτοὶ
548 1902 684 1951 ’Ἀκιρις
708 1904 772 1940 καὶ
798 1907 914 1948 Σῖρις.
943 1906 982 1941 et
1006 1904 1098 1940 Tab.
1126 1905 1273 1941 Heracl.
1300 1915 1359 1951 ap.
1387 1905 1540 1942 Boeckh
1566 1905 1604 1943 C.
1635 1907 1749 1943 Inscr.

207 1954 269 1991 Gr.
295 1954 350 1990 III
375 1957 481 1990 5774.
509 1959 541 1989 5.
591 1953 701 1999 Apud
740 1951 905 1988 Statium
940 1952 1029 1989 Silv.
1056 1952 1091 1988 II
1118 1957 1156 1997 6,
1184 1956 1230 1988 64
1262 1952 1418 1999 Madvig
1449 1953 1630 1990 Lucanus
1661 1956 1752 1992 Acis

207 2002 270 2039 vel
293 2001 404 2040 Actis
428 2001 625 2038 restituere
651 2000 788 2045 voluit,
815 2000 880 2036 sed
906 2000 1083 2037 mendum
1109 2000 1352 2036 manifestum
1378 2011 1453 2036 non
1479 2002 1642 2039 sustulit.

302 2048 361 2086 Fr.
382 2053 438 2085 22.
484 2049 636 2085 Tzetzes
662 2060 721 2094 ap.
749 2048 988 2094 Mati-angam
1013 2047 1154 2084 Anecd.
1175 2052 1262 2084 216:
1290 2049 1364 2084 Καὶ
1390 2047 1491 2084 τότε
1520 2049 1585 2085 καὶ
1613 2048 1750 2098 βραχύ-

208 2110 342 2143 χρονος
368 2094 469 2132 εἶναι
493 2097 543 2145 τῷ
572 2097 640 2145 βίῳ
666 2094 809 2142 μέλλων
829 2098 949 2132 Ποιεῖ
967 2092 1062 2142 ὅπερ
1086 2095 1151 2131 καὶ
1177 2092 1334 2142 ὕστερον
1358 2092 1561 2143 Ἀρχίλοχος
1587 2094 1750 2139 ἐκεῖνος·

209 2145 322 2190 Σφῆς
345 2140 518 2189 ἀδελφῆς
542 2142 615 2190 γὰρ
642 2141 803 2189 σύζυγον
828 2142 1012 2190 πνιγέντα
1036 2144 1080 2191 τῇ
1107 2140 1282 2190 θαλάσσῃ
1309 2145 1545 2189 Περιπαθῶς
1571 2141 1750 2191 ὠδύρετο,

208 2189 373 2239 γράφειν
398 2189 448 2238 μὴ
473 2190 601 2228 θέλων
622 2186 728 2236 ὅλως,
754 2190 885 2237 Λέγων
912 2189 1024 2235 πρὸς
1049 2189 1156 2233 τοὺς
1183 2188 1431 2240 βιάζοντας
1455 2190 1750 2239 συγγράμμα-

207 2253 279 2275 σιν
313 2237 581 2286 ἒγκύπτειν·
622 2240 714 2274 Καί
748 2235 790 2285 μ’
823 2235 916 2275 οὔτ’
952 2236 1127 2287 ἰάμβων
1167 2236 1271 2275 οὔτε
1306 2239 1576 2285 τερπωλέων
1607 2239 1749 2286 μέλει.

202 2284 265 2329 Ὡς
290 2285 333 2323 δὲ
360 2283 538 2333 δακρύων
564 2285 728 2333 κέκμηκε
756 2284 878 2333 μάτην
905 2284 1051 2333 εἰρήκει
1081 2284 1190 2322 τάδε·
1231 2283 1331 2323 Οὔτε
1358 2300 1394 2322 τι
1418 2290 1559 2323 κλαίων
1585 2286 1750 2335 ἰήσομαι,

207 2333 297 2372 οὔτε
323 2348 360 2370 τι
384 2332 521 2370 κάκιον
543 2332 674 2380 Θήσω,
699 2331 891 2379 τερπωλὰς
916 2337 982 2370 καὶ
1006 2332 1171 2371 θάλειαν
1199 2331 1370 2380 ἐφέπων·
1397 2335 1475 2371 Καὶ
1493 2336 1588 2372 ταῦτ
1631 2334 1749 2372 εἰπών

209 2380 399 2430 ἐξώρμησε
436 2379 530 2428 πρὸς
567 2379 636 2428 τὴν
674 2374 858 2418 πλάτειαν
897 2383 1036 2431 τρίβον.
1087 2382 1230 2418 Iniuria
1262 2381 1524 2419 Schneidewin
1558 2395 1581 2420 a
1613 2384 1749 2420 Tzetze

208 2442 357 2468 versum
381 2430 510 2466 fictum
537 2441 618 2466 esse
644 2431 779 2465 censet.

294 2479 362 2514 Fr.
390 2482 446 2535 233.
499 2478 622 2533 §chol-
653 2477 768 2534 'Arist
795 2477 888 2515 Rau.
917 2481 1002 2535 7021:
1041 2475 1299 2536 uvndvmp‚§v
1338 2474 1540 2536 ἀγκάλαις·
1580 2479 1750 2536 ιζίδυμός

208 2539 302 2611 ἔῑῖῗ
322 2539 458 2610 ἶᾶἕὲἕι
470 2523 1082 2610 ἲῖιῖἔῗὲῗέἶὶιεῖσῖἒιῗέωέᾞὲ
1104 2528 1619 2609 ῗέεῗῖἶηέἕὲζλὲχῗεωῖἷυέἔ
1627 2541 1648 2609 ἶ
1673 2530 1747 2620 ἶζῖἷὶ

207 2625 293 2658 λων
318 2619 446 2668 ψυχὰς
472 2651 479 2658 .
504 2649 511 2657 .
534 2650 542 2656 .
570 2618 611 2657 ἐν
638 2617 814 2668 ἀγκάλῃς.

301 2670 360 2705 Fr.
388 2673 445 2705 24.
490 2668 615 2705 Schol.
640 2668 736 2704 Plat.
763 2681 799 2714 p.
826 2672 912 2704 322:
941 2668 1016 2703 Καὶ
1042 2665 1082 2704 τὸ
1110 2665 1201 2713 παρ’
1225 2665 1374 2716 Ὁμήρῳ
1402 2666 1449 2705 ἐν
1477 2666 1615 2714 καρὸς
1641 2670 1746 2718 αἴσῃ

210 2717 268 2763 (ΙΙ.
296 2732 309 2753 ι
328 2719 412 2763 378)
440 2714 482 2753 ἐν
508 2717 558 2765 τῶ
584 2714 737 2761 τυχόντι
762 2714 862 2757 τινὲς
887 2712 1079 2752 ἀκούουσι.
1120 2715 1323 2762 Μέμνηται
1349 2713 1387 2751 δ’
1415 2712 1535 2762 αὐτῆς
1557 2714 1744 2763 Ἀρχίλο·

207 2777 284 2811 χος
308 2763 447 2811 λέγων·
483 2764 571 2800 Καὶ
598 2762 650 2810 δὴ
678 2766 752 2799 κτλ.
786 2763 880 2799 adde
907 2763 1029 2799 schol.
1057 2764 1098 2799 11.
1126 2777 1138 2798 ι
1164 2767 1233 2800 378
1260 2763 1324 2799 ubi
1350 2763 1521 2810 exponit,
1558 2765 1746 2810 quomodo

210 2812 457 2849 Archilochus
474 2811 630 2848 Homeri
650 2811 758 2847 illum
783 2812 910 2847 locum
928 2811 1174 2847 intellexerit:
1202 2812 1266 2846 τίω
1288 2810 1331 2847 δέ
1352 2825 1416 2857 μιν
1437 2809 1478 2847 ἐν
1499 2809 1627 2858 Καρὸς
1645 2813 1745 2871 αἴσῃ.
1768 2818 1787 2834 ”

207 2857 284 2895 ἀπὸ
317 2860 390 2896 τῶν
423 2859 578 2906 Καρῶν,
618 2855 684 2900 οὓς
715 2855 776 2895 ἀεὶ
808 2860 979 2904 λοιδορεῖ
1004 2856 1024 2895 ὁ
1058 2856 1234 2917 ποιητής,
1273 2857 1354 2895 οἷον
1388 2856 1430 2895 ἐν
1462 2860 1575 2909 μοίρᾳ
1608 2863 1745 2906 Καρος,

209 2905 329 2943 οἷονεὶ
354 2904 492 2943 δούλου
519 2935 527 2943 .
551 2937 557 2944 .
580 2934 587 2942 .
611 2903 813 2953 Ἀρχίλοχος
845 2905 888 2943 δὲ
915 2907 1078 2953 τιμῶμαι
1104 2903 1222 2942 αὐτον
1250 2904 1292 2942 ἐν
1318 2903 1559 2953 μισθοφόρου
1585 2907 1651 2944 καὶ
1676 2908 1743 2944 τοῦ

210 2953 387 3001 τυχόντος
411 2951 639 3003 στρατιώτου
668 2955 791 3004 μοίρᾳ.
