1890 3216
201 191 257 231 80
734 188 928 227 ΡΟΕΤΑΕ
953 187 1189 228 ELEGIAOI.

203 316 324 354 gorae
356 306 480 357 χρυσᾶ
512 303 586 356 ἔπη
619 304 796 343 continet
826 304 899 342 hoc
931 316 1091 343 carmen
1121 305 1190 344 fol.
1225 303 1428 352 ‘leb—81
1440 319 1480 356 a,
1510 307 1599 345 tum
1628 306 1731 346 inse-

201 372 378 420 quuntur
409 371 529 422 στίχοι
561 364 744 426 σϊβύλλὰς
768 371 836 421 τῆς
867 367 1082 424 ἐρυθραίας
1112 368 1199 422 περὶ
1224 372 1293 410 τοῦ
1319 371 1459 423 κυρίου
1484 367 1597 423 ἡμῶν
1621 369 1731 424 ἕχον-

198 450 258 483 τες
295 432 544 489 ἆκροστιχίδα
582 432 719 488 τήνδεε
764 435 901 487 ἰησοῦς
938 430 1089 487 χριστὸς
1125 438 1226 475 θεοῦ
1266 432 1353 484 υἱὸς
1389 432 1515 489 σωτὴρ
1555 432 1731 489 σταυρός.

201 503 312 541 cuius
344 502 524 541 vaticinii
561 503 714 552 primus
745 514 886 541 versus
920 502 981 538 est
1012 495 1187 553 Ἱδρώσει
1223 497 1298 554 γὰρ
1328 498 1440 554 χθὼν
1470 503 1631 554 κρίσεως
1663 513 1732 554 ση-

199 570 310 617 μεῖον
329 562 386 606 ὅτ’
409 565 527 618 ἔσται,
546 567 788 607 novissimus
808 562 858 617 σῆ
880 565 902 615 ῥ
927 559 1040 616 ἡμῶν
1060 561 1154 619 (hoc
1173 562 1368 621 deletum)
1397 563 1598 615 ἀθάνατος
1622 568 1733 620 βασι-

198 627 286 678 λεὺς
324 626 344 671 ὅ
385 628 532 672 παθὼν
569 628 668 684 ἕνεχ’
708 627 833 684 ἡμῶν.
882 630 972 669 vide
1011 628 1124 671 Orac.
1164 631 1305 682 Sibyll.
1336 632 1435 671 VIII
1467 634 1732 683 217—2503

199 698 398 736 consentit
428 700 565 737 autem
595 699 658 737 hic
690 698 813 736 codex
843 697 927 735 fere
958 707 1048 733 cum
1073 697 1247 747 antiquis
1273 698 1532 749 editionibus3
1565 710 1731 738 secun·
1745 703 1815 736 455

199 762 297 800 dum'
325 757 430 817 (A2)
469 764 579 803 codd.
617 763 756 802 Ambr.
788 761 883 800 D15
925 774 1010 811 sup.
1048 761 1178 800 forma
1217 764 1262 814 4,
1301 764 1471 802 chartac.
1514 775 1613 805 saec.
1645 763 1732 812 XV,

197 828 295 866 item
326 841 374 867 ex
405 829 520 868 libris
552 829 584 868 I.
616 828 663 868 V.
695 827 859 878 Pinelli,
897 827 966 877 qui
1001 829 1163 876 praeter
1194 828 1431 880 Hesiodum,
1470 829 1624 868 Solonis
1656 829 1733 868 ele-

198 894 307 943 giam
346 894 416 945 IV,
447 894 698 934 Democratis
738 893 975 942 sententias,
1013 892 1270 943 Pythagorae
1306 896 1430 947 χρυσᾶ
1468 893 1560 946 ἔπη,
1607 894 1732 932 Theo-

199 959 332 1009 gnidis
374 959 542 1010 elegias,
585 958 761 1009 Gorgiae
799 957 997 996 Helenam
1034 941 1152 1012 (21st
1191 956 1323 1011 ἕλε’νης
1360 954 1572 1013 ἐγκώμιον)
1613 959 1734 998 etiam

125 1026 128 1029 ”
201 1025 446 1076 Phocylidea
478 1025 670 1073 continet,
710 1023 780 1063 sed.
811 1026 873 1062 est
902 1022 1005 1062 liber
1035 1025 1289 1074 proletarius,
1330 1038 1452 1076 quare
1485 1025 1735 1064 Studemund

203 1090 300 1129 satis
339 1090 481 1129 habuit
517 1103 643 1141 usque
681 1089 731 1128 ad
767 1103 804 1128 v.
837 1090 893 1128 50
931 1089 1128 1139 conferre,
1167 1091 1350 1141 deinceps
1388 1091 1538 1141 passim
1575 1091 1735 1129 tantum

201 1155 392 1206 inspexit3
430 1156 631 1195 tertium
670 1150 782 1208 (A3)
821 1153 931 1193 codd.
971 1153 1108 1193 Ambr.
1141 1156 1174 1193 B
1209 1157 1261 1195 52
1302 1169 1387 1206 sup.
1427 1157 1598 1195 chartac.
1631 1169 1734 1197 saec.

202 1220 315 1270 XVI,
348 1221 482 1271 quarti
512 1217 661 1260 ordinis
686 1222 816 1260 forma
846 1220 1015 1270 minore,
1049 1220 1115 1270 qui
1148 1221 1325 1261 continet
1357 1222 1527 1261 Babriae
1564 1222 1735 1273 fabulas,

202 1299 370 1336 gnomas
404 1299 451 1325 ex
488 1287 610 1327 variis
642 1286 771 1336 poetis
804 1286 1008 1335 collectas,
1051 1284 1212 1326 Catonis
1251 1286 1439 1338 disticha,
1477 1287 1734 1337 Pseudopho-

205 1351 373 1401 cylidea,
405 1352 664 1403 Pythagorae
690 1363 831 1391 versus
857 1362 1010 1401 aureos,
1041 1351 1550 1403 Batrachomyomachiam,
1581 1351 1736 1391 Musaei

203 1429 363 1455 carmen
395 1417 443 1456 de
483 1417 590 1456 Hero
624 1422 665 1455 et
696 1416 898 1464 Leandro,
935 1416 1139 1466 Euripidis
1176 1417 1394 1457 Hecubam.
1456 1418 1578 1457 Liber
1608 1416 1736 1467 prole-

203 1483 348 1533 tarius,
389 1483 559 1521 contulit
596 1482 845 1522 Studemund
882 1481 1041 1520 initium
1078 1483 1282 1533 carminis,
1320 1483 1461 1522 deinde
1492 1483 1643 1532 passim
1678 1482 1736 1520 in—

204 1547 344 1597 spexit.
395 1548 611 1587 Praeterea
636 1547 935 1586 Mutinenses
962 1546 1061 1586 duos
1087 1548 1186 1587 item
1206 1548 1376 1588 contulit
1395 1561 1442 1587 ex
1459 1540 1576 1598 parte
1597 1546 1736 1586 Stude-

202 1613 342 1664 mund,
375 1614 588 1663 prio'rem
610 1608 671 1666 (M
680 1608 721 1665 a)
741 1612 782 1650 II
801 1612 836 1650 D
859 1613 912 1650 15
935 1612 1106 1653 chartac.
1136 1614 1204 1654 fol.
1224 1614 1318 1652 min.
1341 1614 1488 1653 saeculi
1506 1611 1757 1652 XV—XVI*

202 1679 521 1730 miscellaneum,
553 1680 645 1728 post
672 1673 846 1728 Ὀρφέως
876 1679 1042 1728 ποιητοῦ
1063 1673 1345 1730 Ἀργοναυτικά
1376 1675 1563 1731 (quorum
1594 1679 1637 1716 in
1659 1678 1737 1717 fine

203 1744 354 1793 legitur
385 1741 490 1791 τέλος
522 1745 590 1783 τοῦ
623 1739 910 1797 ἆργοναυτικοῦ
943 1740 1061 1791 [corr.
1098 1745 1176 1782 τῶν
1207 1739 1520 1796 ἆργοναυτικῶν]
1553 1740 1739 1797 γεώργιος

204 1803 225 1847 ὃ
268 1804 417 1848 oswino:
458 1807 576 1859 [corr.
614 1805 777 1861 βάλλοις]
817 1807 1070 1855 πλακεντίνος
1109 1807 1179 1858 [m.
1221 1822 1250 1848 s,
1290 1807 1393 1859 ῖνος]
1434 1808 1582 1862 ἔγραψε
1621 1808 1738 1859 [corr.

207 1870 414 1926 ἔξέγραψε]
455 1875 609 1925 legitur
649 1873 804 1912 Solonis
850 1873 981 1923 elegia
1017 1872 1094 1923 IV,
1139 1887 1259 1924 quam
1302 1875 1447 1925 excipit
1480 1874 1738 1914 Φωκυλλίδου

200 1938 374 1990 ποίημα,
413 1939 532 1978 finem
570 1940 666 1979 facit
701 1939 883 1977 Platonis
921 1938 1144 1991 Epinomis3
1198 1941 1408 1979 alterum
1447 1935 1557 1994 (Mb)
1596 1939 1637 1978 ΙΙ
1675 1940 1735 1979 Β7

204 2004 375 2043 chartac.
409 2017 509 2045 saec.
540 2004 770 2042 XV-XVI
800 2004 917 2042 form.
950 2005 993 2053 8,
1026 2007 1094 2054 qui
1123 2005 1248 2045 nitide
1281 2006 1453 2056 scriptus
1483 2008 1578 2055 post
1608 2018 1739 2056 gram-

205 2069 341 2108 matici
378 2071 606 2120 argumenti
649 2068 979 2109 commentarium
1016 2065 1217 2121 ἀκέφαλον
1260 2071 1438 2110 continet
1483 2070 1740 2118 Φωκυλίδους

204 2135 361 2186 ποίησις
392 2131 497 2174 πάνυ
530 2131 742 2188 ὠφέλιμοςε
774 2131 821 2174 τὰ
852 2131 1040 2187 λεγόμενα
1070 2132 1235 2189 ἆργυρᾶ.
1285 2150 1372 2175 cum
1407 2137 1553 2187 glossis
1589 2136 1739 2175 nullius

204 2203 407 2240 momenti.
459 2202 668 2240 Postremo
700 2202 742 2239 in
771 2201 846 2239 hac
877 2202 1022 2251 quarta
1053 2202 1226 2240 editione
1264 2215 1361 2241 usus
1400 2215 1488 2241 sum
1528 2201 1739 2240 collatione

205 2268 348 2306 codicis
373 2267 679 2317 Heidelberg
691 2267 820 2305 ensis
843 2261 930 2320 (H),
963 2266 1047 2304 cod.
1074 2266 1202 2305 Palat.
1230 2265 1367 2306 Graec.
1394 2268 1449 2306 43
1475 2280 1513 2316 p.
1541 2266 1738 2314 83—85,

206 2333 317 2371 cuius
356 2335 475 2372 antea
512 2332 625 2382 copia
661 2333 770 2371 facta
807 2344 888 2373 non
926 2332 1030 2382 erat3
1076 2344 1174 2381 quas
1208 2332 1399 2371 lectiones
1437 2330 1739 2382 religiosissime

207 2401 390 2447 enotatas
416 2401 598 2448 acceptas
625 2399 755 2437 refero
782 2397 961 2437 comitati
985 2396 1182 2435 Alfredi
1213 2397 1425 2436 Holderi.
1450 2418 1502 2424 —
1529 2395 1738 2435 Lectiones

207 2464 460 2503 oraculorum
493 2463 781 2513 Sibyllinorum
812 2462 951 2502 notavi
980 2462 1118 2501 littera
1144 2462 1170 2500 S
1202 2465 1243 2501 et
1269 2462 1453 2501 cancellis
1485 2462 1631 2500 additis
1663 2461 1739 2500 lec-

206 2531 336 2569 tiones
368 2530 492 2568 trium
525 2529 704 2568 codicum
735 2542 759 2567 a
784 2527 1024 2567 Friedliebio
1057 2529 1312 2577 collatorum,
1346 2528 1413 2578 qui
1444 2528 1519 2567 soli
1550 2528 1622 2565 hos
1653 2539 1738 2566 ver-

209 2608 276 2635 sus
310 2595 515 2644 exhibent,
543 2594 647 2632 FLR
678 2594 838 2633 subieci.
1622 2596 1626 2599 '

329 2659 518 2699 Ceterum
548 2659 723 2709 plurima
753 2659 834 2698 alia
859 2659 1093 2709 apographa
1118 2658 1236 2697 huius
1263 2658 1447 2698 carminis
1474 2658 1623 2706 extant,
1654 2657 1737 2707 qui-

207 2727 283 2765 bus
314 2738 394 2764 non
424 2725 538 2764 licuit
575 2725 654 2773 uti,
693 2737 794 2775 quae
825 2725 998 2763 fortasse
1036 2724 1106 2763 alii
1136 2724 1400 2773 adhibebunt,
1437 2723 1549 2762 velut
1585 2722 1738 2762 codices

208 2792 308 2830 duos
327 2791 675 2842 Vindobonenses,
708 2802 806 2840 quos
839 2790 888 2829 ad
920 2804 955 2830 v.
981 2793 1001 2828 1
1038 2789 1267 2840 significavi,
1298 2780 1395 2827 item
1427 2787 1739 2837 Neapolitanum

210 2853 330 2908 (sign.
363 2856 394 2895 Ι.
430 2857 477 2895 Ε.
511 2853 584 2909 22)
631 2855 779 2896 saeculi
818 2858 862 2894 ut
906 2855 1065 2895 videtur
1101 2855 1217 2905 XIII,
1263 2866 1382 2904 quam
1421 2842 1653 2907 Bachn'iann
1688 2852 1739 2891 ad

210 2921 514 2971 Lycophronem
547 2921 835 2961 emendandum
868 2921 1069 2971 adhibuit3
1101 2921 1254 2959 librarii
1281 2920 1379 2958 fides
1412 2932 1501 2958 cum
1526 2919 1567 2957 in
1593 2919 1740 2958 descri-
