1890 3216
814 180 1073 219 THEOGNIS.
1631 181 1717 222 219

292 290 542 350 Ὀφθαλμοὶ
572 292 646 336 καὶ
678 293 859 349 γλῶσσα
891 290 966 335 καὶ
998 288 1139 335 οὔατα
1171 289 1245 335 καὶ
1277 288 1385 343 νόος
1416 287 1599 348 ἀνδρῶν

355 365 404 410 ἐν
435 364 584 424 μέσσῳ
616 363 822 422 στηθέων
854 364 903 409 ἐν
934 371 1138 435 συνετοϊς
1169 361 1342 420 φύεται.

177 484 268 518 1165
299 477 401 526 Τοῖς
432 470 626 530 ἀγαθοῖς
657 471 899 530 σύμμισγε,
929 479 1107 515 κακοῖσι
1139 470 1189 516 δὲ
1219 470 1279 529 μή
1312 468 1420 515 ποθ’
1458 468 1663 529 ὁμάρτει,

355 538 446 589 εὖτ’
482 540 540 588 ἂν
573 541 689 589 ὁδοῦ
717 546 874 603 στέλλῃ
906 540 1083 602 τέρματ’
1120 541 1190 587 ἐπ’
1224 543 1455 601 ἐμπορίην.

176 664 312 702 vitiata
337 676 380 700 ac
407 675 518 700 sensu
544 675 666 707 cassa,
699 663 738 699 id
763 662 864 709 quod
890 662 1110 710 planissime
1134 660 1380 721 καθατήσειν
1398 663 1542 720 arguit3
1579 662 1720 699 etenim

176 711 344 760 repperit
380 708 595 758 καταθήσει
625 676 787 747 παισὶν(1
795 708 940 757 ἀμείνω
973 710 1049 755 (vel
1080 710 1188 746 παισὶ
1226 708 1441 756 καταθήσει
1478 708 1641 758 ἀμείνω,
1680 712 1723 747 ut

175 772 288 820 supra
313 761 378 796 AO
406 760 616 806 exhibent);
649 761 757 804 haee,
797 770 892 805 quae
926 757 1011 795 vitii
1042 758 1225 795 immunia
1261 761 1364 803 sunt,
1400 771 1485 795 cum
1518 740 1719 806 refingeret

175 805 335 868 ἄμεινον
368 808 553 852 scribens,
585 806 743 844 retinuit
773 806 901 853 inepte
931 806 1118 850 futurum,
1155 818 1229 843 non
1260 817 1373 843 ausus
1398 809 1630 843 καταθεῖναι
1661 807 1721 842 vel

174 855 423 893 καταθέσθαι
446 835 607 892 scrib'ere
632 856 676 891 ut
701 855 912 901 oportebat.
964 853 1004 890 Si
1037 834 1126 899 quid
1160 854 1271 891 video
1302 854 1548 891 novissimum
1573 856 1721 891 tantum

175 905 331 941 verbum
362 903 591 958 pentametri
622 902 755 939 vitium
790 903 1045 946 contraxerat,
1077 902 1142 938 ubi
1175 913 1250 938 non
1284 902 1434 949 ἕπεται,
1467 902 1532 939 sed
1560 904 1724 938 ΔΙΔΟΤ

176 952 237 989 vel
268 953 437 988 ΛΙΔΩΣ
465 950 663 997 scriptum3
702 949 848 986 scilicet
883 949 922 986 in
961 949 1167 996 archetypo
1203 949 1291 986 huic
1326 950 1487 986 disticho
1523 950 1723 986 subiuncta

177 1000 250 1036 fnit
273 1000 350 1036 alia
374 999 526 1045 ecloga,
558 1009 655 1044 quae
680 997 758 1034 iam
786 1008 864 1034 non
890 998 1011 1042 extat,
1044 997 1149 1034 cuius
1182 998 1398 1034 hexameter
1424 998 1540 1034 verbo
1565 999 1727 1034 ΑῙΔΟΤ

176 1048 238 1084 vel
276 1048 439 1083 ΑΙΔΩΣ
473 1046 747 1083 terminabatur
785 1045 1049 1106 (probabiliter
1087 1037 1294 1103 suspicaris
1323 1046 1384 1082 hic
1422 1045 1604 1104 repetitos
1643 1057 1723 1082 esse

177 1108 209 1132 v.
233 1098 345 1132 635-
353 1099 373 1131 6
401 1091 566 1141 ἀνδράσι
584 1098 662 1135 τοῖς
687 1090 854 1140 ἀγαθοῖς
880 1092 1011 1130 ’ἕπεται
1036 1106 1166 1140 γνωμη
1186 1107 1224 1130 τε
1252 1093 1317 1129 καὶ
1343 1091 1463 1150 αἰδῴς
1487 1095 1596 1140 κτλη)
1622 1094 1723 1139 quod

175 1143 331 1180 verbum
356 1155 440 1179 cum
461 1154 499 1179 se
518 1142 786 1178 insinuavisset
811 1141 851 1177 in
875 1141 1002 1178 locum
1027 1141 1172 1178 verbi
1153 1155 1286 1178 επεται
1309 1155 1341 1179 v.
1371 1142 1504 1188 prioris
1532 1141 1724 1188 (similiter

175 1193 340 1228 erratum
372 1191 412 1227 in
437 1191 470 1226 A
495 1203 528 1227 v.
553 1194 623 1227 408
655 1189 721 1226 ubi
750 1200 819 1235 pro
852 1188 981 1235 ἔτυχες
1013 1190 1085 1225 scri
1113 1191 1195 1226 tum
1227 1203 1406 1237 ειαμεινω
1432 1189 1587 1226 librario
1613 1190 1662 1226 ad
1688 1203 1721 1226 v.

176 1239 387 1286 proximum
414 1239 636 1284 deerrante),
662 1240 784 1274 visum
817 1239 874 1274 est
900 1239 1010 1274 δίδου
1043 1249 1088 1274 ve
1130 1239 1244 1279 δίδως
1276 1249 1368 1275 esse.
1420 1237 1509 1274 Inde
1536 1239 1723 1274 corrector

177 1287 268 1324 satis
293 1287 427 1323 inscite
452 1285 578 1323 officio
604 1297 672 1323 suo
697 1286 848 1322 functus
874 1285 1041 1332 scripsit:

392 1343 534 1382 οὐδένα
559 1343 760 1403 θησαυρὸν
781 1343 1080 1404 καταθήσειν
1104 1346 1235 1382 παισὶν
1261 1342 1473 1392 ἄμεινον·

465 1393 677 1430 αἰτοῦσιν
704 1391 742 1429 δ’
767 1390 934 1439 ἀγαθοῖς
958 1390 1139 1440 ἀνδράσι,
1165 1391 1304 1440 Κύρνε,
1331 1395 1453 1430 δίδου

177 1454 282 1491 Hanc
309 1453 596 1499 correctionem,
624 1465 736 1500 quam
758 1452 924 1508 omnium
945 1453 1119 1490 ordinum
1143 1452 1233 1496 libri
1252 1454 1423 1498 tuentur,
1451 1454 1527 1490 alte
1553 1455 1722 1500 repeten-

177 1503 264 1539 dam
291 1514 372 1539 esse
399 1504 568 1557 apparet.
612 1501 737 1538 Aliam
763 1500 1018 1538 recensionem
1039 1501 1208 1547 sequitur
1227 1501 1423 1547 Stobaeus,
1451 1502 1516 1547 qui
1536 1501 1657 1537 XXXI
1679 1506 1722 1537 16

179 1551 348 1597 eclogam
376 1550 531 1587 exhibet
554 1550 595 1585 in
619 1550 719 1599 hunc
745 1549 897 1585 modum
923 1549 1205 1586 concinnatam:

393 1607 535 1646 οὐδένα
558 1606 760 1667 θησαυρὸν
786 1606 1029 1668 καταθήσεαι
1055 1607 1168 1646 ἔνδον
1194 1606 1338 1656 ἀμείνω

464 1657 615 1703 αἰδοῦς,
640 1653 688 1704 ἣν
715 1653 882 1703 ἀγαθοῖς
905 1654 1086 1703 ἀνδράσι,
1112 1655 1251 1703 Κύρνε,
1277 1659 1400 1699 δίδως.

177 1717 249 1754 Hic
280 1717 432 1764 quidem
465 1718 655 1755 corrector
679 1716 876 1763 aliquanto
901 1717 1037 1753 melius
1061 1728 1140 1753 rem
1167 1717 1463 1762 administravit3
1498 1729 1581 1753 cum
1607 1730 1723 1753 κατα-

176 1763 320 1812 θήσεαι
351 1765 483 1802 παισὶν
520 1766 766 1812 repperisset,
804 1767 847 1801 ut
880 1776 1009 1801 versus
1046 1777 1202 1802 numero
1239 1765 1489 1812 prospiceret,
1527 1776 1724 1811 perperam

178 1812 293 1851 ἔνδον
314 1812 532 1859 substituit,
565 1813 631 1850 sed
663 1812 815 1859 αἰδοῦς,
848 1813 950 1859 quod
975 1813 1071 1850 alter
1097 1816 1284 1850 corrector
1308 1816 1450 1850 temere
1476 1812 1724 1857 oblitteravit,

178 1861 383 1917 prudenter
414 1860 588 1905 retinnit,
626 1861 715 1897 hinc
748 1860 949 1906 Stobaeus,
989 1861 1049 1897 vel
1087 1862 1214 1907 potius
1253 1862 1483 1909 eclogarius,
1521 1860 1626 1896 cuius
1657 1861 1723 1896 ille

178 1909 298 1956 copiis
325 1921 411 1946 usus
437 1911 506 1954 est,
533 1909 705 1955 eclogam
730 1909 887 1946 inseruit
912 1909 1031 1955 capiti
1056 1909 1142 1955 περὶ
1161 1909 1306 1951 αἰδοῦς.
1347 1909 1421 1946 Sed
1448 1920 1543 1954 quae
1564 1921 1722 1954 sequun-

177 1958 239 1993 tur
263 1958 394 2013 inepta
425 1960 527 2000 sunt,
562 1969 683 2004 neque
709 1957 810 1994 enim
836 1968 969 2003 graece
995 1957 1133 1994 dicitur
1158 1956 1254 1994 αἰδῶ
1281 1955 1454 2004 διδόναι,
1491 1956 1558 1993 sed
1582 1955 1724 2003 νέμειν,

177 2006 278 2052 quod
298 2004 450 2051 quidem
470 2005 520 2042 ab
539 2005 610 2042 hoc
629 2006 713 2042 loco
734 2005 897 2041 alienum
918 2004 1139 2050 (Nietzschii
1164 2017 1283 2052 nugas
1309 2004 1408 2041 nihil
1427 2005 1585 2050 moror),-
1603 2015 1724 2050 neque

177 2053 356 2090 credibile
398 2053 574 2100 imperite
613 2055 860 2090 correctorem
904 2052 1001 2089 αἰδῶ
1042 2052 1334 2108 interpretatum
1372 2065 1452 2090 esse
1488 2053 1723 2098 beneficium,

178 2101 281 2147 quod
311 2100 490 2137 tribuitur
521 2101 735 2138 hominibus
769 2100 947 2158 αἰδοί,οις
981 2100 1082 2158 quod
1115 2112 1138 2136 a
1169 2101 1347 2138 sermonis
1380 2114 1448 2137 usu
1480 2112 1632 2147 prorsus
1658 2101 1723 2136 ab·

178 2149 315 2185 horret.
372 2148 580 2205 Scripserat
615 2149 681 2185 ille
697 2145 773 2207 ἢν
811 2129 978 2194 ἀγαθοῖς
1022 2145 1205 2195 ἀνδράσι,
1244 2146 1390 2195 Κύρνε,
1427 2150 1568 2196 δίδως
1612 2148 1724 2194 (unde

178 2195 326 2232 librarii
350 2197 508 2243 proclivi
533 2208 655 2233 errore
681 2192 730 2242 ἣν
758 2225 765 2232 .
828 2197 975 2242 δίδως),
1010 2196 1047 2231 h.
1074 2207 1106 2233 e.
1132 2197 1164 2251 si
1196 2197 1303 2233 bonis
1335 2197 1425 2233 viris
1454 2197 1548 2232 bene
1580 2196 1724 2240 feceris,

178 2247 266 2281 tuae
291 2243 559 2281 existimationi
583 2243 717 2281 melius
743 2225 930 2288 consules,
963 2255 1077 2290 quam
1111 2244 1142 2280 si
1173 2255 1264 2291 opes
1298 2244 1480 2281 maximas
1514 2243 1637 2291 colleg
1638 2244 1723 2280 eris.

179 2292 300 2339 Igitur
324 2292 385 2328 hic
411 2302 559 2338 quoque
585 2294 772 2329 corrector
796 2271 1067 2328 liberalitatem
1093 2303 1184 2338 erga
1208 2293 1351 2329 alienos
1377 2257 1637 2336 commendatg,
1659 2293 1724 2338 qui

178 2351 379 2376 consensus
403 2352 480 2376 non
504 2341 561 2376 est
583 2339 797 2385 offensioni,
823 2352 907 2376 cum
927 2341 1086 2386 uterque
1105 2340 1243 2376 veteris
1268 2340 1466 2387 paradosis
1486 2340 1723 2386 corruptelae

178 2389 288 2424 δίδου
318 2389 462 2433 (δίδως)
494 2387 607 2424 fidem
637 2388 820 2424 habentes
850 2388 974 2424 locum
1005 2387 1232 2425 refinxerint.
1282 2388 1414 2443 Irritus
1446 2389 1495 2425 M.
1523 2387 1723 2424 Schmidtii

178 2435 302 2479 labor,
333 2436 398 2481 qui
430 2435 600 2482 vestigiis
631 2435 935 2482 interpolationis
960 2447 1019 2481 ap.
1047 2435 1150 2472 Stob.
1177 2436 1353 2473 insistens
1379 2436 1418 2471 in
1443 2437 1542 2472 hunc
1568 2437 1720 2471 modum

107 2494 111 2499 ·
178 2482 422 2540 Theognidea
446 2483 706 2543 interpolavit:
732 2484 963 2530 μηδεμίαν
989 2483 1129 2519 πᾶσιν
1156 2483 1193 2528 (i.
1216 2495 1246 2520 e.
1268 2485 1413 2530 κτῆσιν)
1441 2487 1579 2519 καταθ.
1609 2482 1722 2519 ἐνδον

179 2527 323 2577 ἀμείνω
356 2530 506 2577 αἰδοῦς,
538 2544 586 2578 ην
613 2559 650 2569 ..
707 2533 838 2575 δίδως,
870 2531 967 2567 nihil
998 2541 1130 2568 curans
1155 2542 1352 2578 germanos
1384 2543 1514 2568 versus
1541 2535 1658 2567 409-
1667 2536 1722 2576 10,

180 2591 264 2615 cum
301 2581 431 2615 παισὶν
466 2579 618 2616 omnino
655 2580 826 2625 ineptum
858 2590 939 2614 esse
971 2579 1186 2616 contendat.
1226 2600 1271 2606 -—
1307 2580 1398 2616 Post
1428 2592 1461 2615 v
1492 2582 1582 2615 1162
1618 2590 1723 2624 repe-

179 2627 266 2662 tunt
291 2627 396 2663 codd.
423 2639 457 2664 v.
483 2631 608 2664 441—
617 2632 649 2664 6.
682 2648 730 2654 —-
769 2627 810 2662 V.
840 2631 985 2662 1163-
993 2631 1016 2662 4
1047 2626 1157 2663 affert
1183 2626 1448 2664 Stob.1111s.
1483 2646 1526 2652 -
1564 2627 1724 2685 γλῶσσα,

181 2673 212 2710 Ο
237 2673 322 2712 fort.
349 2675 522 2720 γλῶσσαι.
562 2696 608 2703 -
646 2672 816 2721 ἀνδρῶν,
844 2674 947 2710 Stob.
980 2670 1130 2719 ἀνδρὸς.
1165 2695 1209 2701 ·—
1243 2675 1287 2712 V.
1316 2678 1418 2711 1164.
1454 2672 1595 2722 μέσσῳ,
1622 2672 1721 2720 μέσοι

180 2722 243 2759 Ιιιι.
278 2742 326 2749 -
349 2688 539 2769 Ὑστηθέων
569 2722 603 2758 A
637 2689 756 2766 διοδρ,
793 2722 812 2744 *
833 2722 997 2767 στηθῶν.
1041 2742 1086 2748 —-
1125 2720 1166 2758 ἐν
1205 2724 1256 2769 (ιιι
1291 2719 1351 2766 οὗ)
1391 2726 1580 2765 συνετοῖς,
1620 2721 1723 2758 Stob.

181 2766 400 2815 εὖξύνετος,
431 2771 530 2807 unde
555 2771 673 2818 possis
700 2767 914 2813 εὐξυνέτοις
944 2769 1128 2806 coniicere
1162 2770 1262 2815 quod
1294 2770 1438 2816 recepit
1464 2770 1649 2815 Hartung.
1677 2791 1722 2797 -—

180 2817 274 2854 Post
297 2830 331 2854 v.
351 2822 443 2855 1164
462 2820 645 2865 repetunt
669 2817 918 2854 AObdefhmn
945 2830 978 2854 v.
1000 2821 1091 2853 97—
1097 2821 1176 2861 100,
1205 2818 1268 2854 AO
1289 2822 1406 2853 415—-
1412 2822 1465 2854 18
1488 2838 1533 2844 —
1560 2818 1603 2853 V.
1621 2822 1723 2854 1165.

181 2862 382 2911 σύμμισγε,
414 2865 446 2900 A
481 2879 650 2913 συμμιγε
689 2887 736 2894 -
774 2865 817 2900 V.
848 2869 948 2902 1166.
989 2861 1084 2901 ὁδοῦ
1116 2845 1245 2925 στέλλη
1279 2865 1429 2912 scripsi,
1459 2865 1560 2901 idem
1592 2868 1725 2911 postea

186 2893 463 2950 commendavit
486 2913 725 2959 Heimsoeth,
757 2912 790 2948 A
816 2910 930 2954 ὁδους
955 2913 1099 2957 τελεῆι,
1131 2913 1196 2949 rel.
1224 2914 1319 2949 οδοῦ
1351 2912 1458 2960 τελέῃ
1485 2913 1531 2959 (O
1558 2912 1722 2959 τελέοις).

183 2959 320 2996 Futilis
346 2961 508 2998 Renneri
534 2962 749 2998 coniectura
774 2959 925 3008 τρέψῃς.
954 2981 995 2986 -
1023 2957 1177 3007 τέρματ’
1204 2957 1269 2998 ἐπ’
1298 2949 1482 3007 ἐμπορίην
1507 2961 1666 3006 Bekker,
1692 2962 1724 2997 A
