<?xml version="1.0" encoding="UTF-8"?>
<!DOCTYPE html PUBLIC "-//W3C//DTD XHTML 1.0 Transitional//EN"
    "http://www.w3.org/TR/xhtml1/DTD/xhtml1-transitional.dtd">
<html xmlns="http://www.w3.org/1999/xhtml" xml:lang="en" lang="en">
 <head>
  <title>
</title>
<meta http-equiv="Content-Type" content="text/html;charset=utf-8" />
  <meta name='ocr-system' content='tesseract 3.04.00' />
  <meta name='ocr-capabilities' content='ocr_page ocr_carea ocr_par ocr_line ocrx_word'/>
</head>
<body>
  <div class='ocr_page' id='page_1' title='image "./poetaelyricigrae02berguoft_0295.png"; bbox 0 0 1890 3216; ppageno 0'>
   <div class='ocr_carea' id='block_1_1' title="bbox 0 0 66 861">
    <p class='ocr_par' dir='ltr' id='par_1_1' title="bbox 0 0 66 861">
     <span class='ocr_line' id='line_1_1' title="bbox 0 0 66 861; baseline 0 0"><span class='ocrx_word' id='word_1_1' title='bbox 0 0 66 861; x_wconf 95' lang='lat' dir='ltr'> </span> 
     </span>
    </p>
   </div>
   <div class='ocr_carea' id='block_1_2' title="bbox 748 805 1713 965">
    <p class='ocr_par' dir='ltr' id='par_1_2' title="bbox 748 805 1713 965">
     <span class='ocr_line' id='line_1_2' title="bbox 865 805 1713 853; baseline 0.005 -4"><span class='ocrx_word' id='word_1_2' title='bbox 865 805 1021 849; x_wconf 90' lang='lat' dir='ltr'>XXXI.</span> <span class='ocrx_word' id='word_1_3' title='bbox 1645 820 1713 853; x_wconf 78' lang='lat'>607</span> 
     </span>
     <span class='ocr_line' id='line_1_3' title="bbox 748 912 1142 965; baseline 0.003 -2"><span class='ocrx_word' id='word_1_4' title='bbox 748 914 773 963; x_wconf 94' lang='grc' dir='ltr'>Ι</span> <span class='ocrx_word' id='word_1_5' title='bbox 800 914 844 965; x_wconf 93' lang='grc' dir='ltr'>Ο</span> <span class='ocrx_word' id='word_1_6' title='bbox 870 914 912 963; x_wconf 89' lang='grc' dir='ltr'>Ρ</span> <span class='ocrx_word' id='word_1_7' title='bbox 933 915 985 964; x_wconf 95' lang='grc' dir='ltr'>Η</span> <span class='ocrx_word' id='word_1_8' title='bbox 1010 912 1054 964; x_wconf 92' lang='grc' dir='ltr'>Ο</span> <span class='ocrx_word' id='word_1_9' title='bbox 1081 914 1142 964; x_wconf 89' lang='lat' dir='ltr'>N.</span> 
     </span>
    </p>
   </div>
   <div class='ocr_carea' id='block_1_3' title="bbox 244 1040 1476 1173">
    <p class='ocr_par' dir='ltr' id='par_1_3' title="bbox 244 1040 1476 1173">
     <span class='ocr_line' id='line_1_4' title="bbox 244 1040 1476 1104; baseline -0.002 -16"><span class='ocrx_word' id='word_1_10' title='bbox 244 1041 441 1102; x_wconf 80' lang='grc' dir='ltr'><em>Κρύπτω</em></span> <span class='ocrx_word' id='word_1_11' title='bbox 472 1044 587 1104; x_wconf 79' lang='grc' dir='ltr'><strong><em>τῷδε</em></strong></span> <span class='ocrx_word' id='word_1_12' title='bbox 617 1040 750 1103; x_wconf 77' lang='grc' dir='ltr'>τάφῳ</span> <span class='ocrx_word' id='word_1_13' title='bbox 783 1043 1002 1100; x_wconf 78' lang='grc' dir='ltr'><strong><em>Σοφοκλῆ</em></strong></span> <span class='ocrx_word' id='word_1_14' title='bbox 1034 1050 1227 1100; x_wconf 80' lang='grc' dir='ltr'>πρωτεῖα</span> <span class='ocrx_word' id='word_1_15' title='bbox 1259 1040 1476 1098; x_wconf 82' lang='grc' dir='ltr'><em>λαβόντα,</em></span> 
     </span>
     <span class='ocr_line' id='line_1_5' title="bbox 302 1111 1388 1173; baseline 0 -14"><span class='ocrx_word' id='word_1_16' title='bbox 302 1115 381 1172; x_wconf 81' lang='grc' dir='ltr'>τῆς</span> <span class='ocrx_word' id='word_1_17' title='bbox 411 1116 622 1173; x_wconf 77' lang='grc' dir='ltr'><em>τραγικῆς</em></span> <span class='ocrx_word' id='word_1_18' title='bbox 652 1113 808 1171; x_wconf 84' lang='grc' dir='ltr'><strong><em>τέχνης</em></strong></span> <span class='ocrx_word' id='word_1_19' title='bbox 840 1115 988 1172; x_wconf 83' lang='grc' dir='ltr'><em>σχῆμα</em></span> <span class='ocrx_word' id='word_1_20' title='bbox 1019 1111 1069 1158; x_wconf 68' lang='lat' dir='ltr'>vo*</span> <span class='ocrx_word' id='word_1_21' title='bbox 1103 1111 1388 1171; x_wconf 81' lang='grc' dir='ltr'><strong><em>σεμνότατον.</em></strong></span> 
     </span>
    </p>
   </div>
   <div class='ocr_carea' id='block_1_4' title="bbox 172 1268 1720 2465">
    <p class='ocr_par' dir='ltr' id='par_1_4' title="bbox 172 1268 1720 2465">
     <span class='ocr_line' id='line_1_6' title="bbox 271 1268 1714 1329; baseline -0.001 -23"><span class='ocrx_word' id='word_1_22' title='bbox 271 1270 457 1329; x_wconf 84' lang='lat' dir='ltr'>Iophon.</span> <span class='ocrx_word' id='word_1_23' title='bbox 508 1270 754 1327; x_wconf 83' lang='lat' dir='ltr'>Epigramma</span> <span class='ocrx_word' id='word_1_24' title='bbox 778 1269 917 1327; x_wconf 77' lang='lat' dir='ltr'>legitui</span> <span class='ocrx_word' id='word_1_25' title='bbox 942 1269 980 1305; x_wconf 89' lang='grc' dir='ltr'>ιιι</span> <span class='ocrx_word' id='word_1_26' title='bbox 1006 1268 1087 1306; x_wconf 85' lang='lat' dir='ltr'>vita</span> <span class='ocrx_word' id='word_1_27' title='bbox 1113 1269 1288 1327; x_wconf 87' lang='lat' dir='ltr'>Sophocl.</span> <span class='ocrx_word' id='word_1_28' title='bbox 1320 1273 1383 1305; x_wconf 87' lang='lat'>131</span> <span class='ocrx_word' id='word_1_29' title='bbox 1413 1269 1468 1305; x_wconf 89' lang='lat' dir='ltr'>ed</span> <span class='ocrx_word' id='word_1_30' title='bbox 1496 1269 1714 1305; x_wconf 36' lang='lat' dir='ltr'>Westerma</span> 
     </span>
     <span class='ocr_line' id='line_1_7' title="bbox 172 1314 1713 1375; baseline -0.001 -21"><span class='ocrx_word' id='word_1_31' title='bbox 172 1317 266 1375; x_wconf 80' lang='grc' dir='ltr'><em>φασὶ</em></span> <span class='ocrx_word' id='word_1_32' title='bbox 293 1315 331 1354; x_wconf 80' lang='grc' dir='ltr'>δ’</span> <span class='ocrx_word' id='word_1_33' title='bbox 360 1315 648 1364; x_wconf 75' lang='grc' dir='ltr'><em>ἐπιγεγράφθαι</em></span> <span class='ocrx_word' id='word_1_34' title='bbox 673 1319 723 1367; x_wconf 83' lang='grc' dir='ltr'>τῷ</span> <span class='ocrx_word' id='word_1_35' title='bbox 750 1314 869 1354; x_wconf 80' lang='grc' dir='ltr'><strong><em>αὐτοῦ</em></strong></span> <span class='ocrx_word' id='word_1_36' title='bbox 895 1315 1005 1374; x_wconf 82' lang='grc' dir='ltr'>τάφῳ</span> <span class='ocrx_word' id='word_1_37' title='bbox 1030 1314 1141 1354; x_wconf 79' lang='grc' dir='ltr'><strong><em>τάδε·</em></strong></span> <span class='ocrx_word' id='word_1_38' title='bbox 1168 1315 1349 1362; x_wconf 80' lang='grc' dir='ltr'><em>κρύπτω</em></span> <span class='ocrx_word' id='word_1_39' title='bbox 1376 1321 1450 1353; x_wconf 83' lang='grc' dir='ltr'><strong><em>κτλ.</em></strong></span> <span class='ocrx_word' id='word_1_40' title='bbox 1487 1317 1554 1353; x_wconf 87' lang='lat' dir='ltr'>sed</span> <span class='ocrx_word' id='word_1_41' title='bbox 1581 1317 1626 1353; x_wconf 88' lang='grc' dir='ltr'>ΡΙ</span> <span class='ocrx_word' id='word_1_42' title='bbox 1651 1320 1713 1352; x_wconf 85' lang='grc' dir='ltr'>λα-</span> 
     </span>
     <span class='ocr_line' id='line_1_8' title="bbox 174 1362 1715 1422; baseline -0.001 -20"><span class='ocrx_word' id='word_1_43' title='bbox 174 1363 251 1422; x_wconf 78' lang='grc' dir='ltr'>βιὸν</span> <span class='ocrx_word' id='word_1_44' title='bbox 278 1364 320 1402; x_wconf 82' lang='grc' dir='ltr'>δέ</span> <span class='ocrx_word' id='word_1_45' title='bbox 347 1378 463 1412; x_wconf 87' lang='grc' dir='ltr'>φησιν</span> <span class='ocrx_word' id='word_1_46' title='bbox 491 1364 684 1412; x_wconf 77' lang='grc' dir='ltr'><em>ἐπέγραψε</em></span> <span class='ocrx_word' id='word_1_47' title='bbox 712 1366 763 1415; x_wconf 85' lang='grc' dir='ltr'>τῷ</span> <span class='ocrx_word' id='word_1_48' title='bbox 789 1363 898 1414; x_wconf 84' lang='grc' dir='ltr'>τάφῳ</span> <span class='ocrx_word' id='word_1_49' title='bbox 925 1362 1044 1402; x_wconf 81' lang='grc' dir='ltr'><strong><em>αὑτοῦ</em></strong></span> <span class='ocrx_word' id='word_1_50' title='bbox 1070 1366 1156 1411; x_wconf 86' lang='grc' dir='ltr'>(οιιι.</span> <span class='ocrx_word' id='word_1_51' title='bbox 1183 1366 1215 1411; x_wconf 92' lang='grc' dir='ltr'>Ι)</span> <span class='ocrx_word' id='word_1_52' title='bbox 1240 1363 1344 1402; x_wconf 80' lang='grc' dir='ltr'><strong><em>τάδε.</em></strong></span> <span class='ocrx_word' id='word_1_53' title='bbox 1396 1365 1606 1401; x_wconf 89' lang='lat' dir='ltr'>Secundum</span> <span class='ocrx_word' id='word_1_54' title='bbox 1635 1366 1715 1400; x_wconf 87' lang='lat' dir='ltr'>Iah-</span> 
     </span>
     <span class='ocr_line' id='line_1_9' title="bbox 173 1411 1716 1462; baseline -0.001 -12"><span class='ocrx_word' id='word_1_55' title='bbox 173 1414 277 1450; x_wconf 90' lang='lat' dir='ltr'>nium</span> <span class='ocrx_word' id='word_1_56' title='bbox 311 1414 369 1450; x_wconf 90' lang='lat' dir='ltr'>ed.</span> <span class='ocrx_word' id='word_1_57' title='bbox 397 1414 472 1460; x_wconf 88' lang='lat' dir='ltr'>Sop</span> <span class='ocrx_word' id='word_1_58' title='bbox 474 1414 510 1450; x_wconf 92' lang='lat' dir='ltr'>h.</span> <span class='ocrx_word' id='word_1_59' title='bbox 544 1414 717 1450; x_wconf 75' lang='lat' dir='ltr'>Electrae</span> <span class='ocrx_word' id='word_1_60' title='bbox 751 1427 785 1460; x_wconf 92' lang='lat' dir='ltr'>p.</span> <span class='ocrx_word' id='word_1_61' title='bbox 815 1418 857 1449; x_wconf 91' lang='lat'>11</span> <span class='ocrx_word' id='word_1_62' title='bbox 891 1413 1039 1450; x_wconf 87' lang='lat' dir='ltr'>codices</span> <span class='ocrx_word' id='word_1_63' title='bbox 1072 1424 1200 1449; x_wconf 88' lang='lat' dir='ltr'>omnes</span> <span class='ocrx_word' id='word_1_64' title='bbox 1232 1411 1359 1462; x_wconf 78' lang='grc' dir='ltr'><strong><em>λαβὼν</em></strong></span> <span class='ocrx_word' id='word_1_65' title='bbox 1393 1413 1588 1456; x_wconf 77' lang='lat' dir='ltr'>exhibent3</span> <span class='ocrx_word' id='word_1_66' title='bbox 1623 1413 1716 1459; x_wconf 87' lang='grc' dir='ltr'>φησι</span> 
     </span>
     <span class='ocr_line' id='line_1_10' title="bbox 173 1426 1716 1508; baseline -0.001 -10"><span class='ocrx_word' id='word_1_67' title='bbox 173 1461 425 1508; x_wconf 77' lang='lat' dir='ltr'>antiquiores,</span> <span class='ocrx_word' id='word_1_68' title='bbox 448 1426 558 1507; x_wconf 76' lang='grc' dir='ltr'>Ρφασὶ</span> <span class='ocrx_word' id='word_1_69' title='bbox 591 1464 777 1507; x_wconf 87' lang='lat' dir='ltr'>r,ecentes</span> <span class='ocrx_word' id='word_1_70' title='bbox 816 1461 978 1507; x_wconf 89' lang='lat' dir='ltr'>denique</span> <span class='ocrx_word' id='word_1_71' title='bbox 1011 1458 1284 1507; x_wconf 63' lang='grc' dir='ltr'><em>ἐπιγέγραπται</em></span> <span class='ocrx_word' id='word_1_72' title='bbox 1308 1462 1354 1506; x_wconf 90' lang='lat' dir='ltr'>F,</span> <span class='ocrx_word' id='word_1_73' title='bbox 1395 1458 1605 1507; x_wconf 79' lang='grc' dir='ltr'><em>ἐπιγράψαι</em></span> <span class='ocrx_word' id='word_1_74' title='bbox 1639 1461 1716 1505; x_wconf 70' lang='lat' dir='ltr'>GR,</span> 
     </span>
     <span class='ocr_line' id='line_1_11' title="bbox 174 1506 1715 1568; baseline -0.002 -21"><span class='ocrx_word' id='word_1_75' title='bbox 174 1507 368 1556; x_wconf 76' lang='grc' dir='ltr'><em>ἐπέγραψε</em></span> <span class='ocrx_word' id='word_1_76' title='bbox 396 1509 466 1554; x_wconf 90' lang='lat' dir='ltr'>CI,</span> <span class='ocrx_word' id='word_1_77' title='bbox 493 1509 609 1546; x_wconf 87' lang='lat' dir='ltr'>ceteri</span> <span class='ocrx_word' id='word_1_78' title='bbox 634 1511 677 1545; x_wconf 89' lang='lat' dir='ltr'>ut</span> <span class='ocrx_word' id='word_1_79' title='bbox 700 1510 850 1546; x_wconf 84' lang='lat' dir='ltr'>videtur</span> <span class='ocrx_word' id='word_1_80' title='bbox 875 1506 1055 1568; x_wconf 80' lang='grc' dir='ltr'><em>ἐπιγεγρά</em></span> <span class='ocrx_word' id='word_1_81' title='bbox 1091 1511 1163 1545; x_wconf 81' lang='grc' dir='ltr'>θαι</span> <span class='ocrx_word' id='word_1_82' title='bbox 1187 1511 1351 1546; x_wconf 84' lang='lat' dir='ltr'>tuentur.</span> <span class='ocrx_word' id='word_1_83' title='bbox 1403 1509 1483 1555; x_wconf 88' lang='lat' dir='ltr'>Ego</span> <span class='ocrx_word' id='word_1_84' title='bbox 1510 1509 1600 1544; x_wconf 89' lang='lat' dir='ltr'>olim</span> <span class='ocrx_word' id='word_1_85' title='bbox 1628 1519 1715 1544; x_wconf 83' lang='lat' dir='ltr'>con—</span> 
     </span>
     <span class='ocr_line' id='line_1_12' title="bbox 174 1522 1715 1613; baseline 0 -21"><span class='ocrx_word' id='word_1_86' title='bbox 174 1557 247 1594; x_wconf 87' lang='lat' dir='ltr'>ieci</span> <span class='ocrx_word' id='word_1_87' title='bbox 273 1557 510 1594; x_wconf 88' lang='lat' dir='ltr'>scribendum</span> <span class='ocrx_word' id='word_1_88' title='bbox 537 1568 618 1594; x_wconf 88' lang='lat' dir='ltr'>esse</span> <span class='ocrx_word' id='word_1_89' title='bbox 651 1555 809 1606; x_wconf 83' lang='grc' dir='ltr'><strong><em>Λόβων</em></strong></span> <span class='ocrx_word' id='word_1_90' title='bbox 842 1555 886 1593; x_wconf 78' lang='grc' dir='ltr'>δέ</span> <span class='ocrx_word' id='word_1_91' title='bbox 912 1569 1028 1612; x_wconf 85' lang='grc' dir='ltr'>φησιν</span> <span class='ocrx_word' id='word_1_92' title='bbox 1057 1522 1103 1594; x_wconf 60' lang='lat' dir='ltr'>Z„</span> <span class='ocrx_word' id='word_1_93' title='bbox 1077 1555 1361 1613; x_wconf 74' lang='grc' dir='ltr'><em>πιγεγράφθαι,</em></span> <span class='ocrx_word' id='word_1_94' title='bbox 1395 1558 1440 1593; x_wconf 91' lang='lat' dir='ltr'>de</span> <span class='ocrx_word' id='word_1_95' title='bbox 1468 1557 1617 1592; x_wconf 88' lang='lat' dir='ltr'>Lobone</span> <span class='ocrx_word' id='word_1_96' title='bbox 1649 1559 1715 1592; x_wconf 87' lang='lat' dir='ltr'>Ar-</span> 
     </span>
     <span class='ocr_line' id='line_1_13' title="bbox 174 1604 1716 1652; baseline -0.001 -10"><span class='ocrx_word' id='word_1_97' title='bbox 174 1606 263 1652; x_wconf 86' lang='lat' dir='ltr'>givo</span> <span class='ocrx_word' id='word_1_98' title='bbox 291 1605 473 1652; x_wconf 85' lang='lat' dir='ltr'>cogitans,</span> <span class='ocrx_word' id='word_1_99' title='bbox 501 1617 612 1651; x_wconf 90' lang='lat' dir='ltr'>quem</span> <span class='ocrx_word' id='word_1_100' title='bbox 638 1605 725 1651; x_wconf 78' lang='grc' dir='ltr'><em>περὶ</em></span> <span class='ocrx_word' id='word_1_101' title='bbox 750 1605 915 1651; x_wconf 80' lang='grc' dir='ltr'>ποιητῶν</span> <span class='ocrx_word' id='word_1_102' title='bbox 942 1605 1131 1651; x_wconf 81' lang='lat' dir='ltr'>scripsisse</span> <span class='ocrx_word' id='word_1_103' title='bbox 1156 1605 1196 1640; x_wconf 89' lang='lat' dir='ltr'>in</span> <span class='ocrx_word' id='word_1_104' title='bbox 1223 1604 1454 1651; x_wconf 86' lang='lat' dir='ltr'>Epimenidis</span> <span class='ocrx_word' id='word_1_105' title='bbox 1493 1604 1572 1641; x_wconf 80' lang='lat' dir='ltr'>vita</span> <span class='ocrx_word' id='word_1_106' title='bbox 1603 1606 1716 1641; x_wconf 86' lang='lat' dir='ltr'>testa-</span> 
     </span>
     <span class='ocr_line' id='line_1_14' title="bbox 175 1650 1715 1712; baseline -0.001 -22"><span class='ocrx_word' id='word_1_107' title='bbox 175 1655 239 1690; x_wconf 88' lang='lat' dir='ltr'>tur</span> <span class='ocrx_word' id='word_1_108' title='bbox 262 1652 372 1699; x_wconf 88' lang='lat' dir='ltr'>Diog.</span> <span class='ocrx_word' id='word_1_109' title='bbox 398 1653 437 1688; x_wconf 91' lang='lat' dir='ltr'>L.</span> <span class='ocrx_word' id='word_1_110' title='bbox 465 1653 481 1687; x_wconf 91' lang='lat'>1</span> <span class='ocrx_word' id='word_1_111' title='bbox 510 1657 588 1712; x_wconf 94' lang='grc'>112,</span> <span class='ocrx_word' id='word_1_112' title='bbox 616 1653 821 1711; x_wconf 89' lang='lat' dir='ltr'>eodemque</span> <span class='ocrx_word' id='word_1_113' title='bbox 848 1654 999 1689; x_wconf 82' lang='lat' dir='ltr'>auctore</span> <span class='ocrx_word' id='word_1_114' title='bbox 1024 1653 1143 1689; x_wconf 87' lang='lat' dir='ltr'>utitur</span> <span class='ocrx_word' id='word_1_115' title='bbox 1168 1653 1184 1688; x_wconf 96' lang='grc' dir='ltr'><strong>Ι</strong></span> <span class='ocrx_word' id='word_1_116' title='bbox 1211 1657 1256 1689; x_wconf 89' lang='grc'>34</span> <span class='ocrx_word' id='word_1_117' title='bbox 1281 1653 1320 1688; x_wconf 90' lang='grc' dir='ltr'>ιιι</span> <span class='ocrx_word' id='word_1_118' title='bbox 1346 1652 1514 1689; x_wconf 74' lang='lat' dir='ltr'>Thaletis</span> <span class='ocrx_word' id='word_1_119' title='bbox 1539 1652 1631 1688; x_wconf 87' lang='lat' dir='ltr'>vita:</span> <span class='ocrx_word' id='word_1_120' title='bbox 1669 1650 1715 1688; x_wconf 84' lang='grc' dir='ltr'>τοὶ</span> 
     </span>
     <span class='ocr_line' id='line_1_15' title="bbox 175 1697 1716 1759; baseline -0.001 -23"><span class='ocrx_word' id='word_1_121' title='bbox 175 1699 218 1737; x_wconf 72' lang='grc' dir='ltr'>δὲ</span> <span class='ocrx_word' id='word_1_122' title='bbox 244 1699 488 1747; x_wconf 82' lang='grc' dir='ltr'><em>γεγραμμένα</em></span> <span class='ocrx_word' id='word_1_123' title='bbox 513 1698 583 1737; x_wconf 71' lang='lat' dir='ltr'>‘vn&#39;</span> <span class='ocrx_word' id='word_1_124' title='bbox 617 1698 736 1737; x_wconf 76' lang='grc' dir='ltr'><em>αὐτοῦ</em></span> <span class='ocrx_word' id='word_1_125' title='bbox 749 1713 862 1759; x_wconf 83' lang='grc' dir='ltr'>φησι</span> <span class='ocrx_word' id='word_1_126' title='bbox 887 1699 1023 1756; x_wconf 83' lang='grc' dir='ltr'><strong><em>Λόβων</em></strong></span> <span class='ocrx_word' id='word_1_127' title='bbox 1049 1697 1069 1736; x_wconf 89' lang='grc' dir='ltr'><strong>ὁ</strong></span> <span class='ocrx_word' id='word_1_128' title='bbox 1093 1698 1254 1757; x_wconf 80' lang='grc' dir='ltr'><em>Ἀργεῖος</em></span> <span class='ocrx_word' id='word_1_129' title='bbox 1286 1700 1340 1742; x_wconf 80' lang='grc' dir='ltr'>εἰς</span> <span class='ocrx_word' id='word_1_130' title='bbox 1373 1699 1443 1758; x_wconf 76' lang='grc' dir='ltr'>ἔπη</span> <span class='ocrx_word' id='word_1_131' title='bbox 1470 1701 1610 1736; x_wconf 84' lang='grc' dir='ltr'>τείνειν</span> <span class='ocrx_word' id='word_1_132' title='bbox 1637 1701 1716 1736; x_wconf 79' lang='grc' dir='ltr'>δια-</span> 
     </span>
     <span class='ocr_line' id='line_1_16' title="bbox 175 1745 1717 1807; baseline -0.001 -23"><span class='ocrx_word' id='word_1_133' title='bbox 175 1746 304 1784; x_wconf 83' lang='grc' dir='ltr'>κόσια</span> <span class='ocrx_word' id='word_1_134' title='bbox 331 1745 631 1807; x_wconf 74' lang='grc' dir='ltr'><em>ἐπιγεγράφθαι</em></span> <span class='ocrx_word' id='word_1_135' title='bbox 645 1745 682 1784; x_wconf 82' lang='grc' dir='ltr'>δ’</span> <span class='ocrx_word' id='word_1_136' title='bbox 711 1745 830 1785; x_wconf 78' lang='grc' dir='ltr'><em>αὐτοῦ</em></span> <span class='ocrx_word' id='word_1_137' title='bbox 857 1746 920 1785; x_wconf 79' lang='grc' dir='ltr'>ἐπὶ</span> <span class='ocrx_word' id='word_1_138' title='bbox 945 1749 1011 1806; x_wconf 83' lang='grc' dir='ltr'>τῆς</span> <span class='ocrx_word' id='word_1_139' title='bbox 1036 1746 1184 1790; x_wconf 78' lang='grc' dir='ltr'><strong><em>εἰκόνος</em></strong></span> <span class='ocrx_word' id='word_1_140' title='bbox 1209 1746 1318 1785; x_wconf 84' lang='grc' dir='ltr'><strong><em>τάδε·</em></strong></span> <span class='ocrx_word' id='word_1_141' title='bbox 1348 1746 1469 1784; x_wconf 84' lang='grc' dir='ltr'><strong><em>Τόνδε</em></strong></span> <span class='ocrx_word' id='word_1_142' title='bbox 1493 1749 1621 1794; x_wconf 80' lang='grc' dir='ltr'><strong><em>Θαλῆν</em></strong></span> <span class='ocrx_word' id='word_1_143' title='bbox 1644 1749 1717 1784; x_wconf 85' lang='grc' dir='ltr'>Μί-</span> 
     </span>
     <span class='ocr_line' id='line_1_17' title="bbox 174 1793 1717 1843; baseline -0.001 -10"><span class='ocrx_word' id='word_1_144' title='bbox 174 1799 283 1842; x_wconf 78' lang='grc' dir='ltr'><strong><em>λητος</em></strong></span> <span class='ocrx_word' id='word_1_145' title='bbox 304 1793 378 1838; x_wconf 81' lang='grc' dir='ltr'>Ἰὰς</span> <span class='ocrx_word' id='word_1_146' title='bbox 400 1793 571 1842; x_wconf 55' lang='lat' dir='ltr'>‘figentem’</span> <span class='ocrx_word' id='word_1_147' title='bbox 608 1793 805 1840; x_wconf 77' lang='grc' dir='ltr'><strong><em>ἀνέδειξεν</em></strong></span> <span class='ocrx_word' id='word_1_148' title='bbox 837 1794 1073 1843; x_wconf 82' lang='grc' dir='ltr'><em>Ἀστρολόγον</em></span> <span class='ocrx_word' id='word_1_149' title='bbox 1107 1795 1260 1833; x_wconf 85' lang='grc' dir='ltr'><strong><em>πάντων</em></strong></span> <span class='ocrx_word' id='word_1_150' title='bbox 1294 1794 1553 1843; x_wconf 79' lang='grc' dir='ltr'>πρεσβύτατον</span> <span class='ocrx_word' id='word_1_151' title='bbox 1586 1797 1717 1843; x_wconf 83' lang='grc' dir='ltr'>σοφίῃ,</span> 
     </span>
     <span class='ocr_line' id='line_1_18' title="bbox 176 1844 1717 1891; baseline -0.001 -11"><span class='ocrx_word' id='word_1_152' title='bbox 176 1855 273 1890; x_wconf 84' lang='lat' dir='ltr'>quae</span> <span class='ocrx_word' id='word_1_153' title='bbox 306 1855 351 1880; x_wconf 88' lang='lat' dir='ltr'>ex</span> <span class='ocrx_word' id='word_1_154' title='bbox 383 1844 515 1881; x_wconf 91' lang='lat' dir='ltr'>eodem</span> <span class='ocrx_word' id='word_1_155' title='bbox 550 1844 648 1881; x_wconf 89' lang='lat' dir='ltr'>libro</span> <span class='ocrx_word' id='word_1_156' title='bbox 683 1845 729 1880; x_wconf 91' lang='lat' dir='ltr'>de</span> <span class='ocrx_word' id='word_1_157' title='bbox 765 1845 888 1891; x_wconf 87' lang='lat' dir='ltr'>poetis</span> <span class='ocrx_word' id='word_1_158' title='bbox 922 1845 1045 1891; x_wconf 88' lang='lat' dir='ltr'>petita</span> <span class='ocrx_word' id='word_1_159' title='bbox 1077 1855 1156 1881; x_wconf 84' lang='lat' dir='ltr'>esse</span> <span class='ocrx_word' id='word_1_160' title='bbox 1192 1846 1361 1891; x_wconf 84' lang='lat' dir='ltr'>apparet.</span> <span class='ocrx_word' id='word_1_161' title='bbox 1412 1845 1606 1891; x_wconf 88' lang='lat' dir='ltr'>Leguntur</span> <span class='ocrx_word' id='word_1_162' title='bbox 1642 1845 1717 1880; x_wconf 84' lang='lat' dir='ltr'>alia</span> 
     </span>
     <span class='ocr_line' id='line_1_19' title="bbox 176 1892 1718 1948; baseline 0 -20"><span class='ocrx_word' id='word_1_163' title='bbox 176 1892 452 1948; x_wconf 79' lang='lat' dir='ltr'>epigrammata</span> <span class='ocrx_word' id='word_1_164' title='bbox 476 1893 615 1939; x_wconf 87' lang='lat' dir='ltr'>passim</span> <span class='ocrx_word' id='word_1_165' title='bbox 642 1892 681 1928; x_wconf 90' lang='lat' dir='ltr'>in</span> <span class='ocrx_word' id='word_1_166' title='bbox 706 1893 803 1929; x_wconf 85' lang='lat' dir='ltr'>libro</span> <span class='ocrx_word' id='word_1_167' title='bbox 829 1892 865 1938; x_wconf 91' lang='lat' dir='ltr'>I,</span> <span class='ocrx_word' id='word_1_168' title='bbox 890 1904 987 1938; x_wconf 88' lang='lat' dir='ltr'>quae</span> <span class='ocrx_word' id='word_1_169' title='bbox 1013 1892 1214 1943; x_wconf 89' lang='lat' dir='ltr'>Diogenes</span> <span class='ocrx_word' id='word_1_170' title='bbox 1224 1892 1318 1929; x_wconf 88' lang='lat' dir='ltr'>dicit</span> <span class='ocrx_word' id='word_1_171' title='bbox 1342 1893 1402 1928; x_wconf 90' lang='lat' dir='ltr'>vel</span> <span class='ocrx_word' id='word_1_172' title='bbox 1428 1893 1468 1928; x_wconf 91' lang='lat' dir='ltr'>in</span> <span class='ocrx_word' id='word_1_173' title='bbox 1495 1892 1630 1928; x_wconf 85' lang='lat' dir='ltr'>statuis</span> <span class='ocrx_word' id='word_1_174' title='bbox 1656 1893 1718 1928; x_wconf 84' lang='lat' dir='ltr'>vel</span> 
     </span>
     <span class='ocr_line' id='line_1_20' title="bbox 177 1921 1717 1987; baseline 0 -12"><span class='ocrx_word' id='word_1_175' title='bbox 177 1939 217 1976; x_wconf 88' lang='lat' dir='ltr'>in</span> <span class='ocrx_word' id='word_1_176' title='bbox 241 1939 494 1984; x_wconf 77' lang='lat' dir='ltr'>monumentis</span> <span class='ocrx_word' id='word_1_177' title='bbox 519 1940 830 1987; x_wconf 85' lang='lat' dir='ltr'>philosophorum</span> <span class='ocrx_word' id='word_1_178' title='bbox 855 1921 1037 1987; x_wconf 86' lang='lat' dir='ltr'>inscripta</span> <span class='ocrx_word' id='word_1_179' title='bbox 1062 1952 1154 1986; x_wconf 87' lang='lat' dir='ltr'>esse,</span> <span class='ocrx_word' id='word_1_180' title='bbox 1179 1952 1276 1986; x_wconf 85' lang='lat' dir='ltr'>quae</span> <span class='ocrx_word' id='word_1_181' title='bbox 1296 1939 1545 1987; x_wconf 82' lang='lat' dir='ltr'>probabiliter</span> <span class='ocrx_word' id='word_1_182' title='bbox 1565 1939 1717 1976; x_wconf 87' lang='lat' dir='ltr'>Schnei-</span> 
     </span>
     <span class='ocr_line' id='line_1_21' title="bbox 177 1969 1720 2035; baseline 0 -12"><span class='ocrx_word' id='word_1_183' title='bbox 177 1987 301 2024; x_wconf 86' lang='lat' dir='ltr'>dewin</span> <span class='ocrx_word' id='word_1_184' title='bbox 326 1981 475 2034; x_wconf 88' lang='lat' dir='ltr'>(Philol</span> <span class='ocrx_word' id='word_1_185' title='bbox 502 1989 518 2023; x_wconf 95' lang='lat' dir='ltr'>I</span> <span class='ocrx_word' id='word_1_186' title='bbox 543 1989 604 2034; x_wconf 87' lang='grc'>21)</span> <span class='ocrx_word' id='word_1_187' title='bbox 639 1988 851 2035; x_wconf 86' lang='lat' dir='ltr'>suspicatur</span> <span class='ocrx_word' id='word_1_188' title='bbox 882 2000 926 2024; x_wconf 90' lang='lat' dir='ltr'>ex</span> <span class='ocrx_word' id='word_1_189' title='bbox 958 1988 1090 2025; x_wconf 88' lang='lat' dir='ltr'>eodem</span> <span class='ocrx_word' id='word_1_190' title='bbox 1122 1969 1284 2024; x_wconf 83' lang='lat' dir='ltr'>L&#39;obonis</span> <span class='ocrx_word' id='word_1_191' title='bbox 1318 1999 1430 2035; x_wconf 89' lang='lat' dir='ltr'>opere</span> <span class='ocrx_word' id='word_1_192' title='bbox 1462 1988 1583 2034; x_wconf 86' lang='lat' dir='ltr'>petita</span> <span class='ocrx_word' id='word_1_193' title='bbox 1618 1999 1720 2031; x_wconf 82' lang='lat' dir='ltr'>esse3</span> 
     </span>
     <span class='ocr_line' id='line_1_22' title="bbox 176 2035 1717 2083; baseline 0 -12"><span class='ocrx_word' id='word_1_194' title='bbox 176 2047 265 2072; x_wconf 83' lang='lat' dir='ltr'>nam</span> <span class='ocrx_word' id='word_1_195' title='bbox 291 2046 419 2071; x_wconf 86' lang='lat' dir='ltr'>omnes</span> <span class='ocrx_word' id='word_1_196' title='bbox 444 2035 503 2071; x_wconf 87' lang='lat' dir='ltr'>illi</span> <span class='ocrx_word' id='word_1_197' title='bbox 527 2036 670 2082; x_wconf 86' lang='lat' dir='ltr'>pariter</span> <span class='ocrx_word' id='word_1_198' title='bbox 693 2036 860 2072; x_wconf 86' lang='lat' dir='ltr'>musicae</span> <span class='ocrx_word' id='word_1_199' title='bbox 886 2036 978 2072; x_wconf 83' lang='lat' dir='ltr'>artis</span> <span class='ocrx_word' id='word_1_200' title='bbox 1004 2038 1117 2082; x_wconf 79' lang='lat' dir='ltr'>atque</span> <span class='ocrx_word' id='word_1_201' title='bbox 1150 2036 1359 2083; x_wconf 85' lang='lat' dir='ltr'>sapientiae</span> <span class='ocrx_word' id='word_1_202' title='bbox 1391 2036 1502 2072; x_wconf 84' lang='lat' dir='ltr'>laude</span> <span class='ocrx_word' id='word_1_203' title='bbox 1535 2035 1717 2072; x_wconf 88' lang='lat' dir='ltr'>inclarue-</span> 
     </span>
     <span class='ocr_line' id='line_1_23' title="bbox 177 2083 1716 2130; baseline 0.001 -12"><span class='ocrx_word' id='word_1_204' title='bbox 177 2085 286 2128; x_wconf 88' lang='lat' dir='ltr'>runt,</span> <span class='ocrx_word' id='word_1_205' title='bbox 311 2083 440 2128; x_wconf 84' lang='lat' dir='ltr'>itaque</span> <span class='ocrx_word' id='word_1_206' title='bbox 473 2084 602 2120; x_wconf 92' lang='lat' dir='ltr'>Lobon</span> <span class='ocrx_word' id='word_1_207' title='bbox 633 2084 719 2120; x_wconf 87' lang='lat' dir='ltr'>illos</span> <span class='ocrx_word' id='word_1_208' title='bbox 754 2084 855 2120; x_wconf 83' lang='lat' dir='ltr'>haud</span> <span class='ocrx_word' id='word_1_209' title='bbox 887 2084 999 2120; x_wconf 90' lang='lat' dir='ltr'>dubie</span> <span class='ocrx_word' id='word_1_210' title='bbox 1032 2083 1071 2119; x_wconf 90' lang='lat' dir='ltr'>in</span> <span class='ocrx_word' id='word_1_211' title='bbox 1103 2085 1199 2120; x_wconf 89' lang='lat' dir='ltr'>libro</span> <span class='ocrx_word' id='word_1_212' title='bbox 1231 2084 1277 2120; x_wconf 90' lang='lat' dir='ltr'>de</span> <span class='ocrx_word' id='word_1_213' title='bbox 1308 2084 1431 2130; x_wconf 89' lang='lat' dir='ltr'>poetis</span> <span class='ocrx_word' id='word_1_214' title='bbox 1463 2087 1716 2120; x_wconf 74' lang='lat' dir='ltr'>recensum-:at</span> 
     </span>
     <span class='ocr_line' id='line_1_24' title="bbox 178 2131 1718 2178; baseline 0 -12"><span class='ocrx_word' id='word_1_215' title='bbox 178 2131 451 2178; x_wconf 85' lang='lat' dir='ltr'>epigrammata</span> <span class='ocrx_word' id='word_1_216' title='bbox 485 2133 611 2167; x_wconf 86' lang='lat' dir='ltr'>autem</span> <span class='ocrx_word' id='word_1_217' title='bbox 643 2131 730 2175; x_wconf 88' lang='lat' dir='ltr'>ista,</span> <span class='ocrx_word' id='word_1_218' title='bbox 766 2143 863 2177; x_wconf 84' lang='lat' dir='ltr'>quae</span> <span class='ocrx_word' id='word_1_219' title='bbox 895 2132 1083 2178; x_wconf 85' lang='lat' dir='ltr'>Diogenes</span> <span class='ocrx_word' id='word_1_220' title='bbox 1116 2132 1211 2168; x_wconf 89' lang='lat' dir='ltr'>libro</span> <span class='ocrx_word' id='word_1_221' title='bbox 1246 2133 1262 2167; x_wconf 95' lang='grc' dir='ltr'><strong>Ι</strong></span> <span class='ocrx_word' id='word_1_222' title='bbox 1287 2133 1455 2168; x_wconf 86' lang='lat' dir='ltr'>recenset</span> <span class='ocrx_word' id='word_1_223' title='bbox 1485 2134 1586 2177; x_wconf 89' lang='lat' dir='ltr'>(nam</span> <span class='ocrx_word' id='word_1_224' title='bbox 1618 2131 1718 2177; x_wconf 90' lang='lat' dir='ltr'>quod</span> 
     </span>
     <span class='ocr_line' id='line_1_25' title="bbox 178 2178 1718 2226; baseline 0.001 -13"><span class='ocrx_word' id='word_1_225' title='bbox 178 2178 318 2225; x_wconf 86' lang='lat' dir='ltr'>legitur</span> <span class='ocrx_word' id='word_1_226' title='bbox 343 2178 378 2214; x_wconf 89' lang='grc' dir='ltr'>ΙΙ</span> <span class='ocrx_word' id='word_1_227' title='bbox 405 2182 449 2214; x_wconf 83' lang='grc'>15</span> <span class='ocrx_word' id='word_1_228' title='bbox 475 2180 513 2214; x_wconf 91' lang='grc' dir='ltr'>ιιι</span> <span class='ocrx_word' id='word_1_229' title='bbox 539 2179 804 2226; x_wconf 80' lang='lat' dir='ltr'>Anaxagoram</span> <span class='ocrx_word' id='word_1_230' title='bbox 828 2180 1094 2226; x_wconf 90' lang='lat' dir='ltr'>philosophum</span> <span class='ocrx_word' id='word_1_231' title='bbox 1125 2180 1173 2216; x_wconf 86' lang='lat' dir='ltr'>ab</span> <span class='ocrx_word' id='word_1_232' title='bbox 1204 2181 1276 2216; x_wconf 88' lang='lat' dir='ltr'>hac</span> <span class='ocrx_word' id='word_1_233' title='bbox 1307 2180 1487 2216; x_wconf 85' lang='lat' dir='ltr'>societate</span> <span class='ocrx_word' id='word_1_234' title='bbox 1521 2191 1718 2225; x_wconf 86' lang='lat' dir='ltr'>segregan-</span> 
     </span>
     <span class='ocr_line' id='line_1_26' title="bbox 179 2225 1720 2280; baseline 0.001 -19"><span class='ocrx_word' id='word_1_235' title='bbox 179 2225 268 2262; x_wconf 87' lang='lat' dir='ltr'>dum</span> <span class='ocrx_word' id='word_1_236' title='bbox 294 2229 459 2280; x_wconf 87' lang='lat' dir='ltr'>censeo),</span> <span class='ocrx_word' id='word_1_237' title='bbox 491 2238 566 2263; x_wconf 91' lang='lat' dir='ltr'>non</span> <span class='ocrx_word' id='word_1_238' title='bbox 601 2227 721 2263; x_wconf 88' lang='lat' dir='ltr'>solum</span> <span class='ocrx_word' id='word_1_239' title='bbox 758 2228 807 2263; x_wconf 90' lang='lat' dir='ltr'>ab</span> <span class='ocrx_word' id='word_1_240' title='bbox 839 2229 964 2264; x_wconf 87' lang='lat' dir='ltr'>aetate</span> <span class='ocrx_word' id='word_1_241' title='bbox 995 2227 1178 2274; x_wconf 87' lang='lat' dir='ltr'>virorum,</span> <span class='ocrx_word' id='word_1_242' title='bbox 1210 2227 1249 2263; x_wconf 90' lang='lat' dir='ltr'>in</span> <span class='ocrx_word' id='word_1_243' title='bbox 1280 2239 1438 2272; x_wconf 89' lang='lat' dir='ltr'>quorum</span> <span class='ocrx_word' id='word_1_244' title='bbox 1468 2227 1647 2263; x_wconf 88' lang='lat' dir='ltr'>honorem</span> <span class='ocrx_word' id='word_1_245' title='bbox 1681 2229 1720 2263; x_wconf 86' lang='lat' dir='ltr'>et</span> 
     </span>
     <span class='ocr_line' id='line_1_27' title="bbox 179 2272 1717 2321; baseline 0.001 -12"><span class='ocrx_word' id='word_1_246' title='bbox 179 2272 400 2310; x_wconf 86' lang='lat' dir='ltr'>memoriam</span> <span class='ocrx_word' id='word_1_247' title='bbox 426 2274 637 2320; x_wconf 85' lang='lat' dir='ltr'>composita</span> <span class='ocrx_word' id='word_1_248' title='bbox 662 2277 760 2320; x_wconf 85' lang='lat' dir='ltr'>sunt,</span> <span class='ocrx_word' id='word_1_249' title='bbox 786 2275 911 2311; x_wconf 83' lang='lat' dir='ltr'>aliena</span> <span class='ocrx_word' id='word_1_250' title='bbox 936 2286 1017 2312; x_wconf 89' lang='lat' dir='ltr'>esse</span> <span class='ocrx_word' id='word_1_251' title='bbox 1043 2276 1212 2321; x_wconf 84' lang='lat' dir='ltr'>apparet,</span> <span class='ocrx_word' id='word_1_252' title='bbox 1239 2275 1305 2311; x_wconf 91' lang='lat' dir='ltr'>sed</span> <span class='ocrx_word' id='word_1_253' title='bbox 1323 2275 1440 2311; x_wconf 89' lang='lat' dir='ltr'>etiam</span> <span class='ocrx_word' id='word_1_254' title='bbox 1459 2275 1609 2321; x_wconf 84' lang='lat' dir='ltr'>singula</span> <span class='ocrx_word' id='word_1_255' title='bbox 1633 2278 1717 2311; x_wconf 85' lang='lat' dir='ltr'>tan—</span> 
     </span>
     <span class='ocr_line' id='line_1_28' title="bbox 178 2321 1718 2369; baseline 0.002 -13"><span class='ocrx_word' id='word_1_256' title='bbox 178 2322 259 2358; x_wconf 80' lang='lat' dir='ltr'>tam</span> <span class='ocrx_word' id='word_1_257' title='bbox 293 2321 580 2358; x_wconf 87' lang='lat' dir='ltr'>similitudinem</span> <span class='ocrx_word' id='word_1_258' title='bbox 610 2334 700 2368; x_wconf 85' lang='lat' dir='ltr'>prae</span> <span class='ocrx_word' id='word_1_259' title='bbox 733 2334 771 2359; x_wconf 89' lang='lat' dir='ltr'>se</span> <span class='ocrx_word' id='word_1_260' title='bbox 801 2322 942 2367; x_wconf 88' lang='lat' dir='ltr'>ferunt,</span> <span class='ocrx_word' id='word_1_261' title='bbox 975 2324 1019 2358; x_wconf 88' lang='lat' dir='ltr'>ut</span> <span class='ocrx_word' id='word_1_262' title='bbox 1050 2323 1177 2359; x_wconf 81' lang='lat' dir='ltr'>omnia</span> <span class='ocrx_word' id='word_1_263' title='bbox 1207 2323 1256 2359; x_wconf 85' lang='lat' dir='ltr'>ab</span> <span class='ocrx_word' id='word_1_264' title='bbox 1288 2323 1419 2360; x_wconf 86' lang='lat' dir='ltr'>eodem</span> <span class='ocrx_word' id='word_1_265' title='bbox 1452 2324 1605 2358; x_wconf 88' lang='lat' dir='ltr'>auctore</span> <span class='ocrx_word' id='word_1_266' title='bbox 1635 2333 1718 2369; x_wconf 84' lang='lat' dir='ltr'>pro-</span> 
     </span>
     <span class='ocr_line' id='line_1_29' title="bbox 178 2369 1717 2407; baseline 0 -1"><span class='ocrx_word' id='word_1_267' title='bbox 178 2370 280 2406; x_wconf 79' lang='lat' dir='ltr'>fecta</span> <span class='ocrx_word' id='word_1_268' title='bbox 318 2381 397 2406; x_wconf 88' lang='lat' dir='ltr'>esse</span> <span class='ocrx_word' id='word_1_269' title='bbox 435 2369 645 2406; x_wconf 84' lang='lat' dir='ltr'>videantur.</span> <span class='ocrx_word' id='word_1_270' title='bbox 695 2370 828 2407; x_wconf 90' lang='lat' dir='ltr'>Lobon</span> <span class='ocrx_word' id='word_1_271' title='bbox 859 2372 985 2407; x_wconf 86' lang='lat' dir='ltr'>autem</span> <span class='ocrx_word' id='word_1_272' title='bbox 1023 2371 1055 2406; x_wconf 89' lang='lat' dir='ltr'>si</span> <span class='ocrx_word' id='word_1_273' title='bbox 1086 2371 1180 2407; x_wconf 87' lang='lat' dir='ltr'>haec</span> <span class='ocrx_word' id='word_1_274' title='bbox 1212 2372 1338 2407; x_wconf 85' lang='lat' dir='ltr'>omnia</span> <span class='ocrx_word' id='word_1_275' title='bbox 1369 2370 1408 2406; x_wconf 93' lang='lat' dir='ltr'>in</span> <span class='ocrx_word' id='word_1_276' title='bbox 1443 2370 1540 2407; x_wconf 72' lang='lat' dir='ltr'>libio</span> <span class='ocrx_word' id='word_1_277' title='bbox 1575 2381 1640 2406; x_wconf 89' lang='lat' dir='ltr'>suo</span> <span class='ocrx_word' id='word_1_278' title='bbox 1672 2371 1717 2406; x_wconf 93' lang='lat' dir='ltr'>de</span> 
     </span>
     <span class='ocr_line' id='line_1_30' title="bbox 180 2417 1718 2465; baseline -0.001 -11"><span class='ocrx_word' id='word_1_279' title='bbox 180 2417 304 2463; x_wconf 86' lang='lat' dir='ltr'>poetis</span> <span class='ocrx_word' id='word_1_280' title='bbox 330 2417 511 2462; x_wconf 86' lang='lat' dir='ltr'>exhibuit,</span> <span class='ocrx_word' id='word_1_281' title='bbox 538 2418 654 2453; x_wconf 79' lang='lat' dir='ltr'>etiam</span> <span class='ocrx_word' id='word_1_282' title='bbox 680 2418 761 2464; x_wconf 85' lang='lat' dir='ltr'>ipse</span> <span class='ocrx_word' id='word_1_283' title='bbox 787 2418 862 2454; x_wconf 85' lang='lat' dir='ltr'>ista</span> <span class='ocrx_word' id='word_1_284' title='bbox 887 2418 1161 2465; x_wconf 82' lang='lat' dir='ltr'>epigrammata.</span> <span class='ocrx_word' id='word_1_285' title='bbox 1180 2418 1391 2456; x_wconf 83' lang='lat' dir='ltr'>condidisse</span> <span class='ocrx_word' id='word_1_286' title='bbox 1417 2417 1624 2454; x_wconf 89' lang='lat' dir='ltr'>censendus</span> <span class='ocrx_word' id='word_1_287' title='bbox 1651 2419 1718 2463; x_wconf 90' lang='lat' dir='ltr'>est,</span> 
     </span>
    </p>
   </div>
   <div class='ocr_carea' id='block_1_5' title="bbox 118 2465 1718 2517">
    <p class='ocr_par' dir='ltr' id='par_1_5' title="bbox 118 2465 1718 2517">
     <span class='ocr_line' id='line_1_31' title="bbox 118 2465 1718 2517; baseline -0.001 -16"><span class='ocrx_word' id='word_1_288' title='bbox 118 2511 122 2517; x_wconf 26' lang='grc' dir='ltr'>ι</span> <span class='ocrx_word' id='word_1_289' title='bbox 181 2465 497 2511; x_wconf 79' lang='lat' dir='ltr'>quemadmodum</span> <span class='ocrx_word' id='word_1_290' title='bbox 517 2465 633 2501; x_wconf 83' lang='lat' dir='ltr'>etiam</span> <span class='ocrx_word' id='word_1_291' title='bbox 653 2466 834 2512; x_wconf 84' lang='lat' dir='ltr'>epistolas</span> <span class='ocrx_word' id='word_1_292' title='bbox 854 2466 1079 2512; x_wconf 83' lang='lat' dir='ltr'>sapientum,</span> <span class='ocrx_word' id='word_1_293' title='bbox 1105 2477 1197 2512; x_wconf 87' lang='lat' dir='ltr'>quas</span> <span class='ocrx_word' id='word_1_294' title='bbox 1218 2467 1404 2513; x_wconf 87' lang='lat' dir='ltr'>Diogenes</span> <span class='ocrx_word' id='word_1_295' title='bbox 1426 2467 1449 2502; x_wconf 92' lang='lat'>1.</span> <span class='ocrx_word' id='word_1_296' title='bbox 1471 2466 1488 2501; x_wconf 96' lang='lat' dir='ltr'>I</span> <span class='ocrx_word' id='word_1_297' title='bbox 1507 2465 1718 2511; x_wconf 84' lang='lat' dir='ltr'>adscripsit,</span> 
     </span>
    </p>
   </div>
   <div class='ocr_carea' id='block_1_6' title="bbox 180 2512 1720 3037">
    <p class='ocr_par' dir='ltr' id='par_1_6' title="bbox 180 2512 1720 3037">
     <span class='ocr_line' id='line_1_32' title="bbox 180 2512 1718 2559; baseline 0 -11"><span class='ocrx_word' id='word_1_298' title='bbox 180 2513 342 2559; x_wconf 83' lang='lat' dir='ltr'>Argivus</span> <span class='ocrx_word' id='word_1_299' title='bbox 381 2512 553 2549; x_wconf 85' lang='lat' dir='ltr'>literator</span> <span class='ocrx_word' id='word_1_300' title='bbox 584 2513 733 2549; x_wconf 88' lang='lat' dir='ltr'>videtur</span> <span class='ocrx_word' id='word_1_301' title='bbox 771 2513 998 2550; x_wconf 84' lang='lat' dir='ltr'>condidisse·</span> <span class='ocrx_word' id='word_1_302' title='bbox 1031 2516 1132 2551; x_wconf 88' lang='lat' dir='ltr'>certe</span> <span class='ocrx_word' id='word_1_303' title='bbox 1170 2525 1298 2551; x_wconf 89' lang='lat' dir='ltr'>omnes</span> <span class='ocrx_word' id='word_1_304' title='bbox 1330 2514 1379 2550; x_wconf 90' lang='lat' dir='ltr'>ab</span> <span class='ocrx_word' id='word_1_305' title='bbox 1411 2514 1542 2550; x_wconf 90' lang='lat' dir='ltr'>eodem</span> <span class='ocrx_word' id='word_1_306' title='bbox 1567 2513 1718 2549; x_wconf 88' lang='lat' dir='ltr'>homine</span> 
     </span>
     <span class='ocr_line' id='line_1_33' title="bbox 181 2560 1720 2608; baseline 0 -12"><span class='ocrx_word' id='word_1_307' title='bbox 181 2560 422 2597; x_wconf 87' lang='lat' dir='ltr'>fraudulento</span> <span class='ocrx_word' id='word_1_308' title='bbox 447 2561 557 2597; x_wconf 84' lang='lat' dir='ltr'>fictae</span> <span class='ocrx_word' id='word_1_309' title='bbox 584 2562 680 2598; x_wconf 88' lang='lat' dir='ltr'>sunt.</span> <span class='ocrx_word' id='word_1_310' title='bbox 708 2561 753 2598; x_wconf 88' lang='lat' dir='ltr'>cf.</span> <span class='ocrx_word' id='word_1_311' title='bbox 781 2573 877 2608; x_wconf 85' lang='lat' dir='ltr'>quae</span> <span class='ocrx_word' id='word_1_312' title='bbox 903 2562 949 2598; x_wconf 87' lang='lat' dir='ltr'>de</span> <span class='ocrx_word' id='word_1_313' title='bbox 974 2562 1138 2599; x_wconf 88' lang='lat' dir='ltr'>Lobonis</span> <span class='ocrx_word' id='word_1_314' title='bbox 1169 2562 1329 2598; x_wconf 83' lang='lat' dir='ltr'>fallaciis</span> <span class='ocrx_word' id='word_1_315' title='bbox 1360 2561 1573 2607; x_wconf 88' lang='lat' dir='ltr'>nuperrime</span> <span class='ocrx_word' id='word_1_316' title='bbox 1598 2560 1720 2597; x_wconf 88' lang='lat' dir='ltr'>Hiller</span> 
     </span>
     <span class='ocr_line' id='line_1_34' title="bbox 180 2608 1716 2665; baseline 0 -21"><span class='ocrx_word' id='word_1_317' title='bbox 180 2608 221 2644; x_wconf 88' lang='lat' dir='ltr'>in</span> <span class='ocrx_word' id='word_1_318' title='bbox 245 2608 339 2646; x_wconf 87' lang='lat' dir='ltr'>Mus.</span> <span class='ocrx_word' id='word_1_319' title='bbox 367 2608 436 2644; x_wconf 86' lang='lat' dir='ltr'>Rh.</span> <span class='ocrx_word' id='word_1_320' title='bbox 464 2608 620 2644; x_wconf 89' lang='lat' dir='ltr'>XXXIII</span> <span class='ocrx_word' id='word_1_321' title='bbox 653 2613 722 2645; x_wconf 86' lang='lat'>518</span> <span class='ocrx_word' id='word_1_322' title='bbox 749 2621 814 2655; x_wconf 89' lang='lat' dir='ltr'>seq</span> <span class='ocrx_word' id='word_1_323' title='bbox 851 2610 1098 2665; x_wconf 82' lang='lat' dir='ltr'>probabiliter</span> <span class='ocrx_word' id='word_1_324' title='bbox 1129 2611 1168 2646; x_wconf 87' lang='lat' dir='ltr'>et</span> <span class='ocrx_word' id='word_1_325' title='bbox 1199 2610 1308 2646; x_wconf 87' lang='lat' dir='ltr'>docte</span> <span class='ocrx_word' id='word_1_326' title='bbox 1340 2611 1615 2645; x_wconf 82' lang='lat' dir='ltr'>commentatus</span> <span class='ocrx_word' id='word_1_327' title='bbox 1649 2610 1716 2644; x_wconf 89' lang='lat' dir='ltr'>est.</span> 
     </span>
     <span class='ocr_line' id='line_1_35' title="bbox 181 2655 1720 2702; baseline 0.001 -11"><span class='ocrx_word' id='word_1_328' title='bbox 181 2676 226 2682; x_wconf 97' lang='lat'>—</span> <span class='ocrx_word' id='word_1_329' title='bbox 252 2655 373 2702; x_wconf 81' lang='lat' dir='ltr'>Igitur</span> <span class='ocrx_word' id='word_1_330' title='bbox 397 2656 429 2692; x_wconf 84' lang='lat' dir='ltr'>si</span> <span class='ocrx_word' id='word_1_331' title='bbox 461 2658 561 2693; x_wconf 83' lang='lat' dir='ltr'>recte</span> <span class='ocrx_word' id='word_1_332' title='bbox 596 2656 687 2693; x_wconf 90' lang='lat' dir='ltr'>olim</span> <span class='ocrx_word' id='word_1_333' title='bbox 719 2657 882 2694; x_wconf 85' lang='lat' dir='ltr'>Loboms</span> <span class='ocrx_word' id='word_1_334' title='bbox 914 2668 1050 2694; x_wconf 92' lang='lat' dir='ltr'>nomen</span> <span class='ocrx_word' id='word_1_335' title='bbox 1080 2670 1119 2693; x_wconf 89' lang='lat' dir='ltr'>m</span> <span class='ocrx_word' id='word_1_336' title='bbox 1150 2657 1231 2693; x_wconf 87' lang='lat' dir='ltr'>vita</span> <span class='ocrx_word' id='word_1_337' title='bbox 1262 2657 1456 2702; x_wconf 83' lang='lat' dir='ltr'>Sophoclis</span> <span class='ocrx_word' id='word_1_338' title='bbox 1486 2656 1649 2701; x_wconf 88' lang='lat' dir='ltr'>restitui,</span> <span class='ocrx_word' id='word_1_339' title='bbox 1681 2658 1720 2693; x_wconf 86' lang='lat' dir='ltr'>et</span> 
     </span>
     <span class='ocr_line' id='line_1_36' title="bbox 182 2669 1718 2758; baseline 0 -19"><span class='ocrx_word' id='word_1_340' title='bbox 182 2703 523 2758; x_wconf 86' lang='lat' dir='ltr'>comprobaverunt</span> <span class='ocrx_word' id='word_1_341' title='bbox 553 2704 651 2741; x_wconf 88' lang='lat' dir='ltr'>hanc</span> <span class='ocrx_word' id='word_1_342' title='bbox 688 2716 812 2741; x_wconf 82' lang='lat' dir='ltr'>meam</span> <span class='ocrx_word' id='word_1_343' title='bbox 844 2704 1096 2742; x_wconf 84' lang='lat' dir='ltr'>coniecturam</span> <span class='ocrx_word' id='word_1_344' title='bbox 1131 2705 1173 2741; x_wconf 91' lang='grc' dir='ltr'>Ο.</span> <span class='ocrx_word' id='word_1_345' title='bbox 1199 2705 1292 2740; x_wconf 86' lang='lat' dir='ltr'>Iahn</span> <span class='ocrx_word' id='word_1_346' title='bbox 1311 2669 1368 2740; x_wconf 81' lang='lat' dir='ltr'>pet</span> <span class='ocrx_word' id='word_1_347' title='bbox 1405 2704 1608 2748; x_wconf 87' lang='lat' dir='ltr'>Benndorf,</span> <span class='ocrx_word' id='word_1_348' title='bbox 1647 2704 1718 2740; x_wconf 88' lang='lat' dir='ltr'>hoc</span> 
     </span>
     <span class='ocr_line' id='line_1_37' title="bbox 182 2750 1718 2799; baseline 0.001 -13"><span class='ocrx_word' id='word_1_349' title='bbox 182 2762 330 2797; x_wconf 88' lang='lat' dir='ltr'>quoque</span> <span class='ocrx_word' id='word_1_350' title='bbox 356 2750 604 2798; x_wconf 81' lang='lat' dir='ltr'>epigramma,</span> <span class='ocrx_word' id='word_1_351' title='bbox 629 2753 730 2798; x_wconf 90' lang='lat' dir='ltr'>quod</span> <span class='ocrx_word' id='word_1_352' title='bbox 756 2764 845 2789; x_wconf 84' lang='lat' dir='ltr'>sane</span> <span class='ocrx_word' id='word_1_353' title='bbox 870 2752 947 2789; x_wconf 86' lang='lat' dir='ltr'>illis</span> <span class='ocrx_word' id='word_1_354' title='bbox 973 2765 1048 2789; x_wconf 91' lang='lat' dir='ltr'>non</span> <span class='ocrx_word' id='word_1_355' title='bbox 1072 2763 1301 2799; x_wconf 83' lang='lat' dir='ltr'>magnopere</span> <span class='ocrx_word' id='word_1_356' title='bbox 1327 2751 1453 2797; x_wconf 85' lang='lat' dir='ltr'>dispar</span> <span class='ocrx_word' id='word_1_357' title='bbox 1478 2754 1546 2796; x_wconf 86' lang='lat' dir='ltr'>est,</span> <span class='ocrx_word' id='word_1_358' title='bbox 1565 2752 1604 2788; x_wconf 90' lang='lat' dir='ltr'>in</span> <span class='ocrx_word' id='word_1_359' title='bbox 1630 2762 1718 2787; x_wconf 90' lang='lat' dir='ltr'>eun-</span> 
     </span>
     <span class='ocr_line' id='line_1_38' title="bbox 182 2799 1719 2846; baseline 0.001 -12"><span class='ocrx_word' id='word_1_360' title='bbox 182 2799 269 2835; x_wconf 91' lang='lat' dir='ltr'>dem</span> <span class='ocrx_word' id='word_1_361' title='bbox 306 2810 502 2836; x_wconf 86' lang='lat' dir='ltr'>numerum</span> <span class='ocrx_word' id='word_1_362' title='bbox 539 2800 791 2845; x_wconf 88' lang='lat' dir='ltr'>referendum,</span> <span class='ocrx_word' id='word_1_363' title='bbox 828 2812 948 2846; x_wconf 90' lang='lat' dir='ltr'>neque</span> <span class='ocrx_word' id='word_1_364' title='bbox 986 2801 1137 2836; x_wconf 90' lang='lat' dir='ltr'>omnino</span> <span class='ocrx_word' id='word_1_365' title='bbox 1168 2800 1388 2846; x_wconf 86' lang='lat' dir='ltr'>inscriptum</span> <span class='ocrx_word' id='word_1_366' title='bbox 1420 2799 1494 2834; x_wconf 87' lang='lat' dir='ltr'>fuit</span> <span class='ocrx_word' id='word_1_367' title='bbox 1518 2799 1557 2834; x_wconf 90' lang='lat' dir='ltr'>in</span> <span class='ocrx_word' id='word_1_368' title='bbox 1582 2799 1719 2846; x_wconf 79' lang='lat' dir='ltr'>tragici</span> 
     </span>
     <span class='ocr_line' id='line_1_39' title="bbox 182 2829 1718 2884; baseline 0.001 -2"><span class='ocrx_word' id='word_1_369' title='bbox 182 2848 436 2883; x_wconf 87' lang='lat' dir='ltr'>monumento.</span> <span class='ocrx_word' id='word_1_370' title='bbox 488 2848 562 2884; x_wconf 90' lang='lat' dir='ltr'>Sed</span> <span class='ocrx_word' id='word_1_371' title='bbox 586 2849 714 2884; x_wconf 87' lang='lat' dir='ltr'>tamen</span> <span class='ocrx_word' id='word_1_372' title='bbox 740 2829 1016 2884; x_wconf 83' lang='lat' dir='ltr'>dubitationem</span> <span class='ocrx_word' id='word_1_373' title='bbox 1047 2847 1168 2884; x_wconf 86' lang='lat' dir='ltr'>iniicit</span> <span class='ocrx_word' id='word_1_374' title='bbox 1192 2847 1335 2883; x_wconf 76' lang='lat' dir='ltr'>Valerii</span> <span class='ocrx_word' id='word_1_375' title='bbox 1365 2846 1520 2882; x_wconf 85' lang='lat' dir='ltr'>Maximi</span> <span class='ocrx_word' id='word_1_376' title='bbox 1551 2847 1718 2884; x_wconf 87' lang='lat' dir='ltr'>testimo-</span> 
     </span>
     <span class='ocr_line' id='line_1_40' title="bbox 182 2893 1719 2949; baseline 0.001 -20"><span class='ocrx_word' id='word_1_377' title='bbox 182 2893 304 2939; x_wconf 88' lang='lat' dir='ltr'>nium,</span> <span class='ocrx_word' id='word_1_378' title='bbox 336 2895 400 2940; x_wconf 90' lang='lat' dir='ltr'>qui</span> <span class='ocrx_word' id='word_1_379' title='bbox 426 2894 661 2942; x_wconf 80' lang='lat' dir='ltr'>epigramma</span> <span class='ocrx_word' id='word_1_380' title='bbox 692 2896 740 2932; x_wconf 82' lang='lat' dir='ltr'>ab</span> <span class='ocrx_word' id='word_1_381' title='bbox 772 2895 839 2941; x_wconf 91' lang='lat' dir='ltr'>Iop</span> <span class='ocrx_word' id='word_1_382' title='bbox 841 2896 958 2931; x_wconf 89' lang='lat' dir='ltr'>honte</span> <span class='ocrx_word' id='word_1_383' title='bbox 988 2896 1027 2931; x_wconf 91' lang='lat' dir='ltr'>in</span> <span class='ocrx_word' id='word_1_384' title='bbox 1058 2894 1177 2941; x_wconf 86' lang='lat' dir='ltr'>patris</span> <span class='ocrx_word' id='word_1_385' title='bbox 1208 2893 1427 2931; x_wconf 85' lang='lat' dir='ltr'>memoriani</span> <span class='ocrx_word' id='word_1_386' title='bbox 1459 2894 1630 2949; x_wconf 88' lang='lat' dir='ltr'>sepulcro</span> <span class='ocrx_word' id='word_1_387' title='bbox 1664 2895 1719 2931; x_wconf 90' lang='lat' dir='ltr'>in-</span> 
     </span>
     <span class='ocr_line' id='line_1_41' title="bbox 183 2908 1718 2988; baseline 0.001 -11"><span class='ocrx_word' id='word_1_388' title='bbox 183 2941 371 2988; x_wconf 80' lang='lat' dir='ltr'>sculptum</span> <span class='ocrx_word' id='word_1_389' title='bbox 409 2953 490 2979; x_wconf 87' lang='lat' dir='ltr'>esse</span> <span class='ocrx_word' id='word_1_390' title='bbox 522 2944 649 2979; x_wconf 82' lang='lat' dir='ltr'>narrat</span> <span class='ocrx_word' id='word_1_391' title='bbox 680 2943 767 2979; x_wconf 92' lang='lat' dir='ltr'>VIII</span> <span class='ocrx_word' id='word_1_392' title='bbox 800 2908 926 2987; x_wconf 77' lang='lat' dir='ltr'>7p12:</span> <span class='ocrx_word' id='word_1_393' title='bbox 959 2942 1188 2988; x_wconf 86' lang='lat' dir='ltr'>„Sophocles</span> <span class='ocrx_word' id='word_1_394' title='bbox 1220 2953 1368 2988; x_wconf 87' lang='lat' dir='ltr'>quoque</span> <span class='ocrx_word' id='word_1_395' title='bbox 1398 2941 1602 2988; x_wconf 84' lang='lat' dir='ltr'>gloriosum</span> <span class='ocrx_word' id='word_1_396' title='bbox 1634 2953 1718 2979; x_wconf 86' lang='lat' dir='ltr'>cum</span> 
     </span>
     <span class='ocr_line' id='line_1_42' title="bbox 183 2989 1720 3037; baseline 0.002 -12"><span class='ocrx_word' id='word_1_397' title='bbox 183 2999 305 3025; x_wconf 86' lang='lat' dir='ltr'>rerum</span> <span class='ocrx_word' id='word_1_398' title='bbox 344 2991 479 3026; x_wconf 81' lang='lat' dir='ltr'>natura</span> <span class='ocrx_word' id='word_1_399' title='bbox 510 2992 701 3026; x_wconf 83' lang='lat' dir='ltr'>certamen</span> <span class='ocrx_word' id='word_1_400' title='bbox 738 2990 886 3036; x_wconf 84' lang='lat' dir='ltr'>habuit,</span> <span class='ocrx_word' id='word_1_401' title='bbox 918 2992 998 3026; x_wconf 78' lang='lat' dir='ltr'>tam</span> <span class='ocrx_word' id='word_1_402' title='bbox 1028 2991 1188 3036; x_wconf 85' lang='lat' dir='ltr'>benigne</span> <span class='ocrx_word' id='word_1_403' title='bbox 1221 2989 1289 3027; x_wconf 87' lang='lat' dir='ltr'>illa</span> <span class='ocrx_word' id='word_1_404' title='bbox 1319 2989 1478 3027; x_wconf 86' lang='lat' dir='ltr'>mirifica</span> <span class='ocrx_word' id='word_1_405' title='bbox 1508 3001 1622 3037; x_wconf 88' lang='lat' dir='ltr'>opera</span> <span class='ocrx_word' id='word_1_406' title='bbox 1653 3003 1720 3028; x_wconf 82' lang='lat' dir='ltr'>sua</span> 
     </span>
    </p>
   </div>
  </div>
 </body>
</html>
