1890 3216
190 187 277 229 236
725 183 918 221 POETAE
945 178 1182 221 ELEGIACI.

190 302 252 339 est
283 300 334 339 ad
365 300 438 338 has
471 299 629 349 eclogas
663 297 953 337 concinnandas
986 299 1147 346 praeter
1173 297 1446 347 Theognidem
1479 298 1600 336 etiam
1627 298 1724 337 alio-

188 379 276 404 rum
321 367 504 404 veterum
547 366 757 413 poetarum
801 362 987 417 elegiacis
1032 362 1292 412 carminibus,
1343 362 1410 402 sed
1458 361 1632 412 plurima
1676 375 1723 402 ex

190 429 421 480 Theognide
459 428 697 478 depromsit,
737 441 815 467 non
853 428 983 467 solum
1021 427 1126 479 quod
1170 427 1254 466 eius
1299 428 1485 478 poemata
1527 427 1723 466 varietate

189 499 230 535 et
260 496 374 546 copia
406 494 695 533 sententiarum
728 493 903 543 insignia
940 495 1072 542 erant,
1111 493 1179 531 sed
1217 494 1338 532 etiam
1377 492 1483 543 quod
1513 493 1721 543 Megaren-

189 562 243 600 sis
276 561 438 600 decreta
475 559 716 610 praesertim
752 560 801 598 de
840 559 1010 609 publicis
1047 559 1167 598 rebus
1207 559 1423 598 breviatori
1453 557 1523 597 isti
1553 557 1724 597 maxime

189 625 415 677 probabilia
452 625 539 665 visa
577 626 687 663 sunt:
731 637 826 678 nam
868 624 1100 674 planissime
1139 626 1308 674 apparet
1344 624 1466 663 etiam
1504 637 1612 674 eum,
1657 623 1725 674 qui

189 692 260 731 has
304 692 463 741 eclogas
503 690 726 740 composuit
766 689 920 739 pariter
958 691 1078 739 atque
1117 688 1391 739 Theognjdem
1428 689 1615 739 populari
1650 689 1722 727 im-

187 757 299 807 perio
332 756 547 795 admodum
578 755 770 794 infestum
801 755 943 804 fuisse,
982 754 1086 793 unde
1117 755 1226 793 certo
1258 753 1444 793 coniicias
1476 766 1522 793 eo
1555 754 1724 805 saeculo,

192 823 256 862 cui
286 822 385 861 haec
417 822 573 872 sylloge
607 820 807 859 destinata
839 821 918 870 est,
958 820 1135 870 partium
1167 820 1301 859 studia
1332 820 1373 857 in
1406 819 1572 859 Graecia
1604 819 1723 858 etiam

192 890 287 927 tunc
319 888 577 927 vehementer
611 886 767 936 agitata
806 899 910 935 esse,
953 899 1054 936 quae
1090 899 1180 925 cum
1211 885 1492 924 Macedonibus
1524 884 1727 924 dominan-

189 952 297 991 tibus
324 953 453 1002 magis
478 952 689 1002 magisque
716 952 1029 1002 deferbuissent,
1061 952 1231 1002 denique
1261 952 1380 1001 plane
1409 951 1594 1001 obsopita
1619 951 1725 1002 sunt,

188 1020 403 1069 postquam
434 1017 602 1057 Graecia
631 1017 901 1057 Romanorum
933 1017 1108 1067 imperio
1133 1017 1312 1055 subiecta
1344 1010 1461 1068 est-³³).

189 1153 279 1185 wort
305 1150 360 1185 als
382 1149 730 1195 Ordnunysprincip
750 1150 814 1184 der
837 1149 991 1195 Theoyn.
1014 1147 1184 1195 Fraym.)
1209 1147 1274 1182 ubi
1300 1147 1439 1183 frustra
1457 1148 1660 1183 retractare
1686 1149 1726 1184 et

190 1197 374 1243 corrigere
401 1198 557 1232 conatur
581 1197 652 1232 hoc
678 1196 883 1234 inventum

288 1248 323 1289 5)
361 1244 614 1280 Nihilominus
657 1255 769 1279 ausus
810 1245 868 1280 est
908 1244 1106 1280 Nietzsche
1148 1243 1371 1278 contendere
1416 1243 1514 1278 hanc
1553 1242 1725 1297 syllogen

191 1292 383 1329 conditam
407 1303 488 1327 esse
513 1294 599 1337 post
623 1291 808 1327 Iulianum
841 1294 1070 1337 apostatam:
1106 1290 1287 1334 rationes,
1319 1290 1454 1335 quibus
1486 1288 1725 1326 vanissimum

191 1341 442 1376 commentum
478 1339 625 1374 firmare
660 1340 816 1392 conatus
848 1341 926 1385 est,
964 1338 1028 1384 qui
1058 1338 1151 1374 velit
1188 1349 1427 1384 cognoscere
1465 1337 1639 1383 inspiciat
1674 1337 1723 1374 Μ

191 1388 308 1424 Rhen.
335 1399 371 1433 p.
401 1390 467 1423 180
482 1398 557 1432 seq.
602 1386 679 1422 Usu
711 1385 786 1422 iam
820 1387 937 1431 venit,
975 1387 1075 1431 quod
1110 1386 1199 1422 olim
1226 1386 1404 1431 Iosephus
1432 1385 1600 1431 Scaliger
1622 1385 1723 1430 iecit,

190 1447 266 1472 non
291 1435 467 1482 Libyam,
492 1435 554 1471 sed
582 1433 818 1470 Germaniam
843 1435 987 1481 aliquid
1012 1435 1099 1470 novi
1123 1434 1283 1479 quotidie
1301 1444 1445 1478 parere.
