1890 3216
0 1836 9 1849 ν
0 1743 11 1774 ’·”,
3 1718 10 1721 f
0 1461 20 1685 vryywvoquv-sn

0 2611 13 2822 «.-w=n·'.aev‘-⁴·0'
0 2587 7 2599 ¹·
0 2550 5 2565 ·—
0 2509 6 2515 ³
0 2478 8 2497 -1

828 199 1034 238 EUENUS.
1617 199 1704 242 273

162 313 305 364 ritate,
337 313 449 353 cuius
481 314 639 353 saeculo
672 313 866 354 eiusmodi
899 314 1140 364 sententiae,
1172 326 1271 365 quas
1302 313 1545 353 Aristoteles
1577 312 1705 351 Eueni

125 388 129 389 ’
160 379 322 427 nomine
352 379 529 429 adhibet,
561 380 639 418 iam
673 382 788 419 erant
819 382 1084 431 pervagatae:
1119 381 1254 432 potius
1287 381 1598 420 consentaneum
1631 381 1704 427 est,

161 444 281 485 huius
311 447 454 496 poetae
487 447 664 485 aetatem
695 458 720 485 a
750 446 984 496 primordiis
1017 448 1116 488 artis
1154 447 1260 487 haud
1292 447 1351 486 ita
1382 446 1521 496 procul
1552 445 1709 485 abesse.-

161 509 279 550 Hunc
303 510 431 562 igitur
455 511 573 551 credo
599 511 792 551 maiorem
818 524 907 551 esse
926 512 1122 566 Euenum,
1154 513 1267 552 cuius
1293 512 1445 563 elegias
1471 523 1550 551 non
1576 511 1707 550 solum

161 575 403 617 Aristoteles
435 577 660 628 usurpavit,
694 578 762 617 sed
795 577 917 617 etiam
951 579 1003 629 is,
1035 579 1103 630 qui
1135 579 1339 630 epitomen
1371 590 1418 616 ex
1450 578 1706 628 antiquorum

161 642 542 694 olegiographorum
555 642 799 683 carminibus
814 644 1077 694 concinnavit,
1092 645 1183 685 vide
1202 644 1252 683 ad
1266 643 1445 694 Theogn.
1454 657 1492 682 v.
1501 644 1585 682 467
1597 655 1704 694 seqq.

162 707 242 748 Sed
273 709 382 748 haud
412 709 472 748 ita
496 709 624 748 multo
658 709 751 759 post
789 709 887 748 haec
919 709 1047 748 Eueni
1085 711 1278 762 carmina,
1317 722 1488 760 quorum
1525 710 1708 760 exempla

77 793 84 801 ·
160 775 243 815 iam
278 778 374 815 tunc
416 787 616 826 perpauca
659 774 849 815 videntur
892 775 1028 826 fuisse,
1076 777 1237 827 penitus
1283 774 1535 815 interierunt.
1591 775 1707 814 Hunc

162 840 333 881 eundem
370 841 446 880 inc.
478 842 618 880 auctor
655 840 750 891 post
782 839 1044 882 Censorinum
1075 856 1113 894 p.
1147 844 1202 882 86
1246 842 1362 892 dicit,
1400 841 1468 879 ubi
1507 841 1707 892 principes

162 906 365 958 elegiacae
396 906 528 957 poesis
554 906 739 946 auctores
771 909 968 947 recenset:
1002 906 1194 953 Gallinas,
1226 909 1501 951 Mimnermus,
1533 907 1707 955 Euenus,

162 971 360 1023 siquidem
395 974 505 1012 recte
543 971 585 1010 id
621 983 767 1011 nomen
805 974 1040 1013 restitutum
1081 976 1161 1024 est,
1202 986 1296 1013 nam
1333 974 1374 1012 in
1412 972 1526 1012 libris
1558 973 1709 1024 legitur

161 1040 354 1078 meatus.

281 1103 501 1142 Menander
532 1105 669 1142 utrum
700 1103 891 1144 maiorem
925 1117 977 1144 an
1007 1105 1203 1145 minorem
1235 1106 1419 1144 Euenum
1451 1107 1616 1156 propter
1648 1118 1708 1144 sa-

160 1169 356 1221 pientiam
375 1170 614 1220 laudaverit,
635 1182 715 1208 non
740 1171 868 1210 audeo
888 1171 1118 1210 decernere:
1143 1171 1226 1210 vid.
1246 1171 1396 1211 Auson.
1418 1171 1544 1210 Cento
1565 1171 1707 1221 Nupt.:

162 1234 290 1286 „Quid
319 1235 503 1276 Euenum
528 1247 640 1284 quem
670 1237 894 1277 Menander
923 1239 1135 1287 sapient-em
1161 1235 1339 1277 υοοανιᾚι
1372 1250 1449 1288 quo
1483 1238 1568 1276 loco
1600 1236 1709 1275 haud

163 1301 283 1341 dubie
303 1313 416 1340 error
435 1301 581 1352 aliquis
608 1302 818 1342 delitescit.
856 1303 918 1341 Ex
936 1302 1116 1342 Ausonio
1144 1304 1312 1355 colligas
1334 1303 1503 1342 eundem
1525 1303 1707 1342 Euenum

163 1366 286 1407 etiam
311 1366 508 1407 amatoria
532 1367 721 1416 carmina,
747 1380 850 1418 quae
874 1369 1041 1408 lascivia
1066 1371 1183 1408 erant
1210 1370 1398 1421 insignia,
1425 1369 1710 1419 composuisse,

94 1444 106 1456 ·
163 1445 355 1484 quorsum
386 1433 563 1484 pertinet
582 1433 780 1472 Artemid.
801 1433 935 1474 Oneir.
955 1435 975 1473 I
996 1437 1039 1474 4:
1079 1431 1228 1486 ἐτύμως
1265 1432 1503 1487 κεκλημένος
1534 1431 1710 1487 κάμηλος

163 1497 287 1540 οἱονεὶ
310 1493 535 1551 κᾶμμηρος,
568 1494 622 1547 ὥς
647 1510 773 1550 φησιν
799 1495 995 1551 Εὔηνος
1020 1499 1074 1540 ἐν
1103 1504 1203 1549 τοῖς
1228 1500 1297 1549 εἰς
1322 1497 1553 1552 Εὔνομον
1573 1496 1710 1553 Ἐρω-

163 1560 385 1617 τικοῖς*),
417 1564 510 1603 hinc
540 1564 670 1604 Eueni
703 1565 853 1616 scripta
884 1579 977 1605 cum·
1004 1566 1204 1607 Aristidis
1232 1567 1380 1606 fabulis
1408 1567 1576 1607 Milesiis
1608 1580 1711 1607 com-

164 1630 279 1681 ponit
309 1630 484 1680 Epictet.
503 1629 562 1668 IV
584 1631 622 1679 9,
644 1631 680 1670 6.
731 1630 915 1671 Euenum
947 1633 1140 1672 maiorem
1171 1633 1368 1672 amatoria
1399 1635 1587 1684 poemata
1618 1632 1711 1672 scri·
1774 1625 1777 1628 ⁵

164 1697 294 1747 psisse
326 1709 405 1736 non
437 1698 500 1735 est
530 1695 808 1749 improbabile,
840 1698 890 1739 cf.
922 1698 1100 1751 Theogn.
1126 1713 1163 1740 v.
1199 1700 1311 1739 1345
1334 1712 1427 1750 seq„
1459 1712 1598 1739 verum
1630 1698 1711 1737 ista

165 1763 340 1814 Erotica,
372 1774 474 1813 quae
505 1762 800 1814 Artemidorus,
832 1763 1053 1816 Epictetus,
1085 1764 1290 1805 Ausonius
1322 1764 1474 1813 dicunt,
1513 1764 1594 1803 illis
1626 1776 1710 1802 sae-

165 1827 265 1867 culis
298 1827 477 1868 studiose
516 1830 563 1866 ut
594 1828 755 1868 videtur
792 1830 1098 1883 lectitabantur,
1137 1843 1227 1870 cum
1266 1831 1427 1869 maioris
1466 1830 1594 1869 Eueni
1626 1842 1710 1869 car-

167 1893 275 1933 mina
311 1893 546 1933 iamdudum
584 1895 808 1945 intercepta
846 1897 993 1935 essent.
1055 1897 1198 1947 Neque
1234 1908 1330 1936 vero
1374 1895 1504 1935 minor
1547 1895 1710 1934 Euenus

167 1959 327 2000 videtur
358 1960 503 1999 horum
534 1960 775 2001 eroticorum
805 1962 946 2002 auctor
978 1973 1085 2012 esse,
1117 1964 1225 2002 certe
1256 1962 1358 2000 nihil
1396 1961 1613 1999 memoriae
1645 1963 1708 2000 est

166 2026 391 2078 proditum,
436 2026 542 2077 quod
586 2027 772 2066 ostendat
809 2040 901 2066 eum
941 2027 1139 2067 eiusmodi
1176 2028 1417 2078 argumenta
1460 2026 1709 2066 tractavisse.

169 2092 301 2143 Igitur
331 2092 587 2132 Eroticorum
620 2094 761 2132 auctor
791 2105 815 2132 a
846 2087 976 2132 Pai-iis
1007 2093 1137 2142 poetis
1162 2094 1282 2143 plane
1309 2093 1387 2131 erit
1413 2092 1709 2143 segregandus:

169 2158 372 2198 Ausonius
406 2148 616 2197 Menandri
646 2158 819 2207 laudem,
853 2171 955 2209 quae
980 2158 1211 2208 pertinebat
1236 2158 1287 2197 ad
1314 2158 1555 2197 alterutrum
1575 2158 1712 2196 Pario-

168 2237 259 2264 rum
290 2223 682 2275 elegiographorum,
713 2226 865 2263 temere
896 2224 1107 2263 transtulit
1138 2224 1190 2263 ad
1221 2224 1347 2263 alium
1372 2223 1556 2262 Euenum
1581 2223 1712 2262 Eroti-

169 2303 306 2331 corum
350 2292 573 2342 auctorem,
618 2290 685 2340 qui
729 2291 822 2340 post
864 2289 1076 2330 Menandri
1117 2291 1291 2328 aetatem
1335 2288 1453 2339 vixit3
1496 2289 1566 2327 sed
1609 2301 1711 2338 quae

169 2356 424 2396 necessitudo
455 2356 562 2395 inter
592 2356 698 2395 hunc
729 2358 771 2394 et
802 2355 1291 2406 epigrammatographos‚
1324 2355 1373 2394 de
1399 2354 1544 2405 quibus
1570 2357 1713 2405 postea
1726 2363 1795 2395 598

170 2416 336 2473 dicetur,
367 2421 601 2472 intercedat,
631 2421 933 2472 incompertum.

289 2488 400 2528 Haec
433 2488 607 2528 sirecte
639 2487 846 2538 disputata
877 2488 989 2535 sunt,
1025 2488 1170 2527 minori
1199 2486 1336 2526 Eueno
1369 2486 1585 2525 tribuenda
1617 2487 1712 2524 sunt

171 2555 220 2595 fr.
244 2554 376 2594 1—5:
408 2554 480 2593 has
513 2554 619 2593 enim
650 2554 842 2604 reliquias
867 2564 996 2602 neque
1021 2552 1176 2603 antiqui
1202 2552 1417 2592 admodum
1448 2564 1577 2602 neque
1602 2551 1712 2590 novi-

173 2620 225 2660 cii
254 2621 398 2671 poetae
429 2632 517 2660 esse
551 2621 739 2670 apparet:
771 2619 906 2669 itaque
931 2630 1012 2657 non
1037 2618 1177 2657 dubito
1210 2631 1257 2658 ea
1283 2618 1499 2669 sophistae,
1533 2618 1711 2657 Socratis

174 2686 351 2737 aequali,
381 2685 596 2726 vindicare.
646 2686 712 2725 Ad
747 2687 935 2725 maiorem
971 2684 1154 2723 Euenum
1191 2684 1322 2723 refero
1353 2684 1401 2723 fr.
1436 2685 1581 2723 6—9:
1618 2697 1711 2723 nam

173 2751 246 2791 hos
278 2763 420 2791 versus
445 2753 608 2804 praeter
638 2751 686 2791 fr.
709 2752 733 2790 6
760 2749 972 2789 Aristoteli
995 2751 1180 2800 acceptos
1206 2750 1434 2801 referimus3
1467 2749 1516 2788 fr.
1546 2751 1569 2788 6
1596 2762 1710 2800 prae-

96 2838 99 2842 *
175 2818 240 2856 ter
269 2817 532 2857 Plutarchum
563 2817 844 2857 Artemidorus
877 2818 919 2855 et
948 2816 1134 2855 Hermias
1172 2815 1381 2854 adhibent:
1419 2827 1580 2854 versum
1612 2815 1710 2854 satis

269 2929 304 2976 ¹⁸⁵)
329 2931 496 2968 Hercher
525 2928 637 2978 πρὸς
676 2928 854 2977 Εὔνομον
889 2929 1143 2974 commendat,
1183 2928 1319 2965 Reiske
1356 2929 1517 2975 permire
1553 2925 1711 2975 Ἐρωτη-

177 2982 358 3026 ματικοῖς.

248 3045 380 3071 Pon-uz
399 3045 476 3072 Lm.
503 3046 548 3071 11.
1382 3042 1425 3073 18
