1890 3216
823 169 1086 207 HIPPONAX.
1640 170 1728 213 483

922 305 991 347 62.

688 388 747 430 Οἱ
777 387 829 431 δέ
858 404 941 444 μευ
972 385 1134 439 πάντες

277 456 459 509 ὀδόντες
493 455 619 510 ἐντὸς
650 459 699 502 ἐν
730 457 924 515 γνάθοις
954 460 1215 504 κεκινέαται.

847 580 916 623 63.
952 581 1057 633 [374
1663 591 1732 624 πο

273 678 294 703 *
325 659 436 718 Ἐγώ
470 661 519 706 δὲ
552 663 681 723 δεξιῷ
714 660 833 720 παρὰ
867 662 1007 720 ῥητήρ

272 742 487 790 κνεφαῖος
520 732 670 797 ἐλθών
703 734 853 794 ῥῳδιῷ
886 738 1207 792 κατηυλίσθην.

922 856 991 898 64.

274 935 678 992 Μα>λῖς,’κονίσκε’
708 940 788 981 καί
816 955 869 994 με
901 936 1133 981 θεσπότεω
1166 939 1334 995 βεβροῦ

272 1007 467 1066 λαχόντα
499 1011 714 1066 λίσσομαί
742 1022 791 1053 σε
823 1007 883 1066 μὴ
917 1010 1195 1067 ῥαπίζεσθαι.

279 1224 338 1260 Fr.
367 1228 423 1260 62.
451 1223 572 1260 Cram.
594 1223 663 1260 An.
686 1225 754 1260 Ox.
775 1224 791 1258 I
811 1228 893 1270 288,
917 1229 952 1260 1:
979 1223 1046 1260 ubi
1071 1224 1117 1260 de
1143 1225 1265 1261 forma
1290 1223 1546 1271 μεμετρέαται
1567 1225 1728 1271 disserit,

181 1271 248 1309 καὶ
272 1268 367 1317 παρ’
391 1269 637 1308 Ἱππώνακτι·
667 1270 716 1308 Οἷ
740 1272 782 1308 δέ
810 1285 881 1318 μευ
908 1268 1064 1313 ὀδόντες
1098 1269 1138 1308 ἐν
1170 1277 1267 1308 τοῖσι
1292 1271 1472 1318 γνάθοισι
1498 1273 1729 1320 κεκινέαται,

184 1320 284 1356 unde
310 1319 401 1356 olim
426 1322 691 1356 tetrametrum
712 1320 860 1356 restitui
887 1318 937 1356 Οἱ
961 1316 998 1355 δ’
1028 1317 1119 1366 ἐμεῦ
1146 1317 1183 1366 γ’
1211 1318 1366 1362 ὀδόντες
1392 1319 1434 1357 ἐν
1459 1322 1541 1368 τῇσι
1569 1320 1732 1367 γνάθοις

182 1366 414 1404 κεκινέαται.
465 1367 620 1404 Auctius
645 1379 734 1404 vero
759 1369 798 1403 in
818 1368 876 1404 Et.
898 1367 948 1405 M.
969 1371 1050 1412 499,
1071 1372 1115 1403 41
1143 1368 1222 1413 (ubi
1253 1369 1299 1404 de
1335 1368 1552 1405 κεκινέαται
1580 1369 1730 1406 disseri-

157 1417 260 1462 ‘tur)
295 1416 375 1452 cod.
409 1417 492 1451 Par.
529 1413 567 1452 οἷ
596 1414 640 1452 δέ
676 1429 746 1462 μευ
774 1413 794 1452 ὀ
823 1413 852 1452 ἐ.
879 1429 968 1462 ny.
996 1413 1168 1457 πάντες
1198 1415 1429 1453 κεκινέαται.
1480 1418 1614 1463 Itaque
1640 1419 1729 1454 cho-

184 1463 346 1500 liambos
378 1463 530 1500 restitui
563 1464 746 1500 vocabulo
773 1461 914 1505 πάντες
946 1463 1172 1500 traiiciendo
1198 1465 1236 1500 et
1271 1461 1378 1506 ἐντὸς
1405 1461 1446 1501 ἐν
1472 1463 1635 1511 γνάθοις
1660 1477 1729 1512 pro

185 1509 228 1548 ἐν
265 1516 362 1548 τοῖσι
400 1514 579 1556 γναθοῖσι
618 1511 851 1557 corrigendo.
912 1511 1071 1558 Propius
1110 1513 1219 1548 abest
1257 1523 1280 1548 a.
1311 1512 1524 1548 litterarum
1560 1513 1729 1559 vestigiis

184 1560 287 1606 quod
313 1560 426 1596 antea.
451 1558 582 1595 refinxi
608 1555 763 1600 ὀδόντες
796 1556 844 1595 ἐν
875 1559 976 1607 τῇσι
1009 1556 1224 1607 γνάθοις,
1240 1561 1475 1604 κεκίνεαται,
1509 1561 1574 1596 sed
1600 1573 1729 1597 versus

182 1606 330 1643 numeri
354 1617 487 1653 parum
513 1607 625 1653 grati.
664 1606 837 1643 Ceterum
856 1607 896 1642 in
916 1607 973 1643 Et.
995 1607 1044 1644 Μ.
1066 1611 1147 1652 578,
1167 1612 1211 1643 41
1241 1609 1294 1654 (et
1314 1609 1443 1644 Zonar.
1467 1613 1570 1646 1351.
1603 1608 1730 1644 Miller

183 1654 287 1691 Misc.
315 1656 399 1700 213)
426 1653 542 1696 ἰακῶς
567 1653 834 1701 μεμετρέαται·
866 1652 970 1699 παρὰ
1002 1651 1246 1691 Ἱππώνακτι·
1279 1653 1298 1691 ὁ
1332 1655 1402 1702 μὲν
1435 1650 1503 1692 οὖν
1537 1653 1730 1701 Βόσπορος

185 1706 261 1739 κτλ.
300 1703 478 1739 Hecataei
512 1702 618 1739 locus
654 1714 739 1739 cum
775 1702 1022 1749 Hipponactis
1058 1703 1228 1739 versibus
1264 1704 1439 1739 confusus
1476 1706 1543 1741 est.
1603 1704 1730 1740 Miller
1775 1711 1780 1716 '

183 1750 288 1787 Misc.
405 1763 430 1786 s.
461 1752 562 1796 poet.
592 1763 628 1787 n.
655 1748 695 1786 οἴ
717 1747 754 1786 δ’
779 1748 870 1797 ἐμεῦ
898 1747 956 1788 ὀδ.
977 1748 1018 1786 ἐν
1044 1755 1139 1787 τοῖσι
1165 1764 1282 1787 κεκιν.
1321 1750 1436 1787 Brink
1462 1764 1586 1788 rursus
1612 1755 1728 1788 tetra.-

183 1800 263 1834 met
370 1798 538 1834 restituit
563 1796 603 1835 οἴ
625 1795 662 1833 δ’
691 1795 847 1840 ὀδόντες
871 1796 1014 1840 πάντες
1039 1796 1080 1835 ἐν
1106 1803 1201 1835 τοῖσι
1227 1801 1418 1858 γναθμοῖς
1437 1800 1524 1846 (hoc
1543 1801 1618 1836 iam
1638 1801 1728 1836 Mei-

183 1845 295 1892 neke)
326 1844 546 1882 κεκινέαται
577 1846 639 1883 vel
670 1844 711 1882 οἱ
739 1843 775 1882 δ’
810 1843 967 1888 ὀδόντες
1000 1843 1041 1883 ἐν
1072 1844 1253 1893 γνάθοισι
1290 1860 1430 1888 παντες
1455 1844 1730 1894 ἐκκεκινέαται,

181 1894 275 1931 item
301 1894 446 1930 Ahrens
471 1892 511 1930 οῖ
533 1892 576 1930 δέ
608 1907 678 1940 μευ
717 1891 873 1935 ὀδόντες
895 1896 900 1936 l
922 1925 945 1930 -
963 1912 988 1929 υ
1014 1892 1055 1931 ἐν
1083 1899 1177 1931 τοῖσι
1208 1897 1416 1941 γναθμοῖσι
1450 1893 1592 1937 πάντες
1625 1893 1728 1932 ἐκκε-

184 1940 370 1987 κινέαται,
395 1942 628 1979 choliambos
648 1943 797 1978 Renner
816 1940 856 1978 οἴ
872 1939 909 1978 δ’
931 1940 1088 1984 ὀδόντες
1114 1955 1184 1989 μευ
1201 1939 1266 1978 Ἐν
1291 1943 1357 1990 τῇς
1382 1939 1564 1988 γνάθοισι
1589 1941 1730 1985 πάντες

187 1987 463 2035 ἐκκεκινέαται,
482 1989 547 2026 ubi
566 1990 700 2026 vocula
718 1990 981 2036 monosyllaba
1000 1991 1204 2027 novissimo
1223 1990 1307 2026 loco
1328 2002 1456 2027 versus
1470 2002 1544 2027 non
1563 1992 1728 2028 ferenda.

281 2038 340 2073 Fr.
367 2042 424 2073 63.
477 2036 677 2074 Herodian.
703 2037 790 2083 περὶ
813 2051 899 2096 μον.
924 2038 997 2081 λε’ξ.
1027 2042 1088 2083 18,
1117 2042 1179 2074 1οε
1212 2035 1273 2074 διὸ
1308 2038 1538 2084 σημειωτέον
1571 2036 1728 2084 ἕρωδιὸς

185 2082 431 2132 ὀξυνόμενον,
452 2081 546 2130 ὅπερ
569 2084 647 2131 ἔχει
665 2083 760 2131 πρὸς
784 2098 827 2121 το
855 2090 882 2121 ὦ
910 2085 975 2121 καὶ
999 2083 1042 2121 τὸ
1069 2093 1084 2120 ῖ
1107 2083 1365 2145 γραφόμενον.
1391 2085 1541 2145 λέγεται
1567 2086 1609 2122 δὲ
1637 2084 1725 2123 ἔσθ’

185 2129 247 2169 ὅτε
275 2133 340 2169 καὶ
366 2131 634 2181 τρισυλλάβως,
659 2130 783 2178 ω”σπερ
816 2133 879 2168 καὶ
914 2131 956 2169 τὸ
989 2130 1083 2179 παρ’
1120 2137 1405 2169 Ιππωνακτι·
1442 2132 1541 2180 Εγώ
1574 2132 1617 2170 δὲ
1649 2138 1726 2173 κτλ.
1759 2156 1763 2159 »

188 2202 229 2207 -—
259 2181 302 2217 V.
330 2185 351 2216 2
379 2179 488 2216 affert
512 2181 628 2217 etiam
651 2179 710 2217 Et.
738 2181 788 2216 M.
808 2184 889 2225 380,
909 2185 968 2226 40,
988 2180 1052 2216 ubi
1077 2183 1178 2217 recte
1203 2186 1389 2226 κνεφαῖος
1414 2181 1564 2228 legitur,
1589 2181 1727 2219 Herod.

188 2227 394 2274 κναιφέως.
444 2228 556 2274 Resp.
583 2228 748 2264 Gramm.
774 2228 844 2264 An.
873 2228 939 2264 Ox.
965 2228 982 2263 Ι
1007 2232 1089 2274 440,
1115 2232 1155 2264 2:
1182 2229 1263 2264 καί·
1298 2226 1417 2275 ῥ’όδην
1450 2231 1726 2276 συνηυλίσθην·

179 2275 386 2320 Ἱππῶναξ·
438 2276 561 2312 Ceteri
598 2277 868 2322 κατηυλίσθην.
928 2277 1050 2312 Locus
1091 2276 1149 2312 vix
1188 2278 1290 2313 certa
1324 2276 1540 2313 coniectura.
1577 2277 1727 2314 restitui

186 2326 321 2371 potest.
373 2323 634 2360 Schneidewin
660 2324 755 2359 coni.
783 2320 855 2368 ἐγὼ
883 2322 925 2360 δὲ
952 2324 1063 2370 δεξιῷ
1090 2320 1182 2369 παρ’
1214 2321 1364 2370 Ἀρήτην
1391 2330 1576 2369 κνεφαῖος
1601 2322 1727 2361 ἐλθὼν

187 2370 311 2421 ῤ’ῳδιῷ
338 2372 607 2417 συνηυλίσθην,
633 2372 676 2407 ut
701 2370 813 2420 δεξῑῷ
840 2368 964 2420 ᾇῳδιῷ
991 2372 1041 2407 sit
1065 2372 1158 2408 bono
1183 2373 1313 2416 omine,
1337 2374 1498 2409 secunda
1523 2374 1594 2409 avi.
1646 2373 1726 2420 Ego

186 2420 278 2457 olim
315 2418 459 2456 conieci
494 2419 626 2462 δεξιῶς
662 2417 765 2463 παρὰ
801 2416 931 2464 Ῥῆσον
958 2448 966 2456 .
988 2447 1024 2456 ..
1063 2420 1336 2466 συνηυλίσθην,
1375 2419 1437 2456 vel
1474 2421 1585 2463 δεξιῶ
1622 2418 1726 2466 παρὰ

187 2465 298 2516 ῥἐίτῳ
325 2468 348 2503 i.
376 2478 407 2503 e.
434 2467 523 2503 rivo.
576 2466 649 2502 Sed
675 2478 720 2502 ex
745 2466 865 2503 Cram.
891 2466 962 2502 An.
989 2466 1166 2503 coniicias
1193 2466 1286 2503 alios
1318 2464 1458 2515 ῥ’ῳδιὸν
1490 2458 1647 2514 legisse,
1679 2467 1725 2504 cf.

185 2515 348 2561 Hesych.
382 2511 537 2561 ῥ’ωδιόν·
570 2511 636 2549 τὸν
673 2511 841 2559 ἑρωδιόν.
892 2514 1067 2550 Fortasse
1098 2515 1223 2551 verbis
1255 2515 1440 2561 corruptis
1471 2513 1574 2559 παρὰ
1610 2513 1726 2563 ρητήρ

187 2563 495 2600 Clazomenarum
530 2562 634 2598 locus
666 2561 803 2607 aliquis
834 2562 1004 2606 notatur,
1035 2562 1349 2607 quemadmodum
1384 2574 1480 2608 quae
1515 2563 1724 2608 Hesychius

186 2611 457 2648 commemorat
492 2609 594 2646 illius
628 2609 730 2645 urbis
767 2610 852 2645 loca
885 2610 1031 2653 Κῶνος,
1064 2607 1299 2655 Μαμάγκεια
1333 2611 1370 2646 et
1399 2608 1525 2656 Τυρήν
1552 2612 1725 2658 (Τυρεῖν)

186 2658 289 2696 haud
315 2658 427 2694 dubie
453 2659 501 2693 ad
526 2656 774 2704 Hipponactis
799 2657 945 2693 iambos
970 2658 1151 2703 spectant.

284 2706 343 2742 Fr.
372 2710 428 2742 64.
479 2705 603 2742 TzetZ.
629 2704 750 2741 Cram.
770 2704 839 2741 An.
862 2703 927 2741 Ox.
949 2704 1001 2739 111
1021 2709 1102 2749 310,
1133 2709 1192 2741 17;
1219 2706 1350 2751 Στίχοι
1371 2702 1625 2747 Ἱππώνακτος
1650 2720 1725 2751 τρι-

187 2750 395 2802 συλλάβους
431 2751 579 2799 ἔχοντες
613 2750 702 2793 τοὺς
735 2749 1023 2798 παραλήγοντας
1059 2749 1197 2794 πόδας·
1219 2782 1227 2790 .
1249 2782 1257 2790 .
1279 2781 1287 2788 .
1314 2753 1428 2788 Πᾶσα
1454 2749 1585 2799 ἆθηνᾶ
1618 2753 1727 2800 μαλὶς

779 2813 845 2841 -ς
869 2813 908 2835 αι
936 2813 951 2836 ε

188 2849 294 2890 κονὶς
329 2852 477 2895 κελαῖρε
514 2849 561 2894 (A
593 2847 706 2894 μωλὶς
731 2813 931 2883 sto—vicu?
964 2849 1007 2883 ut
1040 2847 1203 2892 videtur)
1238 2847 1303 2883 καὶ
1338 2845 1523 2894 μεδεπότε
1560 2844 1725 2896 ἆβεβρου

187 2898 235 2942 (Α
261 2898 331 2932 καί
351 2910 395 2943 με
428 2893 616 2932 δεσπότεα
649 2893 786 2943 βέβρου
819 2896 858 2931 et
887 2906 999 2942 supra
1024 2908 1075 2942 μα
1102 2924 1110 2932 .
1133 2923 1141 2931 .
1164 2923 1170 2930 .
1198 2895 1259 2940 οὗ)
1285 2892 1449 2941 λαχόντα
1480 2899 1555 2932 κτλ.
1606 2896 1726 2934 Locus

188 2943 355 2981 difficilis
380 2944 632 2991 expediendus
657 2943 810 2980 remotis
835 2942 1192 2989 interpretamentis,
1217 2954 1313 2989 quae
1338 2943 1497 2979 obscura.
1521 2943 1725 2982 illustrant.

1366 3003 1440 3038 31*
