1890 3216
685 188 1209 226 PSEUDOPHOCYLIDEA.
1670 191 1723 233 75

177 303 321 345 Graeci
356 305 518 355 poetae,
562 304 632 355 qui
668 303 834 343 virtutis
872 304 1070 354 magister
1106 304 1214 343 haud
1251 304 1444 356 ignobilis
1485 305 1722 353 habebatur,

176 383 388 423 personam
419 369 552 410 induit
560 365 614 422 *).

177 433 179 435 ’
299 436 566 487 Antiquitatis
605 436 800 475 ementita
832 436 964 486 specie
996 437 1175 488 legentes
1202 437 1383 488 decipere
1414 437 1564 477 noluit:
1599 437 1803 487 igitur451

177 504 212 544 si
243 516 367 543 unum
399 502 623 542 alterumve
649 514 813 542 versum
840 502 1079 553 antiquioris
1106 503 1275 543 alicuius
1307 506 1450 554 poetae
1475 503 1518 542 in
1542 503 1617 543 hoc
1644 516 1724 542 car-

176 570 283 610 mine
314 568 668 620 deprehendimus,
701 571 1015 608 consentaneum
1046 571 1126 619 est,
1159 570 1256 609 haec
1288 582 1367 609 non
1399 569 1450 607 ab
1482 569 1569 620 ipso
1603 570 1725 620 scrip-

147 637 281 685 *tore‚
321 634 391 674 sed
429 635 480 674 ab
519 634 610 674 aliis
650 636 813 685 postero
845 636 1026 685 tempore
1058 636 1211 675 inserta
1250 648 1349 674 esse.
1401 635 1529 674 Tenui
1569 635 1725 676 dicendi

177 713 326 754 genere
350 700 499 750 ubique
519 700 661 750 utitur,
695 713 939 751 quamquam
966 700 1116 751 passim
1142 703 1358 754 praecepta
1382 703 1590 752 perpetua,
1623 715 1726 752 quae

175 767 339 808 fastidio
376 767 560 817 legentes
602 766 774 805 obruere
818 767 967 817 solent,
1011 766 1212 806 varietate
1256 767 1425 817 quadam
1475 767 1726 818 distinguere

178 832 344 874 studuit.
395 832 587 872 Delectus
619 832 836 872 verborum
869 835 910 872 et
936 833 1124 872 iunctura
1149 832 1368 872 dictionum
1393 833 1445 872 ad
1469 832 1618 883 plebeii
1645 845 1726 872 ser-

177 898 306 939 mom's
343 910 462 937 usum
498 909 624 948 prope
662 897 877 947 accedunt,
921 911 1051 950 neque
1094 911 1284 938 versuum
1325 899 1482 937 numeri
1524 899 1726 949 elegantia

178 963 526 1012 commendantur,
557 964 605 1001 ut
635 962 744 1001 haud
775 976 867 1003 raro
900 964 1137 1015 ambiguum
1169 965 1233 1015 sit,
1265 966 1405 1004 utrum
1437 965 1609 1014 scriptor
1640 965 1726 1015 ipse

178 1045 232 1072 an
266 1030 425 1071 librarii
461 1028 690 1079 castigandi
729 1029 821 1068 sint.
878 1030 1070 1080 Inprimis
1109 1031 1318 1070 offensioni
1356 1033 1436 1081 est,
1474 1031 1582 1081 quod
1619 1031 1726 1070 haud

178 1110 269 1138 raro
300 1097 518 1148 praecepta
547 1107 628 1135 non
662 1095 762 1134 satis
794 1095 901 1135 iusto
933 1097 1000 1136 vel
1030 1097 1142 1135 nullo
1169 1097 1328 1137 omnino
1355 1097 1494 1136 ordine
1519 1109 1728 1136 recensen-

178 1167 263 1204 tur:
301 1162 461 1213 saepius
499 1175 523 1200 a
552 1160 731 1200 librariis
763 1164 972 1212 peccatum
1011 1175 1099 1202 esse
1138 1165 1314 1212 constat,
1351 1176 1447 1202 nam
1482 1175 1562 1202 non
1599 1163 1727 1202 solum

178 1229 274 1270 libri
309 1226 575 1278 manuscripti
612 1226 661 1266 de
698 1239 889 1266 versuum
926 1229 1064 1268 ordine
1101 1229 1220 1268 valde
1259 1229 1365 1268 inter
1398 1242 1439 1269 se
1472 1228 1727 1277 dissentiunt,

179 1296 250 1337 sed
275 1295 399 1334 etiam
418 1293 570 1344 passim
588 1293 786 1332 librorum
811 1295 1024 1334 meliorum
1050 1295 1199 1334 auxilio
1225 1308 1330 1334 nunc
1357 1307 1415 1346 ea,
1448 1307 1550 1345 quae
1575 1296 1726 1334 temere

179 1362 348 1402 disiecta
378 1360 562 1411 fuerunt,
594 1360 637 1398 in
668 1373 786 1400 suum
816 1362 949 1401 locum
980 1361 1173 1401 restituta
1205 1364 1309 1400 sunt.
1353 1361 1438 1400 Nec
1470 1363 1607 1400 tamen
1631 1361 1727 1399 licet

181 1429 232 1469 ad
269 1426 436 1467 eandem
466 1439 648 1466 normam
681 1427 815 1466 omnia
847 1428 1001 1478 pariter
1033 1427 1209 1478 exigere:
1249 1439 1343 1466 nam
1380 1427 1454 1466 hoc
1495 1439 1638 1476 poema
1676 1426 1726 1464 ab

180 1496 271 1536 aliis
303 1494 414 1535 vario
445 1493 564 1532 modo
596 1492 884 1544 amplificatum
915 1498 994 1543 est,
1026 1506 1108 1531 non
1141 1493 1271 1532 solum
1297 1480 1477 1532 eiusdem
1504 1491 1727 1531 sententiae

179 1574 323 1602 versus
355 1560 451 1599 sunt
481 1558 626 1608 additi,
666 1559 737 1615 sed
768 1559 890 1598 etiam
923 1559 1131 1610 scriptoris
1163 1559 1289 1609 ipsius
1327 1558 1520 1597 iudicium
1558 1558 1729 1608 castiga-

181 1630 267 1667 tur:
299 1627 436 1676 itaque
466 1637 548 1663 non
578 1624 725 1663 mirum
757 1624 918 1674 accidit,
958 1626 992 1664 si
1023 1638 1308 1675 nonnunquam
1345 1625 1411 1664 vel
1443 1624 1631 1663 continuo
1662 1624 1727 1663 vel

182 1693 305 1733 etiam
330 1690 500 1730 diversis
526 1690 785 1730 locis.eadem
804 1691 973 1730 variatis
1000 1691 1160 1730 tantum
1186 1691 1319 1730 verbis
1345 1690 1556 1729 iterantur.
1589 1690 1728 1739 Neque

183 1761 319 1799 tamen
349 1757 444 1796 licet
476 1756 575 1796 satis
607 1758 698 1795 tuto
731 1756 863 1796 aliena
889 1757 1113 1808 seiungere,
1145 1770 1238 1796 nam
1270 1757 1423 1807 ingenii
1448 1756 1727 1805 mediocritati,

183 1824 399 1876 quamrhie
432 1822 603 1873 scriptor
633 1823 782 1873 ubique
819 1836 917 1874 prae
950 1837 992 1864 se
1023 1825 1120 1874 fert,
1153 1823 1304 1874 aliquid
1337 1823 1640 1862 condonandum
1649 1818 1729 1875 **),

304 1889 419 1936 Quod
451 1887 596 1928 Suidas
627 1902 665 1928 v.
693 1889 930 1942 Φωκυλίδης
961 1890 1009 1929 de
1040 1891 1113 1930 hoc
1145 1891 1330 1940 poemate
1362 1888 1475 1927 dicit:
1509 1885 1581 1926 εἰσὶ
1614 1883 1651 1926 δ’
1686 1886 1730 1926 ἐκ

181 1945 572 2008 τῶν’Σιβυλλιακῶν
601 1952 858 2006 κεκλεμμένα,
890 1969 938 1995 ex
969 1956 1171 2007 Hesychio
1204 1954 1434 2004 descripsit,
1466 1965 1557 1991 nam
1591 1953 1730 1991 eadem

183 2023 291 2074 apud
327 2020 548 2060 Eudociam
579 2034 617 2071 p.
651 2021 736 2059 426
776 2020 978 2071 leguntur.
1031 2021 1111 2060 Sed
1147 2022 1305 2060 tantum
1344 2021 1476 2069 abest,
1515 2022 1561 2058 ut
1600 2019 1729 2069 Hesy-

185 2089 297 2128 chius
329 2100 471 2128 verum
510 2087 564 2126 sit
601 2090 829 2138 assecutus,
868 2091 914 2128 ut
945 2089 1110 2139 planum
1150 2088 1203 2126 sit
1240 2099 1349 2136 eum,
1389 2086 1456 2136 qui
1488 2085 1635 2123 librum
1668 2097 1728 2123 se-

185 2155 359 2196 cundum
391 2153 657 2194 Oraculorum
689 2153 978 2206 Sibyllinorum
1010 2155 1074 2194 vel
1111 2154 1267 2205 primus
1299 2152 1551 2192 concinnavit
1582 2152 1646 2191 vel
1678 2151 1728 2189 ab

186 2221 265 2261 alio
297 2220 539 2260 adornatum
570 2220 828 2272 retractavit,
859 2221 1061 2272 insignem
1091 2221 1250 2271 partem
1282 2218 1469 2258 carminis
1496 2216 1729 2267 Phocylidei

185 2287 278 2328 huic
308 2286 413 2327 libro
443 2286 672 2330 inseruisse.
725 2285 831 2325 Nam
863 2286 911 2325 de
944 2285 1106 2325 Christo
1132 2285 1219 2335 pios
1250 2284 1430 2324 homines
1462 2283 1617 2322 meritis
1649 2282 1728 2322 vir-

186 2354 287 2394 tutis
318 2352 510 2404 praemiis
543 2353 712 2391 ornante
731 2353 842 2412 ‘haec
874 2352 970 2392 dicit
999 2352 1041 2390 II
1073 2353 1148 2391 45:

186 2432 232 2465 45
252 2417 409 2478 ‘Ayvbg
439 2418 526 2479 γὰρ
557 2417 748 2478 Χριστὸς
778 2418 955 2471 τούτοις
985 2417 1039 2463 τὰ
1073 2421 1223 2463 δίκαια
1255 2417 1514 2475 βραβεύσει,

259 2492 350 2550 Καὶ
383 2494 596 2549 δοκίμους
628 2492 798 2547 στέψει,
831 2488 975 2548 αὐτὰρ
1007 2491 1126 2546 espa
1158 2489 1349 2547 μάρτυσι
1382 2487 1515 2532 δώσει

308 2593 343 2639 *)
371 2594 573 2629 Auctorem
598 2592 774 2628 carminis
800 2587 924 2637 ipsum
950 2590 1129 2627 ascivisse
1148 2589 1364 2634 Phocylidis
1388 2600 1524 2624 nomen
1546 2599 1664 2633 neque
1692 2586 1729 2622 id

188 2643 321 2689 postea
348 2641 396 2678 ab
421 2641 496 2677 alio
522 2640 687 2676 inditum
712 2650 791 2676 esse
818 2639 933 2675 etiam
958 2640 1122 2683 Bernays
1154 2637 1360 2682 existimat,
1395 2635 1565 2682 quamvis
1590 2635 1730 2680 primos

188 2700 316 2726 versus
341 2688 573 2735 expunxerit.
618 2688 758 2724 Verum
791 2687 892 2732 quod
924 2689 1052 2723 censet
1078 2687 1129 2731 (p.
1156 2684 1328 2730 XXXIV)
1360 2686 1560 2730 propterea
1591 2681 1729 2718 Milesii

191 2737 327 2783 poetae
352 2735 503 2772 nomine
529 2747 665 2782 poema
689 2747 796 2771 suum
823 2735 1026 2779 ornavisse‚
1059 2732 1237 2778 quoniam
1263 2732 1380 2767 etiam
1404 2731 1469 2766 ille
1494 2730 1599 2766 varia
1624 2740 1729 2775 prae-

191 2786 302 2831 cepta
325 2785 430 2820 nullo
450 2785 528 2820 fere
547 2784 697 2820 vinculo
717 2783 817 2818 inter
837 2793 876 2816 se
896 2783 986 2827 apta
1005 2781 1185 2824 ediderit,
1210 2779 1411 2815 tenendum
1433 2780 1490 2813 est
1507 2780 1729 2823 perpetuum

192 2843 343 2869 carmen
367 2833 416 2868 ab
440 2832 597 2877 antiquo
622 2830 826 2877 Phocylide
853 2841 1005 2875 prorsus
1037 2828 1201 2864 alienum
1234 2838 1325 2871 esse,
1361 2826 1427 2871 qui
1453 2825 1601 2871 singula
1625 2836 1728 2870 prae-

192 2882 303 2927 cepta
326 2879 561 2926 paucissimis
586 2878 758 2915 versibus
785 2878 1053 2923 comprehensa
1078 2875 1230 2910 seorsim
1256 2873 1505 2919 proposuerit.

282 2929 344 2981 ἦ)
370 2926 510 2964 Goram
535 2939 570 2973 p.
592 2931 638 2963 98
657 2925 899 2963 novissimam
920 2922 1105 2970 poematis
1125 2922 1271 2967 partem
1290 2921 1377 2956 inde
1398 2933 1420 2957 a
1439 2933 1471 2955 v.
1490 2924 1556 2956 179
1578 2919 1728 2957 omnino

193 2986 216 3010 a.
239 2976 384 3022 reliquo
411 2975 575 3012 carmine
600 2974 763 3011 alienam
788 2974 828 3010 et
852 2976 984 3020 postea
1009 2971 1196 3007 adiectam
1222 2980 1303 3006 esse
1329 2970 1466 3007 censet.
