1890 3216
145 156 233 198 370
689 158 877 193 POETAE
904 157 1143 207 ELEGIACI.

787 289 1031 324 ΙΑΜΒΟῙ.

882 374 949 415 15.

220 456 349 496 Τίθει
382 470 577 513 μαγειρω
611 455 724 510 μνᾶς
758 451 850 498 δέκ’
856 457 1037 516 ,ἰατρῷ
1071 454 1296 513 δραχμήν,

213 524 370 568 κόλακι
402 524 597 568 τάλαντα
628 526 777 582 πέντε,
810 523 1051 586 συμβούλῳ
1083 526 1279 583 καπνόν,

215 595 360 654 πόρνῃ
392 595 636 652 ταλαντον,
669 597 907 658 φιλοσόφω
939 597 1202 656 τριώβολον.

882 731 945 773 16.

217 809 312 854 Οὐκ
345 809 504 867 οἶσθα,
537 811 656 868 πήρα
689 792 885 869 δύναμιν
916 810 1077 869 ἡλίκην
1111 815 1198 870 ἔχει

212 883 397 941 θέρμων
429 900 475 926 τε
507 885 651 940 χοῖνιξ
682 883 756 926 καὶ
787 882 838 928 τὸ
873 881 1066 941 μηδενὸς
1096 884 1259 941 μέλειν.

881 1018 945 1059 17.

200 1095 376 1155 ’Έρωτα
408 1096 540 1141 παύει
571 1097 719 1153 λιμός,
753 1100 794 1141 εἰ
824 1097 874 1142 δὲ
906 1096 965 1154 μὴ
998 1096 1179 1155 χρόνος·

214 1166 294 1212 ἐὰν
327 1168 375 1212 dh
408 1168 520 1225 μηδὲ
551 1170 690 1213 ταῦτα
721 1167 805 1226 τὴν
837 1169 986 1226 φλόγα
1018 1169 1175 1227 σβέσῃ,
1608 1180 1678 1215 673
1732 1165 1734 1167 ,

211 1238 474 1297 θεράπευμα
508 1253 579 1284 σοι
611 1238 661 1284 τὸ
694 1245 886 1285 λοῖσθον
918 1238 1147 1305 ἠρτησθω-
1166 1239 1339 1297 βρόχος.

882 1374 949 1415 18.

206 1451 252 1498 Ὁ
283 1453 368 1511 γὰρ
401 1453 565 1512 χρόνος
597 1455 640 1511 μ’
677 1458 866 1523 ε’καμψε,
897 1455 1062 1498 τέκτων
1095 1471 1176 1510 μεν
1209 1453 1370 1511 σοφός,

213 1540 388 1568 απαντα
422 1522 466 1568 δ’
504 1519 797 1582 ἐργαζόμενος
828 1526 1142 1597 ἀσθενέστερα.

235 1703 292 1738 Fr.
323 1707 377 1739 15.
422 1702 533 1749 Diog.
553 1704 594 1739 L.
617 1703 668 1738 VI
689 1708 751 1739 86:
780 1702 858 1739 ἔστι
883 1703 947 1739 καὶ
974 1701 1198 1750 ἐφημερὶς
1223 1700 1246 1749 ἡ
1272 1702 1534 1751 θρυλλουμένη
1561 1717 1680 1746 ουτως

141 1750 298 1797 ἔχουσα·
334 1752 472 1787 Τίθει
503 1754 578 1786 κτλ.
613 1772 655 1777 —
689 1750 733 1787 V.
761 1756 794 1788 2.
821 1750 933 1787 πέντε
967 1751 1092 1796 codd„
1124 1763 1158 1787 v.
1191 1750 1296 1787 δέκα.
1319 1753 1377 1778 ’-
1406 1751 1450 1787 V.
1478 1757 1510 1788 3.
1545 1749 1679 1799 πόρνη,

139 1799 219 1834 cod.
249 1799 376 1845 Steph.
404 1795 543 1847 πόρνφ.

235 1871 293 1906 Fr.
311 1875 366 1906 16.
388 1870 496 1906 Teles
512 1871 614 1907 Stob.
633 1870 766 1906 XCVII
787 1875 848 1906 31:
879 1867 961 1906 Οὖκ
975 1867 1103 1927 αηδῶς
1128 1866 1200 1915 γὰρ
1220 1867 1381 1916 Κράτης,
1408 1867 1492 1906 οὐκ
1515 1869 1678 1928 οἶσθα,

141 1919 250 1976 φησί,
272 1921 348 1954 κτλ.
375 1931 409 1953 v.
436 1922 457 1953 2
484 1918 598 1954 etiam
623 1917 731 1964 Diog.
758 1919 798 1953 L.
820 1918 870 1954 VI
897 1922 959 1954 86:
987 1918 1051 1954 καὶ
1077 1914 1136 1952 ὅτι
1164 1915 1206 1953 ἐκ
1233 1919 1459 1964 φιλοσοφίας
1484 1915 1587 1968 αὐτῷ
1611 1931 1677 1955 πε-

139 1964 324 2011 ριγένοιτο
352 1963 538 2012 Θέρμων
564 1968 638 2001 κτλ.

235 2038 293 2073 Fr.
323 2041 377 2073 17.
428 2037 580 2073 Ansshol.
613 2036 691 2072 Pal.
724 2037 775 2072 IX
807 2041 893 2073 497:
930 2034 1123 2082 Κράτητος
1161 2035 1214 2077 εἰς
1246 2035 1367 2095 ἔρωτα
1393 2036 1464 2082 <ita
1495 2036 1555 2095 A),
1586 2038 1679 2074 item

142 2085 221 2144 eqd.
242 2085 352 2121 Vind.
375 2089 456 2120 311.
489 2084 657 2121 Paroem.
685 2084 719 2120 II
748 2098 783 2131 p.
812 2089 890 2120 754.
917 2083 1026 2131 Diog
1053 2084 1092 2120 L.
1118 2083 1171 2119 VI
1203 2088 1266 2120 86:
1298 2082 1453 2144 φέρεται
1488 2082 1525 2121 δ’
1560 2082 1678 2143 αὐτοῦ

139 2130 319 2168 κάκεῖνα·
338 2129 510 2177 Ἔρωτα
537 2136 611 2168 κτλ.
638 2133 703 2169 ubi
722 2145 756 2169 v.
784 2137 804 2167 2
826 2133 864 2168 eb
883 2137 904 2168 3
923 2132 964 2167 in
988 2144 1103 2168 unum
1130 2131 1333 2173 conbraebi:
1366 2129 1436 2168 ἐὰν
1463 2131 1505 2170 δε
1531 2129 1679 2182 τούτους

143 2178 192 2226 μὴ
220 2178 315 2237 δύνῃ
342 2180 520 2237 χρῆσθαι,
548 2178 690 2228 βρόχος.
743 2181 877 2216 Suidas
910 2193 942 2215 v.
970 2177 1120 2225 Κράτης
1152 2179 1261 2215 affert
1290 2176 1333 2215 V.
1364 2183 1381 2215 1
1409 2181 1448 2215 et
1478 2179 1613 2217 deinde
1644 2177 1681 2217 εἰ

140 2227 182 2264 δὲ
219 2226 268 2274 μὴ
304 2225 448 2287 βρόχος.
500 2228 554 2263 Cf.
581 2228 713 2264 Iulian.
742 2228 803 2264 Or.
829 2228 882 2263 VI
910 2231 977 2263 198
1002 2227 1053 2272 D,
1085 2226 1150 2262 ubi
1181 2227 1341 2273 Diogeni
1371 2228 1410 2263 et
1442 2227 1583 2264 Crateti
1613 2228 1678 2264 tri-

140 2275 284 2312 buitur:
313 2274 432 2317 ἔρωτα
465 2274 547 2311 λύει
578 2273 701 2322 λιμός,
732 2271 781 2311 ἄν
812 2274 855 2311 δὲ
887 2273 1008 2332 τούτῳ
1041 2270 1205 2332 χρῆσθαι
1236 2274 1286 2333 μὴ
1319 2273 1499 2321 δύνασαι,
1533 2273 1677 2334 βρόχος.

141 2322 314 2369 Respicit
340 2322 455 2358 Clem.
475 2323 534 2360 Al.
557 2323 629 2359 Str.
650 2323 684 2359 11
703 2335 740 2369 p.
761 2327 848 2381 493:
875 2317 986 2363 οὗτος
1011 2320 1053 2358 ἐν
1077 2320 1202 2363 ἄλλοις
1228 2304 1502 2368 εὖθυρημόνως
1525 2320 1678 2379 γράφει,

140 2371 206 2416 τῆς
232 2370 286 2412 εἰς
310 2369 357 2406 τὰ
390 2368 598 2416 ἀφροδίσια
629 2367 778 2408 ἇκατασ
802 2370 888 2406 ε’του
922 2367 1040 2416 ὁρμῆς
1070 2367 1325 2426 κατάπλοισμα
1353 2368 1454 2406 εἶναι
1485 2371 1612 2417 λιμόν,
1643 2371 1681 2407 εἰ

141 2417 183 2454 δὲ
210 2415 260 2464 μὴ
290 2415 438 2475 βρόχον.
465 2420 503 2454 et
528 2418 752 2455 Theodorei.
814 2418 848 2452 II
867 2430 902 2463 p.
926 2421 992 2452 172
1012 2417 1079 2453 ubi
1102 2418 1203 2453 recte
1229 2430 1460 2474 καταπαυμα
1486 2418 1678 2465 scriptum.

247 2471 315 2502 ..2
343 2464 412 2503 ἐὰν
444 2465 486 2502 δὲ
520 2464 633 2523 μηδὲ,
666 2466 747 2502 cod.
775 2465 886 2502 Vind.
913 2464 949 2501 εἰ
972 2463 1014 2519 ὃξ
1049 2461 1111 2518 μὴ.
1137 2465 1216 2500 Pal.
1242 2462 1310 2511 μὴ,
1341 2465 1416 2502 sed.
1443 2476 1551 2510 corr.
1567 2465 1676 2513 μ.ηδὲ

142 2535 184 2540 —
212 2514 255 2550 V.
283 2519 314 2549 3.
342 2512 579 2571 θεραπευμοὶ
601 2527 659 2550 σοι
684 2511 726 2549 τὸ
751 2516 908 2550 λοῖσθον
942 2511 1090 2559 scripsi,
1123 2512 1321 2570 legebatur
1353 2508 1546 2558 θεραπεία
1582 2514 1676 2560 (Pal.

139 2564 346 2607 θεραπεῖα)
373 2574 432 2598 σοι
463 2559 504 2598 τὸ
530 2561 681 2607 λοιπόν,
707 2573 827 2607 neque
854 2561 1038 2597 debebam
1062 2557 1253 2604 θεράπεια
1280 2559 1463 2603 scribere,
1491 2561 1676 2606 siquidem

140 2610 325 2656 correptio
350 2609 425 2645 ista
449 2609 627 2646 insolens:
654 2620 752 2645 nune
776 2608 880 2645 facili
910 2609 1063 2655 negotio
1093 2606 1230 2644 vitium
1254 2589 1504 2644 inveteratlim
1530 2608 1676 2646 sustuli.

141 2657 259 2693 Cobet
284 2658 379 2703 ἴαμα
404 2659 622 2704 praeoptat,
647 2656 742 2692 nihil
768 2656 930 2693 offensus
955 2655 1139 2692 vocabulo
1169 2652 1211 2690 τὸ
1243 2652 1387 2691 λοιπόν.
1414 2676 1459 2681 ——
1484 2654 1675 2703 ἠρτήσθω,

140 2705 218 2741 Pal.
245 2701 445 2751 ἠρτείσθω.

236 2776 295 2812 Fr.
324 2781 379 2812 18.
430 2773 1058 2821 8101).οΧ17131.Κρατηως·“0
1082 2771 1167 2821 γὰρ
1193 2776 1268 2810 κτλ.
1291 2773 1399 2810 —V.
1421 2778 1453 2810 1.
1473 2788 1543 2821 μεν
1569 2774 1675 2823 Voss,

141 2823 251 2859 Gesn.
277 2835 408 2870 marg.
435 2837 480 2870 με
506 2822 629 2869 Vind.,
656 2837 689 2860 v.
717 2821 772 2860 οὐ.
798 2823 971 2860 Meineke
998 2823 1140 2859 Crateti
1163 2823 1299 2868 poetae
1324 2789 1503 2867 antiquae
1529 2832 1675 2861 comoe

138 2871 226 2907 diae
251 2871 396 2916 tribuit,
423 2872 488 2908 sed
513 2873 624 2908 huius
650 2871 788 2908 fabulis
813 2882 887 2906 non
913 2883 1000 2907 usus
1026 2873 1084 2907 est
1103 2870 1296 2914 stobaeus,
1322 2869 1361 2905 effi
1384 2870 1612 2907 conveniunt
1634 2870 1675 2908 hi

140 2930 268 2955 versus
293 2919 465 2965 inprimis
491 2919 638 2965 Cynico.
1663 2940 1665 2942 ·
