1890 3216
798 202 1056 242 THEOGNIS.
1479 251 1491 264 ,
1612 206 1695 249 153

247 309 396 368 ἄνδρα
427 311 502 355 καὶ
534 310 618 357 οὐκ
648 310 883 358 ἐθέλοντα·
915 312 1055 358 κακὸν
1089 314 1141 358 δέ
1170 315 1218 358 οἱ
1246 311 1383 359 οὐδὲν
1415 317 1595 359 ἔοικεν’

308 379 336 441 ἡ
369 381 457 442 γὰρ
489 383 563 429 καὶ
594 383 791 443 χαλεπὴν
822 388 958 430 τίκτει
990 384 1255 444 ἀμηχανίην.

245 524 320 571 Ἐν
351 529 480 585 πενίῃ
514 525 555 571 δ’
593 526 618 572 ὅ
650 546 695 573 τε
728 527 877 583 δειλὸς
908 527 1024 587 ἀνὴρ
1057 528 1083 574 ὅ
1115 547 1159 574 τε
1191 528 1361 575 πολλὸν
1393 529 1591 588 ἀμείνων

309 601 538 656 φαίνεται,
572 593 663 643 εὖτ’
699 597 758 644 ἂν
791 599 847 658 δὴ
879 600 1142 659 χρημοσύνη
1175 602 1353 660 κατέχῃ·

153 683 224 717 396
248 673 332 716 τοῦ
363 670 446 728 μὲν
478 670 565 728 γὰρ
596 670 650 716 τὰ
684 674 835 716 δίκαια
867 682 1032 731 φρονεῖ
1060 673 1188 730 νόος,
1222 667 1276 718 οὗ
1308 674 1357 719 τέ
1385 689 1465 731 περ
1499 674 1585 719 αἰεὶ

310 745 434 787 ἰθεῖα
458 742 620 801 ,γνώμη
654 742 871 801 στήθεσιν
904 743 1126 804 ἐμπεφύῃ·
1631 758 1697 790 511

249 817 332 860 τοῦ
365 812 406 859 δ’
443 808 542 859 αὖτ’
579 813 681 860 οὔτε
713 825 866 868 κακοῖς
898 817 1044 861 ἕπεται
1076 816 1182 869 νόος
1215 815 1310 861 οὔτ’
1330 811 1611 874 ’ἀγαθοῖσιν

309 883 390 932 τὸν
422 883 464 931 δ’
500 884 687 944 ἀγαθὸν
711 890 882 946 τολμᾶν
914 886 997 947 χρὴ
1031 887 1084 933 τά
1117 906 1162 934 τε
1193 889 1267 934 καὶ
1298 888 1351 934 τὰ
1385 890 1550 948 φέρειν.

253 1032 497 1076 Αἰδεῖσθαι
530 1031 580 1076 δὲ
611 1034 794 1089 φίλους,
828 1031 1015 1090 φεύγειν
1047 1031 1085 1077 τ’
1122 1032 1396 1092 ὀλεσήνορας
1428 1032 1590 1092 ὅρκους

159 1102 232 1151 400
318 1103 550 1164 ἐντρέπει),
582 1103 830 1150 ἀθανάτων
862 1102 1319 1164 μῆνινᾶλευάμενος.

254 1248 415 1307 1Μηδὲν
447 1246 564 1306 ἄγαν
596 1248 825 1294 σπεύδειν·
857 1248 1014 1308 καιρὸς
1046 1247 1087 1294 δ’
1124 1249 1194 1295 ἐπὶ
1226 1252 1363 1295 πᾶσιν
1396 1249 1576 1309 ἄριστος

313 1324 531 1379 ἔργμασιν
562 1319 842 1380 ἀνθρώπων·
874 1321 1064 1367 πολλάκι
1097 1320 1140 1366 δ’
1176 1326 1240 1375 εἰς
1271 1320 1434 1381 ἀρετὴν

166 1453 169 1458 ι
233 1392 438 1440 ,σπεύδει
470 1391 607 1454 ἀνήρ,
639 1395 798 1452 κέρδος
831 1393 1088 1452 διζήμενος,
1121 1391 1176 1438 ὅν
1207 1411 1309 1438 τινα
1342 1397 1515 1452 δαίμων

295 1464 515 1524 πρόφρων
549 1465 592 1517 ἐς
617 1465 817 1523 μεγάλην
848 1465 1102 1524 ἀμπλακίην
1134 1460 1343 1523 παράγει,
1649 1510 1652 1517 ,

159 1550 228 1585 405
254 1541 333 1583 καί
362 1539 408 1582 οἱ
437 1539 573 1593 ἔθηκε
606 1539 779 1594 δοκεῖν,
812 1535 840 1582 ἃ
873 1537 956 1595 μὲν
987 1531 1016 1596 ᾖ
1048 1535 1183 1594 κακά,
1216 1536 1340 1582 ταῦτ’
1376 1535 1514 1595 ἀγάθ’
1550 1536 1664 1583 εἶναι

316 1607 562 1668 εὐμαρέως,
594 1607 623 1654 ἃ
656 1607 699 1655 δ’
733 1606 791 1655 ἂν
822 1604 859 1668 ᾗ
883 1608 1098 1669 χρήσιμα,
1130 1610 1268 1654 ταῦτα
1300 1609 1425 1654 κακά.

255 1788 301 1826 V.
333 1792 402 1825 391
442 1790 481 1825 et
511 1792 580 1824 392
624 1787 768 1824 Ahrens
813 1789 956 1825 alienos
994 1790 1042 1826 ab
1079 1790 1113 1827 h.
1153 1790 1178 1825 1.
1219 1800 1297 1825 esse
1338 1790 1484 1834 censet,
1527 1789 1702 1835 Emperio

160 1851 193 1876 v.
221 1841 291 1876 392
317 1836 465 1883 Spurius
490 1836 648 1875 videtur.
681 1857 728 1862 —
759 1837 803 1873 V.
830 1841 910 1874 392.
938 1835 980 1884 ἡ,
1006 1838 1036 1874 Ο
1063 1834 1099 1884 ἣ.
1133 1859 1177 1864 -—
1216 1837 1259 1874 V.
1287 1841 1367 1872 393.
1406 1832 1428 1872 ὅ
1453 1850 1491 1872 τε
1518 1850 1575 1882 π.,
1608 1849 1634 1883 g
1658 1849 1702 1873 ex

161 1898 255 1924 corr.
291 1882 376 1922 τότε
408 1897 448 1920 π.
483 1905 528 1910 -
565 1884 611 1921 V.
644 1888 725 1921 394.
766 1878 861 1930 εὖτ’,
900 1897 947 1932 cg
985 1882 1075 1922 ἔστ’.
1110 1907 1153 1912 -
1194 1883 1351 1932 κατέχῃ,
1390 1885 1424 1920 el
1462 1883 1622 1930 κατέχει.
1657 1905 1700 1911 -

161 1935 205 1971 V.
231 1937 312 1972 395.
346 1930 391 1968 τὰ
426 1934 557 1968 ὃικαια
583 1935 731 1979 ’φρονεῖ
751 1933 800 1979 Α,
833 1930 868 1968 τ’
896 1931 1012 1970 ἄδικα
1039 1930 1190 1979 (τᾶδικα
1217 1933 1262 1979 Ο)
1296 1931 1451 1979 φρονέει
1483 1933 1629 1978 reliqui.
1657 1955 1700 1960 —

163 1976 208 2019 οὗ
232 1995 272 2019 τε
299 1980 449 2017 Bekker
473 1980 604 2026 edidit,
637 1994 722 2016 ουτε
750 1982 794 2026 A,
823 1978 910 2017 οὔτε
938 1981 967 2017 Ο
995 1983 1033 2018 et
1058 1982 1245 2028 plerique,
1275 1982 1319 2016 nt
1343 1981 1469 2027 vulgo.
1505 1981 1701 2038 Emperius

160 2026 232 2076 ἠδέ
258 2027 297 2066 οἷ
319 2027 397 2064 αἰεὶ
423 2028 603 2073 coniecit,
638 2028 782 2065 Ahrens
808 2030 875 2065 τοῦ
907 2028 976 2076 μὲν
1008 2027 1085 2075 πὰρ
1116 2027 1163 2065 τὰ
1189 2031 1222 2066 ὃ.
1250 2029 1372 2076 φρονῇ
1400 2025 1505 2073 νόος,
1543 2027 1632 2064 ουὸέ
1666 2027 1705 2064 οἴ

162 2076 250 2114 αἰεὶ.
284 2098 329 2103 -
363 2075 408 2113 V.
435 2080 514 2112 396.
543 2075 667 2122 ἰθεῖα,
695 2076 724 2113 O
752 2075 867 2123 ἰθείη.
895 2098 940 2103 -
967 2074 1156 2125 ἐμπεφύῃ,
1181 2079 1215 2113 Α
1236 2073 1456 2123 ἐμπεφύιηι.
1479 2097 1522 2122 -5-
1550 2077 1592 2112 V.
1620 2081 1700 2112 397.

162 2121 283 2168 τοῦδ’,
310 2124 397 2161 fort.
423 2120 542 2170 τῷδ’,
567 2125 610 2160 ut
634 2124 821 2161 senfien'cia
846 2125 910 2161 sit:
943 2126 1002 2161 illi
1032 2137 1144 2172 neque
1173 2126 1216 2160 in
1246 2125 1409 2161 adversis
1439 2135 1552 2170 ‘neque
1583 2126 1624 2160 in
1648 2136 1700 2160 se-

163 2173 296 2211 cundis
319 2173 426 2209 rebus
450 2176 502 2208 est
522 2173 742 2219 prudentia,
777 2173 1092 2218 quemadmodum
1121 2172 1286 2210 ἕπεσθαι
1315 2171 1457 2208 dictum
1489 2174 1547 2208 est
1571 2185 1603 2208 v.
1631 2176 1701 2208 410

163 2223 203 2258 eb
227 2225 309 2257 412.
350 2219 511 2256 Omnino
537 2231 740 2266 componas
765 2233 850 2257 cum
875 2221 934 2256 his
963 2221 1077 2257 aliam
1098 2221 1267 2267 eclogam
1287 2232 1322 2257 v.
1338 2224 1514 2256 441—46.
1542 2241 1586 2246 —
1613 2216 1699 2255 αὖτ’

163 2269 214 2315 A,
247 2263 298 2304 αὖ
329 2268 475 2313 reliqui.
508 2288 554 2294 —
585 2273 733 2313 κακοῖς,
764 2269 779 2304 l
808 2273 992 2305 κακοῖσιν.
1032 2290 1076 2295 -—
1114 2270 1158 2306 V.
1187 2272 1266 2305 398.
1299 2265 1346 2303 τά
1378 2281 1436 2312 τε,
1469 2280 1495 2313 g
1519 2265 1621 2306 τάδε.
1654 2289 1701 2295 —-

163 2317 208 2354 V.
235 2320 317 2353 400.
345 2313 526 2363 ἐντρέπευ
553 2316 701 2375 scripsi,
734 2316 885 2352 Brunck
916 2314 1098 2362 ἐντρέπου
1125 2317 1186 2352 vel
1212 2311 1393 2362 ἔνη-ἔπε’,
1419 2315 1616 2361 legebatur
1642 2314 1701 2352 ἕν-

162 2377 276 2412 τρεπε
303 2360 356 2411 δ’,
381 2364 414 2398 A
435 2361 618 2410 ἐντράπελ
639 2392 648 2408 ,
674 2364 762 2400 hinc
780 2364 929 2400 Bekker
955 2364 1105 2411 scripsit
1125 2360 1352 2410 Εὖτράπελ’.
1392 2362 1512 2399 Locus
1536 2364 1700 2400 nondum

164 2412 377 2460 expeditus:
416 2412 478 2448 hic
516 2423 663 2459 quoque
701 2412 774 2448 duo
813 2412 974 2448 disticha
1010 2413 1183 2449 videntur
1226 2411 1464 2447 librariorum
1503 2411 1702 2448 oscitantia

117 2497 121 2502 ,
165 2460 360 2509 coaluisse,
386 2461 430 2496 ut
453 2461 689 2506 pentameter
715 2460 904 2504 exciderit,
931 2472 1042 2506 quem
1068 2461 1144 2496 alia.
1169 2460 1301 2506 ecloga
1326 2458 1484 2504 excepit,
1519 2460 1583 2495 ubi
1609 2460 1701 2496 haec

164 2510 242 2546 fere
266 2508 490 2555 legebantur
516 2537 524 2545 .
552 2537 560 2545 .
588 2538 596 2545 .
623 2506 711 2555 (ἔπη
739 2505 898 2554 φεύγειν
923 2506 1112 2554 θύσφημα
1138 2508 1203 2544 καὶ
1229 2506 1335 2553 ἔργα)
1363 2504 1615 2550 ἕντράπελ’.
1654 2508 1699 2543 cf.

164 2556 319 2594 Pindari
341 2556 452 2602 Pyth.
478 2555 530 2592 IV
553 2560 621 2592 104
647 2552 733 2592 οὔτε
761 2555 871 2602 ἔργον
898 2552 980 2591 οὔτ’
1009 2554 1098 2597 ἔπος
1119 2553 1349 2600 ἐντράπελον
1369 2552 1498 2599 εἰπών,
1523 2554 1578 2590 ita
1602 2556 1701 2590 enim

167 2617 252 2641 cum
276 2603 508 2641 Mommseno
534 2615 579 2640 ex
602 2603 784 2640 librorum
804 2603 1028 2640 auctoritate
1049 2603 1296 2644 scribendum,
1322 2603 1436 2647 atque
1456 2602 1570 2638 etiam
1589 2602 1699 2648 Pyth.

165 2653 252 2689 192
290 2663 376 2698 pars
406 2652 589 2688 librorum
627 2649 838 2697 ἐντράπελα
874 2650 1013 2697 κέρδεα
1049 2663 1118 2697 pro
1150 2648 1364 2696 εὐτράπελοι
1396 2650 1622 2695 suppeditat.
1657 2671 1700 2676 —

165 2696 410 2747 ἀλευάμενος,
436 2700 469 2735 Α
494 2696 744 2746 ἀλευάμενον,
777 2700 817 2736 Ο.
846 2698 1049 2735 Schneider
1079 2696 1320 2745 ἀλευάμενος.
1348 2717 1391 2723 —
1427 2697 1470 2732 V.
1497 2701 1700 2733 401—448

166 2759 238 2785 om.
265 2747 292 2784 1.
316 2768 362 2775 -
388 2747 433 2785 V.
460 2751 662 2784 401-406
695 2748 851 2783 fortasse
883 2747 1096 2794 Phocylidis
1127 2748 1230 2783 sunt:
1261 2746 1392 2782 Solom'
1416 2744 1549 2781 tribuit
1572 2745 1702 2781 Hertz-

167 2797 269 2842 berg.
301 2794 401 2831 Clari
426 2795 585 2832 alicuius
616 2796 752 2842 poetae
778 2806 858 2831 esse
884 2794 1000 2830 etiam
1025 2795 1064 2830 id
1090 2796 1311 2840 argumento
1337 2793 1405 2846 egt,
1432 2792 1532 2837 quod
1558 2792 1701 2839 Sopho·

166 2844 243 2880 cles
267 2842 396 2889 Antig.
424 2847 493 2879 620
518 2844 618 2879 hunc
643 2842 879 2890 potissimum
905 2842 1028 2879 locum
1053 2842 1202 2878 videtur
1227 2850 1441 2887 respexlsse.
1471 2860 1513 2865 —
1548 2840 1592 2876 V.
1618 2844 1698 2876 402.

168 2890 360 2937 ἔργμασιν,
386 2903 412 2938 g
433 2890 624 2938 ἔργμασιν,
651 2902 670 2927 0
691 2890 858 2937 ἕρμασιν.
879 2911 922 2916 -
951 2885 988 2924 δ’
1018 2888 1071 2931 εἰς
1090 2886 1242 2934 ἀρετὴν,
1268 2888 1412 2924 Ahrens
1432 2888 1455 2922 δ
1462 2883 1472 2896 '
1493 2886 1548 2929 εἰς
1565 2884 1700 2934 ἀάτην,

168 2938 318 2985 Sauppe
349 2936 396 2985 δὴ
429 2936 747 2986 ἀνέδην,>Ιε.οοὶ)ε
773 2935 812 2973 δ’
846 2936 900 2979 εἰς
931 2933 1094 2983 ἀπάτην.
1122 2958 1165 2967 —-
1199 2936 1243 2972 V.
1270 2940 1349 2972 404.
1382 2932 1578 2982 πρόφρων,
1609 2935 1701 2972 olim

167 2982 550 3033 udwomuconieci,
571 2987 647 3032 ised.⁴
667 2986 763 3023 conf.
783 2986 934 3028 Hesiod.
957 2985 1031 3032 Ope
1046 2987 1128 3022 6⁶5.
1148 3006 1193 3012 -
1221 2982 1260 3026 ἐς
1284 2984 1326 3029 b,
1352 2982 1407 3024 εἰς
1430 2983 1463 3018 .*.
