1890 3216
802 194 1068 232 HIPPONAX.
1621 193 1703 236 491

830 306 900 349 90.
933 304 1041 360 [64]
1127 347 1138 355 ,
1642 272 1710 348 7τᾶ

262 391 325 431 Εἴ
351 404 427 445 μοι
458 387 634 445 γένοιτο
667 388 895 448 παρθένος
926 387 1039 446 καλή
1071 405 1117 434 τε
1148 388 1223 433 καὶ
1255 388 1442 447 τέρεινα.

794 496 900 542 ²⁸91.
937 499 1074 553 [113]

255 577 303 625 ‘0
333 579 576 638 Κιθαιρὼν
610 582 851 626 Λυδίοισιν
884 582 934 626 ἐν
965 587 1141 639 χοροῖσι
1174 582 1375 639 Βακχῶν.

796 691 903 735 *92
938 691 1073 745 [111.]

261 772 353 818 Καὶ
384 776 516 833 κνίσῃ
547 771 649 819 τινὰ
681 773 920 831 θυμιήσας.

795 872 818 897 *
834 871 903 914 93.
937 870 1073 925 [115]

265 955 325 999 Οί
351 952 453 999 θεοὶ
485 950 538 997 τὰ
571 956 731 998 δεῖπνα
769 953 983 1014 Ταντάλῳ
1017 951 1183 1005 δόντες.

166 1085 243 1123 alia
267 1085 379 1132 plane
404 1085 494 1122 ficta
519 1085 623 1129 sunt,
649 1084 756 1121 velut
779 1084 871 1121 ibid.
895 1088 983 1120 271·
1012 1084 1330 1133 „Hipponactium
1357 1084 1558 1121 dimetrum
1585 1086 1711 1122 acata-

165 1134 306 1171 lectum
332 1133 483 1170 clodum
512 1155 555 1160 —

380 1190 510 1244 Χαῖρ’,
537 1187 566 1229 ὦ
594 1191 639 1230 σὺ
665 1190 832 1242 Λεσβικά
859 1190 1049 1239 Σαπφῶμ

167 1254 268 1300 (Keil
293 1258 420 1301 χαῖρε,
452 1269 480 1290 ω
507 1255 650 1309 Λεσβία
676 1250 844 1300 Σαπφώ)
878 1265 990 1299 quem
1016 1265 1165 1290 versum
1190 1253 1307 1290 Brink
1334 1254 1485 1300 (Philol.
1513 1254 1601 1291 XIII
1628 1256 1712 1302 608)

166 1313 239 1339 non
265 1303 428 1339 debebat
452 1302 608 1349 Diphilo
635 1302 779 1338 comico
804 1301 1007 1338 vindicare.

260 1351 319 1387 Fr.
341 1355 397 1386 90.
436 1351 642 1397 Hephaest.
665 1354 727 1386 30:
757 1348 1000 1396 Τετράμετρα
1027 1348 1069 1386 δε
1099 1347 1273 1398 (ίαμβικά
1300 1348 1573 1397 καταληπτικά)
1600 1347 1650 1392 ὡς
1669 1349 1710 1387 τὸ

165 1399 234 1435 τοῦ
259 1395 585 1440 Ιππώνακτος·
620 1399 665 1434 εἴ
686 1411 763 1444 μοι
789 1397 938 1444 (ACMP
965 1397 986 1434 ἔ
986 1411 1060 1444 μοι,
1086 1398 1184 1433 unde
1210 1400 1256 1434 αι
1277 1412 1340 1444 μοι
1365 1398 1486 1453 possis
1514 1398 1711 1444 conficere)

166 1449 242 1483 κτλ.
286 1447 388 1483 Idem
416 1458 543 1483 versus
569 1446 710 1492 legitur
735 1457 795 1492 ap.
817 1446 939 1482 Schol.
961 1446 1043 1492 HEp
1045 1446 1135 1482 haee
1138 1448 1164 1481 t.
1189 1450 1254 1482 168
1281 1448 1319 1482 et
1345 1447 1424 1482 sine
1451 1448 1585 1492 poetae
1611 1460 1645 1482 n.
1673 1446 1712 1482 in

165 1493 225 1530 Et.
253 1494 302 1531 M.
330 1498 388 1540 26,
412 1499 456 1530 57
485 1496 522 1530 et
548 1506 596 1540 ap
571 1507 606 1540 p.
635 1494 798 1531 Gramm.
825 1494 862 1530 in
890 1496 981 1530 nota
1007 1493 1226 1538 Gaisfordii‚
1253 1505 1365 1540 porro
1391 1506 1450 1540 ap.
1479 1495 1601 1531 Schol.
1630 1495 1710 1530 Ari-

167 1543 291 1589 stoph.
319 1542 419 1579 Plut.
447 1546 527 1578 253.
580 1542 708 1578 Schol:
730 1542 882 1578 Anthol.
910 1542 989 1579 Pal.
1015 1541 1100 1576 xm
1129 1546 1173 1578 28
1201 1546 1239 1578 et
1264 1542 1435 1578 Favorin.
1463 1546 1519 1579 85.

262 1590 322 1626 Fr.
349 1593 406 1626 91.
458 1589 604 1626 Plotius
631 1594 718 1626 273:
758 1589 1047 1636 „Amphicolum
1075 1590 1368 1636 Hipponactium
1399 1590 1549 1626 clodum
1575 1591 1618 1627 fit
1642 1590 1714 1627 hoo

167 1638 291 1683 modo,
318 1650 401 1674 cum
430 1650 474 1674 ex
500 1639 659 1684 utraque
684 1639 795 1684 parte
819 1637 974 1674 iambici
999 1638 1111 1673 metri
1130 1637 1254 1684 prima
1274 1639 1313 1674 et
1332 1638 1538 1674 novissima
1564 1638 1715 1675 clodum

168 1687 218 1722 sit
243 1688 416 1723 metrum.
466 1686 508 1722 In
534 1686 657 1732 prima
681 1686 832 1722 clodum
859 1687 935 1732 est,
962 1698 1045 1722 cum
1072 1686 1111 1721 in
1138 1686 1301 1722 secundo
1327 1686 1410 1722 loco
1437 1687 1598 1723 debente
1624 1686 1714 1733 poni

165 1734 310 1779 iambo,
342 1734 404 1770 vel
435 1733 645 1788 tribrachy‚
683 1734 744 1770 vel
775 1735 999 1780 anapaesto,
1036 1734 1222 1780 spondeus
1249 1734 1310 1770 vel
1337 1734 1508 1779 dactylus
1541 1735 1714 1780 ponatur,

167 1782 221 1818 sic
247 1783 287 1818 et
311 1782 350 1818 in
376 1781 599 1827 novissima,
631 1782 741 1828 quale
775 1783 831 1818 est
862 1782 934 1818 hoc
960 1782 1190 1827 exemplum:
1228 1784 1644 1827 οκιεαρρωναιδιοιοσιν
1673 1763 1714 1818 ἐν

120 1865 122 1867 μ
166 1831 487 1885 χοροῖςβακχῶν.“
503 1830 591 1866 Cod.
603 1829 1713 1874 BOKIOAPPONAIAIOIOGINCGXOPOIGBAXXcoN,

167 1878 363 1924 aliquanto
400 1878 535 1914 melius
570 1878 599 1912 A
635 1877 1713 1916 ΟΚΙΘΑΡΡωΝΑΙΛΙΟΙΟΟΙΝΘΝΧΟΡΟΙΣΒΑΧΧωΝ.

166 1927 259 1962 Cum
292 1927 489 1962 Λυδίοισιν
522 1926 698 1962 Gaisford
732 1927 927 1961 assecutus
961 1926 1078 1970 esset,
1114 1925 1261 1971 reliqua
1293 1926 1487 1972 expedivit
1517 1926 1715 1972 Emperius

167 1971 188 2010 ὁ
211 1971 412 2019 Κιθαιρὼν
439 1970 599 2009 ευΐοισιν
626 1971 667 2010 ἐν
694 1978 819 2019 χοροῖς
840 1974 998 2019 Βακχῶν
1025 1974 1201 2010 scribens
1241 1974 1334 2020 Ego,
1359 1975 1402 2008 ut
1426 1974 1566 2009 iustum
1586 1985 1715 2010 nume-

166 2034 249 2057 rum
274 2032 509 2066 revocarem,
543 2021 713 2067 quamvis
739 2021 963 2057 adversante
989 2021 1147 2056 metrico
1174 2021 1304 2078 scripsi
1337 2025 1498 2067 χοροῖσι,
1532 2023 1591 2057 est
1616 2022 1714 2058 enim

172 2073 376 2105 tetrameter
400 2070 545 2106 ionicus
571 2070 914 2115 brachycatalectus.
966 2068 1085 2104 Brink
1111 2069 1206 2104 coni.
1228 2062 1269 2104 Ὠ
1295 2071 1364 2104 Χῖε
1393 2070 1534 2115 χαίρων
1560 2071 1715 2111 Λυδίοις

196 2121 297 2162 οροΐς
323 2117 492 2162 Βακχῶν.

172 2131 192 2163 χ
262 2164 320 2200 Fr.
347 2169 404 2200 92.
443 2164 646 2221 Hephaest.
668 2167 732 2200 55:
746 2165 962 2221 Δίμετρον
973 2161 1015 2199 δὲ
1042 2160 1377 2209 ὑπερκατάληκτον
1402 2161 1444 2199 τὸ
1472 2162 1711 2211 καλούμενον

168 2210 375 2258 Σαπφικὸν
409 2207 765 2258 ἐννεασύλλαβον
743 2226 766 2257 η
793 2208 1107 2256 Ἱππωνακτειον,
1141 2210 1223 2247 οἷον
1257 2211 1333 2247 καὶ
1366 2212 1499 2258 κνίση
1532 2215 1607 2250 κτλ.
1659 2212 1714 2250 Cf.

168 2261 307 2296 Tricha.
333 2272 367 2306 p.
395 2263 452 2296 49.
486 2281 530 2286 -
569 2261 677 2307 κνίσῃ
705 2259 781 2305 ΟΡ,
812 2258 927 2305 vulgo
953 2260 1096 2306 um'wy
1131 2280 1174 2284 —
1210 2255 1420 2306 θυμιήσας,
1453 2226 1499 2295 E'⁷7
1510 2260 1715 2307 θυμηΐσας,

167 2359 364 2402 θυμιασας
389 2356 436 2401 Ρ,
472 2355 584 2392 Turn.
610 2357 671 2391 θω
674 2354 821 2410 ganto-0193
872 2355 999 2390 Verba
1030 2353 1076 2390 de
1108 2355 1201 2391 vitio
1237 2355 1426 2401 suspecta,
1467 2355 1532 2391 sed
1564 2356 1716 2413 ambigo

100 2449 104 2454 Ι
167 2406 296 2440 utrum
321 2402 414 2439 τινὶ
440 2403 490 2439 sit
515 2403 772 2447 scribendum,
807 2403 831 2438 i.
859 2414 890 2439 e.
916 2403 1046 2438 nidore
1071 2403 1187 2439 alicui
1210 2402 1357 2448 suffire,
1385 2414 1432 2438 an
1458 2404 1591 2449 κνίση
1619 2401 1715 2447 τινὰ,

169 2453 297 2498 adipes
330 2452 482 2488 adolere.
533 2455 660 2491 κνίσος
699 2450 897 2496 pluraliter
928 2450 975 2486 ab
1008 2450 1169 2486 Homero
1201 2451 1359 2507 usurpat
1342 2431 1445 2485 tun?
1456 2462 1535 2486 esse
1571 2451 1717 2487 censuit

169 2499 429 2543 Aristarchus,
465 2499 589 2535 Schol.
618 2498 804 2535 ll.11423
837 2496 934 2534 κατά
961 2511 999 2534 τε
1027 2499 1135 2544 κνίση
1164 2495 1372 2543 ἐκάλυψαν.
1413 2495 1644 2555 Ἀρίσταρχος
1669 2513 1714 2534 τα

168 2549 278 2593 κνίση
306 2545 515 2605 οὐδετέρως
540 2543 677 2582 ἀκούει
703 2575 711 2583 .
739 2575 746 2582 .
775 2574 782 2581 .
810 2546 876 2581 καὶ
912 2544 1012 2581 ἔστιν
1046 2543 1088 2582 ἐν
1119 2546 1162 2593 τῇ
1196 2547 1376 2595 κωμῳδίᾳ
1407 2543 1448 2581 τό
1486 2542 1632 2581 ἑνικόν·
1672 2544 1714 2582 τὸ

170 2600 298 2637 κνῖσος
323 2591 448 2630 ὀπτῶν
476 2591 622 2635 ὀλλύεις
653 2591 742 2635 τοὺς
771 2595 956 2639 γείτονας.
1006 2593 1061 2628 De
1093 2583 1257 2630 Homero
1285 2582 1442 2639 quidem
1474 2593 1638 2638 fallitur,
1678 2596 1717 2630 et

171 2643 270 2688 quod
295 2642 452 2690 pluralis
477 2641 623 2677 numeri
649 2641 861 2687 exemplum
887 2641 923 2676 ei
949 2653 1022 2677 non
1048 2641 1131 2677 erat
1154 2642 1344 2688 paratum,
1376 2640 1516 2676 indicio
1543 2643 1617 2685 est,
1644 2641 1717 2677 cri-

169 2691 287 2726 ticum
312 2691 352 2727 in
378 2690 631 2736 Hipponactio
657 2700 767 2725 versu
792 2688 908 2725 aliam
934 2688 1155 2735 scripturam
1182 2689 1409 2735 probavisse.
1462 2689 1716 2735 Hipponactis

171 2739 272 2774 haud
298 2738 411 2774 dubie
438 2739 496 2774 est
521 2749 659 2773 versus.

266 2787 324 2822 Fr.
352 2790 409 2822 93.
460 2785 604 2821 Plotius
630 2788 719 2821 280.
766 2784 1017 2828 „Trimetrum
1054 2784 1315 2820 catalecticum
1351 2784 1501 2820 clodum
1536 2786 1595 2820 est
1627 2785 1716 2828 tale,

171 2833 283 2892 <gualo
322 2834 510 2880 superius,
549 2833 612 2869 sed
643 2812 854 2878 penultima
884 2832 1038 2889 syllaba
1061 2832 1175 2878 longa
1208 2843 1276 2878 pro
1307 2832 1422 2868 brevi.
1475 2829 1526 2867 Οἴ
1554 2831 1644 2868 θεοὶ
1675 2829 1715 2867 τ’

169 2893 314 2917 αποινα
343 2884 384 2918 Τ.
416 2882 475 2917 δέ*
524 2881 579 2917 ita
603 2880 819 2924 Putscffius,
851 2877 897 2915 τὰ
931 2876 1043 2916 λοιπὰ
1071 2879 1263 2925 Gaisford,
1295 2882 1338 2915 ut
1368 2879 1617 2925 intelligenda
1641 2880 1717 2916 sint

170 2928 261 2964 Pelo
263 2928 321 2974 pis
336 2929 513 2965 membra.
537 2928 608 2964 Sed
625 2928 700 2964 alio
715 2928 856 2963 ducunt
868 2926 968 2972 hbr1
984 2927 1145 2963 ΟΘΘῸΙ
1160 2908 1313 2963 TAA’OI
1326 2929 1716 2963 NAITANTAAOIO

173 2975 382 3012 ΔΟΝΤΘΟ
412 2979 461 3021 Α,
499 2975 658 3012 ΟΘΘΟΙ
694 2974 1456 3011 ΤΑΛΟΙΝΑΙΤΑΝΤΑΜΟΙΟΛΘΝΤΘΟ
1483 2974 1524 3012 Β.
1575 2974 1715 3022 Scripsi
