1890 3216
814 209 1077 248 THEOGNIS.
1630 212 1713 255 121

170 329 217 364 30
301 314 430 376 τιμὰς
460 314 565 374 μηδ’
601 315 760 376 ἀρετὰς
791 318 916 364 ἕλκεο
948 316 1053 377 μηδ’
1090 318 1268 377 ἄφενος.

254 391 406 434 Ταῦτα
437 388 520 447 μὲν
553 388 696 443 οὕτως
727 395 847 435 ἴσθι·
878 400 1055 437 κακοῖσι
1089 391 1139 437 δὲ
1170 390 1229 450 μὴ
1262 395 1525 451 προσομίλει

303 459 543 519 ἀνδράσιν,
576 460 673 507 ἀλλ’
710 462 796 508 αἰεὶ
827 466 919 509 τῶν
950 462 1142 521 ἀγαθῶν
1175 467 1288 523 ἔχεο·

241 532 316 578 καὶ
348 531 456 592 μετὰ
488 542 634 580 τοῖσιν
666 544 767 581 πῖνε
798 536 872 580 καὶ
905 539 1048 594 ἔσθιε,
1079 536 1153 581 καὶ
1185 535 1292 594 μετὰ
1325 545 1470 582 τοῖσιν

300 606 382 663 ἵζε,
414 605 490 650 καὶ
522 604 691 652 ἅνδανε
722 616 838 665 τοῖς,
870 602 935 653 οὖν
968 607 1137 666 μεγάλη
1171 607 1373 666 δύναμις.

169 687 214 722 35
242 676 421 722 ἐσθλῶν
452 677 535 736 μὲν
566 677 654 737 γὰρ
686 677 761 724 ἄπ’
799 679 940 725 ἐσθλὰ
974 679 1220 738 μαθήσεαι·
1253 678 1311 738 ἢν
1344 679 1394 725 δὲ
1424 689 1630 727 κακοῖσιν

301 753 570 810 συμμίσγῃς,
603 749 783 804 ἀπολεῖς
815 751 890 796 καὶ
921 750 1003 797 τὸν
1035 751 1167 798 ἐόντα
1199 751 1322 798 νόον.
1644 766 1714 800 486

168 930 322 976 δαίνυο,
356 930 458 976 quod
491 931 548 966 est
577 931 620 967 Il.
648 931 770 967 XXIV
803 936 848 968 63
880 931 1030 977 aliaque
1060 933 1101 968 id
1132 944 1261 979 genus.
1295 954 1340 960 —
1374 933 1549 980 ἔργμασι,
1585 933 1714 981 ἔργασι

169 976 210 1014 O.
238 998 284 1004 —
310 974 402 1024 μηδ’
430 978 496 1014 καὶ
521 978 546 1023 i,
571 978 728 1015 fortasse
756 977 843 1026 μήτ’
865 980 1119 1024 scribendum3
1146 981 1212 1016 sed
1239 992 1351 1028 aegre
1372 981 1566 1027 diiudiees‚
1587 985 1712 1019 utrum

166 1024 313 1062 librarii
357 1024 614 1062 aberraverint
657 1037 706 1063 an
747 1027 928 1064 sermonis
971 1029 1098 1075 graeci
1137 1030 1365 1066 consuetudo
1403 1030 1444 1065 in
1478 1030 1536 1065 his
1571 1031 1713 1067 voculis

165 1073 332 1110 fluctuet.
360 1094 404 1100 —
432 1074 475 1109 V.
504 1078 560 1111 30.
587 1070 736 1120 ἀρετὰς,
762 1087 839 1112 non
863 1077 1104 1121 mutandum,
1137 1088 1224 1113 nam
1256 1089 1332 1114 non
1357 1079 1437 1113 tam
1463 1078 1508 1114 de
1543 1078 1713 1124 honesto,

166 1132 280 1167 quam
306 1121 353 1158 de
379 1121 491 1158 laude
525 1123 565 1158 eb
594 1123 828 1169 praestantia
862 1124 1141 1170 accipiendum3
1174 1125 1230 1160 uti
1263 1129 1320 1162 est
1351 1138 1385 1163 v.
1415 1129 1493 1162 129.
1522 1147 1563 1152 —
1593 1126 1711 1170 ἕλκεο,

166 1169 292 1206 Herm.
320 1169 483 1206 coniecit
508 1169 639 1214 ἔλπεο,
665 1173 707 1207 at
733 1171 902 1208 conferas
929 1171 1095 1218 Euripid.
1125 1173 1189 1209 Ino
1221 1173 1265 1208 fr.
1296 1178 1349 1209 13.
1389 1174 1562 1220 Hartung
1587 1175 1710 1211 totum

165 1217 292 1254 looum
316 1217 370 1254 sio
395 1217 660 1255 conformavit:
694 1217 858 1255 πέπνυσ’
893 1216 957 1266 ἠδ’
993 1220 1201 1266 αἰσχροῖσιν
1235 1217 1298 1258 ἐπ’
1327 1220 1484 1267 ἔργμασι
1510 1218 1602 1268 μήτ’
1630 1218 1711 1258 ἀδί-

165 1277 288 1302 κοισιν
314 1262 424 1311 τιμὰς
450 1263 537 1312 μήτ’
565 1262 705 1312 ἀρετὰς
732 1266 844 1304 ἔλπεο
871 1265 959 1314 μήτ’
987 1265 1144 1314 ἄφενος.
1166 1289 1211 1295 -
1232 1269 1275 1304 V.
1297 1270 1438 1305 33-36
1465 1269 1574 1306 affert
1599 1270 1709 1306 Plato

165 1312 262 1357 Men.
289 1325 326 1360 p.
353 1317 399 1350 95
424 1312 457 1348 D
493 1314 716 1360 Theoynidis
747 1316 917 1359 nomine,
948 1316 1041 1352 item
1074 1317 1217 1353 Muson.
1244 1329 1303 1364 ap.
1332 1317 1435 1353 Stob.
1462 1317 1542 1353 LVI
1579 1321 1633 1355 18.
1666 1339 1710 1344 —

165 1361 210 1396 V.
238 1365 294 1397 33.
323 1358 418 1407 μετὰ
444 1366 564 1398 τοῖσιν
589 1365 749 1408 utroque
775 1364 859 1400 looo
886 1364 1117 1410 Theognidis
1142 1365 1242 1410 libri,
1269 1366 1368 1410 quod
1393 1377 1492 1401 nunc
1518 1366 1709 1412 revocavi,

165 1409 213 1446 cf.
245 1409 353 1446 Hom.
388 1408 455 1445 od.
488 1413 520 1445 Λ
551 1414 621 1446 449
657 1409 740 1456 μετ’
774 1409 926 1455 ἀνδρῶν
962 1413 1033 1456 ἵζει
1065 1409 1235 1461 ἀριθμῷ,
1275 1425 1359 1448 oum
1392 1414 1505 1449 antea
1537 1414 1704 1450 Platonis

165 1457 281 1494 libros
307 1458 455 1493 secutus
479 1455 586 1504 παρὰ
613 1463 734 1494 τοῖσιν
767 1460 806 1495 et
837 1457 931 1506 μετὰ
964 1465 1083 1496 τοῖσιν
1115 1461 1362 1506 scripsissem,
1396 1463 1527 1497 contra
1558 1460 1708 1498 Brunok

166 1506 206 1542 et
235 1504 405 1551 plerique
437 1505 530 1551 μετὰ
566 1510 687 1542 τοῖσιν
719 1508 758 1542 et
788 1505 891 1553 παρὰ
924 1512 1043 1544 τοῖσιν
1076 1509 1270 1544 commode
1302 1508 1472 1554 quidem,
1505 1509 1570 1544 sed
1601 1509 1707 1545 nullo

165 1555 328 1589 auctore.
386 1552 591 1589 offensioni
627 1552 827 1600 fuit-pst&
863 1556 1058 1600 iteratum,
1093 1556 1222 1602 ibaque
1255 1556 1425 1592 variandi
1457 1557 1583 1603 gratia
1609 1557 1710 1603 apud.

166 1601 363 1637 Platonem
403 1601 527 1646 priore
558 1602 643 1638 loco
680 1599 784 1646 παρὰ
819 1603 1083 1647 substitutum,
1117 1604 1182 1640 alii
1215 1605 1403 1639 structura
1435 1604 1582 1640 variata
1614 1603 1709 1651 μετὰ

164 1649 239 1684 τῶν
265 1645 355 1694 σύγε
383 1649 423 1684 et
457 1646 550 1695 μετὰ
582 1653 719 1695 τοῖσιν,
750 1651 857 1686 velub
891 1654 950 1687 est
980 1652 1080 1697 apud
1113 1652 1256 1688 Muson.
1282 1651 1349 1687 καὶ
1383 1649 1476 1698 μετὰ
1510 1653 1584 1688 τῶν
1619 1650 1706 1698 σύγε

165 1696 236 1740 (ita
266 1696 349 1741 AB,
385 1696 500 1742 vulgo
531 1710 574 1743 γε
607 1694 667 1743 σὺ)
702 1702 787 1734 πῖνε
820 1698 886 1734 καὶ
919 1698 1025 1735 ἔσθιε
1059 1699 1123 1735 καὶ
1156 1697 1249 1746 μετὰ
1282 1704 1411 1736 τοῖσιν.
1463 1701 1559 1736 adde
1592 1700 1707 1736 etaiam

163 1743 368 1780 Nicostrat.
397 1743 499 1780 Stob.
526 1745 680 1781 LXXIV
706 1750 769 1782 64:
801 1743 961 1792 χρηστὸν
994 1745 1035 1783 δὲ
1069 1747 1134 1783 καὶ
1164 1744 1225 1783 τό·
1258 1744 1353 1794 μετὰ
1386 1748 1460 1783 τῶν
1494 1746 1582 1794 σύγε
1617 1753 1702 1784 πῖνε

163 1791 229 1828 καὶ
253 1792 358 1836 ι”ζανε
385 1788 478 1838 παρ’
506 1787 559 1828 ὧν
584 1794 624 1828 τί
646 1806 740 1838 φησι
771 1794 836 1830 καὶ
867 1791 1026 1840 χρηστὸν
1058 1791 1108 1830 ἂν
1140 1792 1384 1836 ἀπολαύσαις.
1414 1816 1456 1822 -
1483 1796 1527 1831 V.
1555 1799 1611 1833 34.
1638 1797 1705 1840 ἵζε,

164 1837 248 1884 ἕζευ
282 1840 335 1885 01,
366 1841 447 1884 ἵζευ
479 1853 515 1885 r,
541 1836 632 1884 ῧζευ
665 1853 682 1876 s
709 1843 782 1888 (ap.
811 1841 913 1879 Stob.
943 1844 974 1877 A
1008 1844 1047 1878 eb
1077 1843 1201 1880 Trina.
1228 1844 1333 1888 ἰ’ζεο).
1361 1864 1405 1870 —-
1437 1848 1532 1888 τοῖς,
1564 1848 1642 1884 τοῖς
1667 1842 1705 1879 δ’

165 1887 289 1924 Trinc.
317 1909 359 1914 —
384 1888 427 1924 V.
455 1891 512 1925 35.
539 1892 584 1924 36
611 1899 685 1924 om.
705 1901 741 1935 p.
762 1889 934 1926 Afferunt
958 1889 1030 1927 hoc
1050 1890 1238 1927 distichon
1266 1890 1382 1927 etiam
1402 1891 1572 1936 Xenoph.
1595 1891 1702 1928 Mem.

164 1935 181 1970 I
207 1939 240 1980 2,
267 1939 313 1972 20
340 1934 460 1981 (Stob.
481 1935 601 1972 XXIX
623 1939 695 1981 95).
723 1938 893 1983 Sympos.
915 1942 949 1981 2,
969 1943 1002 1973 5.
1024 1937 1195 1975 Clemens
1217 1938 1351 1975 Str-om.
1373 1939 1405 1974 V
1425 1952 1461 1984 p.
1483 1938 1706 1976 572>Cram

162 1985 233 2022 An.
268 1983 352 2020 Par.
385 1984 402 2019 I
433 1987 515 2020 229.
551 1984 673 2021 Schol.
707 1985 898 2032 Aphthon.
933 1986 1049 2022 Walz.
1089 1987 1216 2022 Rhett.
1249 1986 1284 2022 11
1319 1991 1402 2023 593.
1454 1986 1586 2023 Iriarte
1625 1991 1706 2023 448.

162 2030 332 2077 Respicit
363 2032 517 2068 Aristot.
551 2031 637 2069 Eth.
670 2033 751 2070 Nic.
779 2033 831 2068 IX
864 2038 902 2078 9?
937 2034 1084 2080 γένοιτο
1119 2033 1157 2070 δ’
1190 2030 1239 2070 ὂὶν
1271 2034 1335 2070 καὶ
1369 2031 1525 2080 ἄσκησίς
1556 2048 1611 2076 τις
1641 2035 1706 2080 τῆς

162 2075 1706 2175 ξὲῖτιῑῑοῗὰῑῑέ..ῑιζῆἴ..τῖῑὲιὲῗῐξῑιῐαῖῑῖπεξέζῑξᾶένεὲβεεένισθὲλὲξ

164 2172 234 2220 μὲν
259 2172 332 2220 γὰρ
359 2171 429 2210 ἄπ’
459 2141 590 2211 ἕσθλοῖ.
617 2175 663 2214 ef.
684 2177 800 2213 etiam
826 2159 1029 2214 Liban.'111
1057 2183 1102 2214 90
1129 2179 1184 2214 ed.
1211 2178 1368 2222 Reiske3
1394 2178 1495 2213 idem
1521 2178 1561 2213 in
1588 2178 1706 2224 Epist.

165 2226 209 2258 ‘19
230 2226 268 2258 et
289 2226 391 2259 1366.
421 2221 550 2259 crates
570 2224 635 2270 Ep.
658 2229 715 2260 29.
737 2246 780 2251 -
801 2221 871 2260 ἄπ’
901 2225 1163 2272 Adfghimnqr,
1191 2226 1307 2262 ceteri
1327 2222 1411 2261 ἀπ’.
1437 2247 1477 2251 -
1499 2223 1705 2271 μαθήσεαι,

162 2266 381 2316 μαθήσαιαι
405 2283 442 2315 r,
481 2268 677 2317 μαθήσεαι
709 2273 852 2308 Muson.
889 2272 1002 2310 Clem.
1037 2273 1178 2317 Cram.‚
1209 2275 1340 2310 contra
1377 2271 1552 2316 διδάξεαι
1585 2273 1707 2308 Xeno-

161 2317 264 2363 phon
297 2320 455 2364 utroque
486 2319 588 2364 loco,
622 2320 751 2366 Plato,
779 2321 1033 2366 Hermogenes
1065 2334 1124 2368 ap.
1156 2321 1274 2357 Bekk.
1309 2320 1448 2368 (Schol.
1481 2321 1704 2367 Aphthon.);

161 2377 221 2411 ap.
257 2365 360 2402 Stob.
393 2366 514 2402 XXIX
546 2371 591 2403 95
628 2367 743 2414 vulgo
782 2366 994 2429 noeffrg'oeoct,
1039 2371 1104 2406 sed.
1134 2371 1167 2404 A
1200 2369 1309 2405 Gesn.
1349 2380 1480 2415 margo
1519 2366 1705 2412 διδάξεαι.

162 2412 285 2451 schol.
322 2414 476 2451 Aristot.
510 2415 681 2460 (Hermes
715 2417 747 2452 V
779 2420 838 2460 91)
872 2414 991 2452 εσθλόι
1024 2416 1094 2464 μὲν
1127 2413 1211 2453 ἀπ’-
1233 2413 1379 2453 ἐσθλῶν
1416 2414 1612 2463 μαθήσεαι
1638 2416 1702 2459 (ib.

115 2497 119 2502 ,
161 2461 345 2510 συμμιγῇς
370 2465 410 2498 et
434 2459 574 2510 ἐόντα).
622 2462 749 2501 Aliam
774 2465 934 2510 denique
958 2465 1160 2502 lectionem
1186 2465 1334 2501 secutus
1354 2475 1434 2501 esse
1453 2464 1603 2501 videtur
1622 2464 1703 2499 Ari-

163 2510 318 2546 sto‘oeles
343 2510 464 2547 altero
489 2511 590 2548 loco:

445 2578 614 2618 Ἐσθλῶν
640 2581 710 2630 μὲν
735 2580 807 2629 γὰρ
835 2579 904 2619 ἄπ’
934 2579 1061 2619 ἔσθλ’
1089 2579 1367 2630 ἄπομοὶξεαι.

130 2692 133 2702 ¹
161 2652 261 2697 quod
291 2653 467 2699 probavit
496 2652 737 2698 Heimsoeth‚
774 2666 994 2700 comparans
1029 2655 1219 2701 Aristoph.
1254 2655 1347 2691 Rau.
1377 2659 1485 2700 1040,
1525 2655 1704 2700 reprobat

160 2699 342 2743 Leutsoh3
375 2702 423 2737 M.
451 2701 624 2738 Schmidt
655 2699 815 2747 δαήσεαι
847 2703 940 2738 olim
965 2702 1146 2748 scriptum
1171 2702 1286 2739 fuisse
1313 2702 1532 2748 suspicatur.
1571 2723 1614 2729 —
1640 2698 1700 2748 ἢν,

161 2746 199 2784 εἰ
221 2759 280 2794 ap.
302 2748 405 2785 Stob.
425 2761 480 2796 pr.
506 2748 550 2785 A.
578 2770 622 2775 —
644 2750 688 2786 V.
709 2754 766 2785 36.
793 2751 1000 2796 συμμίσγῃς
1024 2750 1181 2794 Bekker,
1208 2751 1430 2796 συμμισγῆις
1448 2750 1492 2793 A,
1519 2751 1704 2796 συμμιγῆς

163 2795 206 2840 Ο,
231 2795 323 2842 quid
341 2796 518 2834 habuerit
535 2809 573 2833 m
591 2797 788 2842 incertum,
808 2798 1026 2845 συμμιχθῇς
1045 2798 1172 2833 ceteri.
1199 2799 1383 2844 συμμιγῆς
1397 2798 1553 2841 Muson.‚
1575 2797 1703 2843 Clem.,

159 2841 283 2889 Plato,
304 2843 442 2890 Cram.‚
470 2845 538 2890 Ir.‚
568 2844 684 2890 Stob„
710 2846 751 2880 at
775 2845 874 2890 apud
901 2845 1070 2890 Xenoph.
1098 2844 1268 2891 Sympos.
1296 2847 1335 2880 et
1358 2845 1469 2880 Mem.
1497 2846 1703 2892 συμμίσγῃς

161 2890 280 2937 codd„
305 2891 561 2939 Hermogenes
588 2894 627 2929 et
653 2893 774 2930 Schol.
795 2893 936 2938 Aphth.
964 2893 1156 2938 συμμίξῃς.
1198 2891 1316 2928 Cobet
1340 2903 1407 2937 pro
1433 2891 1591 2938 imperio
1616 2893 1704 2929 ecsi-

162 2937 326 2975 bendum
359 2939 477 2977 edixit
502 2939 716 2988 συμμιγέῃς.
745 2960 789 2966 -
815 2937 883 2975 τὸν
909 2936 1040 2985 ἐόντα,
1072 2938 1137 2975 τὸν
1163 2938 1299 2975 νέοντα
1325 2940 1499 2986 Hermog.
1527 2960 1572 2966 -—
1598 2937 1701 2986 νόον,

166 2996 224 3031 ap.
252 2985 335 3022 Soh.
364 2987 553 3034 Aphthon.
579 3000 674 3024 unus
701 2988 780 3024 cod.
809 2989 902 3034 βίον.
