1890 3216
831 193 1095 231 HIPPONAX.
1647 191 1736 233 475

283 302 338 349 οὐ
370 307 608 362 τηγανίτας
639 302 882 362 σησάμοισι
912 300 1214 363 φαρμάσσων,

284 375 383 422 οὐδ’
418 375 656 430 ἀττανίτας
686 379 912 436 κηρίοισιν
947 373 1197 434 ἐμβάπτων.

858 522 928 566 37.
964 521 1069 576 [21.]

277 603 324 650 Ὁ
355 603 398 650 δ’
434 603 684 659 ἐξολισθὼν
718 603 883 649 ἱκέτευε
914 602 998 662 τὴν
1028 602 1236 662 κράμβην

283 676 366 735 τὴν
398 676 707 734 ἑπτάφυλλον,
739 676 797 734 ἣν
828 674 995 721 θύεσκε
1027 674 1257 734 Πανδώρη

288 752 608 809 Ταργηλίοισιν
641 751 828 807 ἔγχυτον
861 746 947 807 πρὸ
982 746 1236 807 φαρμάκου.
1669 758 1737 791 763

859 894 928 937 38.
963 894 1069 948 [23.]

282 976 356 1023 Ἐκ
386 979 594 1029 πελλίδος
624 979 852 1029 πίνοντες·
886 974 942 1020 οὐ
975 974 1062 1035 γὰρ
1094 970 1153 1033 ἦν
1185 973 1299 1034 αὐτῇ

283 1048 431 1107 κύλιξ,
465 1047 489 1094 ὃ
521 1057 624 1102 παῖς
655 1047 741 1106 γὰρ
775 1046 980 1106 ἐμπεσὼν
1013 1047 1272 1106 κατήραξεν.

868 1194 937 1237 39.
967 1194 1074 1248 [24]

286 1313 546 1323 .......
577 1276 650 1322 Ἐκ
683 1277 733 1322 δὲ
764 1279 843 1334 τῆς
874 1276 1035 1335 πέλλης

286 1353 463 1406 ἔπινον,
491 1348 645 1395 ἄλλοτ’
681 1348 837 1407 αὐτός,
865 1347 1015 1394 ἄλλοτ’
1049 1346 1207 1407 Ἀρήτη

287 1421 547 1480 προῦπινεν.

197 1612 241 1619 --
269 1591 313 1627 V.
340 1595 373 1626 2.
399 1591 603 1637 τηγανίτας
633 1590 810 1635 Οῆεαιιὶ).,
839 1590 1022 1650 τηγανιάς
1047 1588 1123 1624 VL.
1176 1588 1262 1625 Sine
1293 1588 1430 1625 idonea
1460 1588 1607 1625 rabione
1627 1588 1743 1624 Brink

197 1639 291 1676 coni.
319 1636 406 1675 οὐδ’
434 1637 746 1685 ἠγανίτας.-ἶῖ.
761 1643 793 1675 3.
809 1634 881 1674 οὐδ
900 1666 910 1683 ,
936 1637 1109 1673 Meineke
1136 1633 1206 1673 οὐκ
1232 1633 1445 1678 ἀττανίτας.
1467 1658 1512 1664 —-
1533 1637 1614 1673 Hoc
1640 1637 1741 1682 frag-

197 1687 366 1724 mentum
391 1687 493 1723 haud
518 1686 631 1723 dubie
657 1698 703 1723 ex
722 1687 853 1724 eodem
873 1685 1049 1731 carmine,
1074 1696 1095 1721 e
1115 1697 1189 1731 quo
1208 1685 1378 1731 superius
1398 1685 1573 1731 petihum:
1604 1684 1741 1721 descri-

195 1735 255 1771 bit
278 1736 414 1781 poetae
439 1734 597 1781 frugalis
623 1736 663 1771 eb
686 1735 792 1782 parci
817 1734 945 1770 fratris
971 1745 1110 1770 mores:
1142 1745 1263 1779 neque
1296 1734 1423 1769 tamen
1447 1734 1487 1769 hi
1513 1735 1589 1770 tres
1614 1743 1743 1769 versus

198 1783 376 1820 continuo
402 1782 653 1830 subiungendi
679 1784 765 1819 sunt
790 1782 991 1829 prioribus,
1016 1782 1059 1817 ut
1083 1781 1206 1818 visum
1233 1783 1289 1817 est
1313 1781 1479 1818 Brinkio.
1582 1788 1585 1793 “

291 1881 351 1916 Fr.
378 1883 434 1915 37.
486 1879 620 1915 Abhcn.
648 1879 700 1914 IX
725 1891 760 1925 p.
788 1882 858 1915 370
871 1879 920 1914 A:
947 1875 1014 1924 Μή
1039 1890 1130 1913 ποτε
1156 1876 1200 1913 δὲ
1227 1874 1248 1912 ὁ
1276 1878 1496 1924 Νίκανδρος
1521 1876 1657 1924 μάντιν
1683 1876 1743 1913 κε’-

195 1932 309 1975 κληκε
335 1925 404 1973 τὴν
430 1924 615 1976 κράμβην,
643 1925 751 1972 ἱεράν
778 1920 910 1970 οὖσαν,
937 1923 1022 1962 ἐπεὶ
1046 1925 1112 1962 καὶ
1143 1923 1235 1971 παρ’
1265 1923 1546 1962 Ἱππώνακτι
1573 1923 1620 1962 ἐν
1646 1930 1745 1966 τοῖς

197 1974 276 2023 ἰάμ
315 1989 382 2017 οις
407 1972 489 2012 ἔστί
510 1988 547 2010 τι
570 1972 778 2021 λεγόμενον
803 1975 995 2011 τοιοῦτον·
1017 1972 1059 2010 Ὁ
1083 1970 1120 2009 δ’
1151 1971 1207 2017 ἐξ.
1235 1977 1310 2009 κτλ.
1333 1995 1376 2000 -
1401 1974 1440 2009 V.
1463 1978 1495 2010 2.
1523 1969 1571 2019 ἣν
1598 1973 1744 2020 scripsi,

195 2018 218 2072 ᾖ
245 2025 278 2060 Α
316 2052 326 2069 ,
357 2020 381 2069 ἡ
407 2024 454 2068 Ρ,
485 2019 509 2068 ἢ
537 2022 618 2068 LV,
651 2024 690 2059 et
724 2022 859 2059 deinde
891 2019 1098 2068 Πανδώρη,
1130 2022 1328 2068 legebatur
1352 2019 1556 2067 Πανδώρη,
1582 2022 1741 2058 eandem

198 2071 500 2108 emendationem
523 2071 722 2117 proposuit
744 2071 794 2106 M.
821 2069 1010 2114 Schmid‘c3
1039 2068 1196 2115 ἔγχυτον
1220 2070 1278 2106 iba
1302 2069 1578 2115 explicandum,
1604 2070 1647 2104 ut
1665 2070 1745 2116 pla-

197 2120 308 2156 ceniza
331 2118 520 2155 brassicae
539 2119 690 2154 tantum
714 2119 874 2155 formam
900 2117 1085 2161 retulerit,
1111 2117 1178 2153 aut
1202 2117 1370 2154 brassica
1393 2117 1517 2153 farina
1542 2117 1743 2154 similibus-

198 2179 270 2213 que
295 2166 448 2204 condita
473 2165 646 2202 sacrificii
671 2167 754 2203 loco
782 2166 912 2203 oblaiza
935 2165 1051 2202 fuerit
1075 2165 1280 2202 Pandorae.
1308 2186 1352 2191 —
1385 2165 1429 2201 V.
1457 2170 1491 2202 3.
1521 2166 1744 2211 Ταργηλίοι-

198 2228 256 2252 σιν
277 2214 551 2258 Schneidewin,
577 2216 833 2260 γαργηλίοισιν
852 2214 930 2258 VL,
956 2213 1204 2260 γαργίλιοισιν
1222 2213 1265 2258 P,
1290 2215 1555 2259 θαργηλιόισιν
1575 2214 1621 2259 A,
1645 2216 1743 2259 θαρ-

197 2264 376 2309 γελίοισιν
404 2262 442 2298 Β.
482 2283 530 2288 -
568 2261 726 2308 ἔγχυτον
745 2262 827 2304 ΑΒ,
862 2260 1019 2308 ἔγχυλον
1043 2261 1151 2297 PVL.
1190 2281 1237 2287 —
1275 2259 1500 2308 φαρμάκου,
1534 2262 1741 2308 φαρμακοῦ

199 2310 470 2355 Schneidewin,
497 2309 538 2346 ai:
561 2310 636 2346 vid.
662 2310 710 2346 ad
735 2310 780 2345 fr.
808 2313 839 2346 5,
875 2309 1003 2367 Longe
1029 2309 1139 2345 aliter
1163 2308 1282 2346 Brink
1306 2305 1354 2356 ἣν
1379 2307 1522 2346 θύεσκε
1550 2306 1742 2356 Πανδώρη

201 2359 466 2405 Ταργηλίοισιν
493 2354 535 2394 ἐν
561 2354 722 2404 κύθροις
747 2354 767 2393 ὁ
795 2370 1007 2404 φαρμακος.
1057 2356 1216 2394 Videtur
1247 2359 1373 2394 autem
1405 2357 1451 2393 de
1477 2369 1595 2404 puero
1622 2368 1744 2393 sermo

198 2419 290 2450 esse,
322 2407 368 2442 de
400 2417 472 2451 quo
504 2405 578 2442 vid.
609 2405 653 2442 fr.
680 2417 769 2451 seq„
802 2405 857 2441 ita
887 2407 930 2441 ut
954 2406 1049 2442 haec
1081 2416 1126 2441 ex
1151 2405 1284 2442 eodem
1311 2406 1474 2442 carmine
1508 2405 1584 2441 sinb
1608 2405 1742 2451 petita.

199 2455 318 2492 Brink
343 2454 430 2490 huic
454 2453 665 2500 fragmento
690 2452 889 2499 praemisiss
912 2453 955 2491 fr.
982 2456 1038 2490 38.

293 2550 352 2588 Fr.
380 2553 436 2585 38.
462 2554 520 2585 39.
570 2548 706 2585 Athen.
736 2548 788 2584 XI
814 2552 882 2585 395
897 2549 943 2585 C:
979 2550 1101 2586 Τοῦτο
1133 2547 1176 2585 δὲ
1210 2546 1292 2595 (τὴν
1330 2547 1486 2594 πέλλαν)
1517 2546 1743 2593 Ἱππῶναξ,

198 2599 302 2644 λέγει
331 2598 540 2634 πελλίδα·
569 2593 641 2632 Ἐκ
674 2600 773 2633 πελλ.
810 2600 885 2634 κτλ.
924 2598 1051 2643 δῆλον,
1084 2595 1201 2644 οἶμαι,
1232 2597 1352 2632 ποιῶν
1377 2592 1436 2632 ὅτι
1461 2594 1642 2642 ποτήριον
1671 2595 1742 2643 μὲν

200 2643 270 2684 οὐκ
296 2641 358 2692 ἦν,
388 2642 442 2681 δι’
476 2642 641 2691 άπορίαν
674 2643 716 2681 δὲ
751 2642 902 2685 κύλικος
934 2642 1096 2690 ἐχρῶντο
1128 2645 1172 2692 τῇ
1199 2646 1355 2680 πελλίδι.
1406 2645 1482 2680 Καὶ
1513 2642 1645 2680 πάλιν·
1678 2641 1742 2680 Ἐκ

199 2694 242 2752 ὃξ
269 2697 345 2752 κττλ.
372 2715 416 2720 -
449 2693 493 2729 V.
523 2697 553 2729 1.
580 2690 676 2749 αὐτῇ
702 2692 809 2737 ΑΒΡ,
845 2688 975 2734 αὐτοῖς
1000 2691 1093 2728 CVL
1119 2695 1159 2729 et
1183 2692 1356 2748 Egustath3
1383 2692 1450 2728 Od.
1480 2696 1583 2738 1531,
1610 2696 1666 2751 537.
1694 2713 1742 2720 —

198 2741 690 2835 gffoquim'aeliffikubngggga
714 2762 767 2824 d—e
786 2739 1054 2834 sgripggfflaxsec
1064 2740 1242 2824 {ug-51³1]
1245 2740 1582 2824 elszgdipasszzgugugg
1596 2739 1743 2835 {51⁶1}ss

198 2837 325 2884 potius
350 2849 429 2873 rem
454 2837 636 2881 habebat,
669 2848 781 2882 quam
815 2848 898 2872 cum
933 2836 1182 2882 Hipponacte,
1206 2835 1282 2871 vid.
1308 2836 1352 2872 fr.
1382 2839 1436 2871 14.
1483 2835 1617 2882 Itaque
1644 2835 1741 2872 veri-

202 2885 324 2922 simile
358 2889 416 2921 est
445 2886 539 2921 haec
565 2885 778 2931 fragmenta
810 2895 829 2920 e
864 2884 961 2920 libro
987 2884 1004 2919 I
1035 2883 1157 2930 petita
1182 2895 1275 2920 esse.
1326 2883 1442 2919 Brink
1475 2884 1568 2920 coni.
1601 2882 1744 2930 ἔπινεν,

200 2932 301 2969 idem
327 2945 360 2969 v.
388 2938 409 2969 3
437 2932 585 2979 scripsit
616 2928 817 2978 προῦπιν’·
852 2930 873 2967 ἔ
897 2932 993 2977 ηξαν
1025 2928 1065 2967 δ’
1100 2929 1285 2980 ἁλίβαντα
1316 2932 1510 2976 πίνοντες,
1542 2943 1617 2968 non
1642 2932 1743 2968 recte

203 2979 426 3016 Callimachi
450 2991 599 3017 versum
626 2980 716 3025 (vid.
743 2979 870 3016 Antho
889 3009 896 3017 .
918 2980 1002 3027 Lyr.
1022 2980 1081 3016 Fr.
1099 2984 1166 3016 176
1187 2979 1242 3017 ed.
1259 2981 1296 3026 2)
1315 2978 1545 3027 Hipponacti
1564 2979 1743 3017 tribuens.
