1890 3216
830 174 1094 212 HIPPONAX.
1551 141 1554 145 ⁵
1646 174 1733 217 469

281 282 532 342 ἐπεύχομαί
557 302 648 342 τοι,
680 282 822 343 κάρτα
852 282 939 343 γὰρ
970 285 1117 336 κακῶς
1148 283 1272 342 ῥιγῶ.

856 442 922 485 17.
958 442 1064 496 [10.]

279 523 375 578 Δὸς
406 529 596 583 χλαῖναν
621 522 909 582 Ἱππώνακτι,
939 523 1082 582 κάρτα
1112 522 1199 583 γὰρ
1231 525 1344 583 ῥιγῶ

278 596 352 642 καὶ
383 597 663 655 βαμβακύζω.

871 755 938 798 18.
971 754 1047 808 [9.]

275 836 372 890 Δὸς
401 841 592 894 χλαῖναν
617 833 886 882 Ἱππώνακτι
917 836 992 881 καὶ
1023 839 1331 882 κυπασσίσκον

272 909 347 953 καὶ
379 911 661 966 Ισαμβαλίσκα
692 906 960 967 κᾶσκερίσκα
992 909 1066 953 καὶ
1099 911 1271 967 χρυσοῦ
1659 919 1727 953 758

274 983 495 1040 στατῆρας
527 980 741 1039 ἑξήκοντα
771 978 990 1038 τούτέρου
1020 984 1186 1039 τοίχου.

870 1138 937 1182 19.
973 1138 1049 1192 [9.]

268 1220 394 1279 Ἐμοὶ
426 1220 513 1280 γὰρ
540 1219 624 1267 οὐκ
657 1223 826 1273 ἔδωκας
858 1219 961 1266 οὔτε
993 1238 1056 1265 κω
1089 1225 1279 1279 χλαῖναν

272 1297 473 1350 δασεῖαν,
506 1295 555 1338 ἐν
586 1295 771 1351 χειμῶνι
804 1291 1045 1351 φάρμακον
1078 1294 1248 1350 ρίγευς,

272 1365 368 1412 οὔτ’
404 1364 618 1425 ἀσκέρῃσι
650 1364 757 1418 τοὺς
788 1364 931 1418 πόδας
963 1367 1198 1423 δασείῃσιν

271 1441 479 1497 ἔκρυψας,
511 1435 570 1491 ὥς
602 1436 662 1495 μή
695 1455 771 1496 μοι
803 1440 986 1496 χίμετλα
1019 1433 1248 1495 ῥήγνυταί.

180 1630 262 1655 rum
288 1629 334 1654 ea
358 1617 398 1653 in
422 1628 461 1654 re
486 1628 562 1652 non
589 1618 647 1653 est
671 1617 840 1662 locuples
867 1616 1084 1653 auctoritas.
1106 1637 1151 1643 ——
1172 1617 1217 1653 V.
1238 1621 1271 1653 2.
1297 1630 1366 1663 τοι,
1392 1617 1475 1653 Ald.
1502 1618 1583 1663 τοῦ,
1608 1617 1724 1653 Brink

180 1679 249 1703 σοι.
277 1687 321 1692 -
343 1663 456 1711 ῥιγῶ,
484 1665 744 1701 Schneidewin
776 1664 838 1700 hic
864 1666 902 1700 eb
926 1664 1025 1700 infra
1050 1662 1174 1711 ῥἰγέω.
1202 1686 1247 1691 —
1273 1666 1332 1701 Fr.
1362 1670 1415 1701 17.
1450 1666 1492 1702 V.
1519 1669 1552 1701 2.
1605 1667 1723 1714 αμβα-

179 1713 297 1760 κύζω,
335 1713 427 1750 Lud.
453 1713 615 1749 Dindorf
651 1714 884 1761 βαμβαλίζω,
924 1712 1185 1749 Schneidewin
1223 1711 1460 1762 βαμβαλύζω.
1494 1734 1541 1739 ——
1601 1726 1628 1749 r.
1667 1717 1722 1751 18.

178 1763 223 1801 V.
253 1766 282 1799 1.
315 1762 580 1798 μκυπιασσίσκον
617 1761 803 1807 respicere
840 1759 990 1796 videtur
1027 1761 1249 1807 Harpocrat.
1286 1765 1374 1806 117,
1408 1765 1446 1797 8:
1482 1764 1519 1796 Κ
1528 1758 1724 1802 ύπασσις

181 1840 190 1848 .
205 1840 213 1848 .
232 1839 240 1847 .
255 1808 443 1858 μέμνηται
462 1805 502 1845 δ’
525 1805 645 1844 αὐτοῦ
668 1805 856 1852 Ἱππῶναξ
882 1821 921 1844 τε
943 1808 1008 1844 καὶ
1028 1805 1240 1850 Ἑκαταῖος.
1266 1809 1554 1845 Restituendum
1567 1809 1723 1846 verbum

119 1860 122 1862 ’
178 1856 417 1904 Lycophroni
442 1869 475 1893 v.
503 1861 589 1893 333:
617 1853 768 1902 Κρύψει
793 1852 977 1896 κύπασσις
1004 1854 1205 1902 χερμάδων
1233 1854 1432 1912 ἐπομβρία,
1457 1857 1572 1903 vulgo
1597 1854 1722 1898 κυπάς

178 1920 244 1948 τις.
270 1926 316 1932 -
342 1906 386 1942 V.
413 1909 446 1941 2.
474 1901 680 1951 ἆσκερίσκα
706 1905 818 1950 plane
840 1904 1042 1950 singularis
1062 1904 1194 1948 forma,
1214 1906 1271 1940 esi
1290 1916 1390 1940 emm
1410 1908 1584 1941 neutrum
1603 1917 1722 1951 genus

178 1953 348 1999 ascitum,
373 1953 480 1989 nulla
503 1951 722 1999 principalis
748 1952 922 1988 vocabuli
947 1951 1094 1988 ratione
1119 1952 1269 1989 habita:
1296 1953 1369 1988 nisi
1387 1953 1484 1989 fortae
1503 1964 1580 1989 non
1599 1953 1721 1989 solum

178 1999 202 2048 ἡ
230 1998 393 2047 οἶσκέρα,
419 2000 486 2037 sed
518 2000 632 2037 etiam
663 1998 706 2036 τὸ
738 1996 902 2044 ἄσκερον
934 2000 1024 2036 olim
1054 2000 1094 2035 in
1125 2012 1195 2035 usu
1226 2001 1309 2037 fuit.
1362 2000 1471 2044 Quod
1499 2000 1720 2036 Alcmanem

179 2049 280 2096 apud
310 2049 449 2085 Athen.
475 2048 529 2083 111
562 2052 631 2084 114
655 2049 684 2084 F
718 2047 979 2084 existimabam
1013 2047 1188 2083 similiter
1214 2048 1350 2084 dixisse
1379 2047 1424 2084 -τὸ
1455 2050 1719 2094 θριδακίσκον,

178 2108 254 2133 non
277 2096 334 2133 ita
359 2097 427 2142 est,
452 2107 540 2132 nam
566 2095 631 2131 ille
656 2092 679 2141 ἡ
706 2096 938 2141 θριδακίσκη
972 2095 1118 2131 solenni
1143 2107 1246 2131 more
1280 2095 1440 2142 scripsit.
1492 2096 1564 2132 Sed
1596 2096 1636 2132 in
1666 2096 1720 2132 in-

178 2145 262 2181 dice
287 2143 403 2180 vestis
427 2144 468 2180 in
491 2144 634 2190 templo
660 2143 811 2179 Iunonis
839 2142 1005 2187 Samiae,
1032 2154 1144 2189 quem
1170 2142 1291 2180 edidit
1316 2143 1354 2180 C.
1382 2143 1549 2188 Curtius,
1580 2143 1721 2190 legitur

178 2194 406 2239 σπληνίσκον
431 2192 560 2227 λινοῦν
587 2193 626 2227 et
650 2191 699 2227 ad
725 2191 884 2227 eundem
910 2191 1062 2227 modum
1089 2191 1247 2237 saepius,
1273 2191 1375 2237 quod
1401 2203 1423 2228 a.
1448 2193 1581 2228 neutro
1608 2189 1719 2238 σπλή-

178 2253 262 2277 νιον
282 2239 494 2282 descendih3
521 2239 662 2276 ibidem
683 2240 886 2284 σφελίσκον
906 2238 1046 2285 legitur
1064 2249 1087 2274 a
1107 2230 1248 2285 σφέλας
1267 2239 1479 2276 deductum.
1503 2261 1544 2265 —
1566 2240 1717 2286 χρυσοῦ,

179 2289 260 2325 cod.
293 2289 378 2324 Bar.
411 2287 550 2333 χρυσοῦ
583 2300 665 2333 μοι,
702 2286 878 2323 Meineke
913 2286 1007 2324 coni.
1040 2287 1210 2333 χρυσοῦς.
1242 2308 1289 2314 --
1326 2287 1371 2323 V.
1398 2291 1430 2324 3.
1463 2283 1641 2332 τοῦτέρου
1680 2288 1719 2323 in

178 2336 254 2374 Vit.
282 2340 303 2371 2
330 2334 459 2382 glossa
484 2334 655 2380 ἰωνικῶς,
681 2335 720 2371 e‘c
745 2333 883 2381 μέρους
908 2345 1021 2380 supra
1045 2336 1184 2380 τοίχου.
1223 2335 1344 2371 Locus
1370 2336 1574 2381 suspectus,
1594 2347 1717 2381 neque

178 2384 384 2430 quidquam
408 2383 515 2419 iuvas
533 2382 648 2419 lectio
669 2383 749 2419 cod.
771 2382 870 2418 Seld.
890 2383 958 2418 τοῦ
977 2380 1157 2428 νερτέρου
1182 2384 1323 2429 τοίχου,
1349 2383 1523 2430 Hartung
1547 2382 1717 2432 κυντέρῳ

178 2432 329 2478 πτωχοῦ
355 2431 516 2477 scripsit.
543 2452 587 2456 —
620 2430 679 2466 Fr.
709 2434 763 2466 19.
791 2431 835 2467 V.
864 2433 895 2467 1.
930 2444 983 2465 κω
1016 2432 1174 2476 χλαῖναν
1206 2430 1354 2477 scripsi,
1386 2431 1486 2476 quod
1518 2430 1718 2467 Schneide-

177 2479 254 2519 win
278 2491 428 2526 quoque
454 2478 666 2524 suspicatus
692 2479 767 2523 est,
794 2477 878 2514 edd.
905 2478 998 2514 vett.
1024 2476 1234 2524 χώλαιναν,
1267 2479 1398 2515 Potter
1422 2479 1462 2514 et
1485 2479 1622 2514 Miiller
1646 2475 1718 2514 τὰν

177 2530 352 2574 χλαῖναν,
379 2526 454 2562 Vit.
482 2531 514 2563 2.
542 2530 563 2562 3
589 2526 742 2562 Barocc.
769 2528 938 2572 χλαῖναν.
966 2546 1010 2551 —-
1037 2526 1081 2561 V.
1107 2530 1140 2562 2.
1168 2524 1311 2573 ῤ’ίγευς,
1343 2526 1494 2562 Baroec.
1530 2525 1606 2562 Viss.
1634 2530 1666 2561 2.
1694 2531 1716 2562 3

178 2573 318 2622 ῥίγους.
350 2596 394 2601 -
427 2574 471 2610 V.
504 2578 536 2610 3.
570 2566 783 2621 δᾶσείῃσιν,
822 2574 972 2610 Barocc.
1006 2573 1110 2619 φησὶ.
1143 2594 1189 2600 -
1220 2573 1265 2610 V.
1291 2578 1325 2611 4.
1358 2574 1529 2620 χίμετλα,
1563 2573 1716 2611 Barocc.

178 2624 365 2670 χίμαιτρα.
399 2643 443 2649 --
477 2619 661 2668 ῥήγνυται
691 2620 841 2657 Mulleri
872 2621 949 2665 ed.‚
981 2618 1154 2668 ῤ’ίγνυται
1185 2621 1260 2658 vit.
1287 2626 1308 2657 3
1344 2621 1514 2665 Barooe..
1546 2622 1718 2667 ’γίγνεται

179 2671 291 2716 Seld.,
316 2672 468 2716 γίνηται
492 2671 554 2706 vel
577 2671 751 2716 γίγνηται
776 2669 858 2704 edd.
879 2670 982 2714 vett„
1009 2669 1180 2705 Meineke
1201 2669 1292 2705 olim
1311 2669 1525 2716 optativum
1551 2667 1716 2715 ῥήγνυτο

176 2718 427 2765 praeferebat,
445 2719 576 2765 postea
595 2717 756 2763 (Vindio.
777 2716 948 2753 strabon.
971 2718 1054 2762 195)
1081 2717 1360 2753 coniunctivum
1378 2716 1498 2752 tuitus
1518 2718 1585 2752 est.
1623 2717 1717 2753 Cum

178 2766 440 2814 Hipponacteo
474 2766 629 2813 χίμετλα
662 2762 844 2811 ῥήγνυται
876 2775 1076 2811 componas
1102 2765 1258 2800 Nicand.
1285 2765 1395 2801 Ther.
1423 2767 1491 2800 681
1519 2762 1627 2811 ῥίζαν
1651 2778 1714 2801 κο-

178 2811 399 2861 τυληδόνος,
431 2811 493 2859 ἤτ’
529 2810 604 2849 ἀνὰ
631 2809 776 2860 κρυμὸν
801 2809 1062 2873 Ῥηχνυμένων
1094 2809 1291 2858 ὄλοφυδνά
1324 2809 1487 2857 διήφυσε
1521 2812 1630 2848 ποσσὶ
1660 2814 1716 2858 χί-

179 2863 303 2908 μετλα.
335 2862 400 2898 ubi
427 2862 585 2907 Bentley
615 2873 690 2898 non
720 2861 820 2896 recte
852 2858 1100 2906 ρηγνυμένοις
1131 2859 1296 2906 scripsit,
1328 2859 1518 2896 Nicander
1547 2861 1591 2896 ul:
1621 2861 1716 2897 solet

180 2909 407 2946 structuram
431 2909 490 2945 his
515 2909 608 2946 locis
640 2909 786 2945 variare
817 2907 878 2953 (cf.
911 2907 1114 2944 Schneider
1144 2908 1193 2944 ad
1217 2907 1389 2954 Alexiph.
1416 2909 1500 2953 378)
1532 2905 1715 2954 ῥηγνυμέ-

179 2970 256 2992 νων
280 2969 348 3004 pro
375 2955 592 3004 ῥἠγνύμενα
618 2957 723 2993 dixit.
750 2957 933 3003 Χίμετλον
952 2956 1075 3002 prima.
1094 2956 1242 3001 syllaba
1261 2956 1435 3002 correpta.
1453 2955 1590 3001 ubique
1610 2968 1713 2992 usur-
