1890 3216
200 175 258 216 60
737 174 927 210 POETAE
952 166 1191 210 ELEGIACI.

611 285 694 336 ΕΞ
741 287 1044 333 ΑΔΗΛΩΝ
1090 280 1330 333 ΕΙΔΩΝ.

935 365 1006 408 43.

321 439 528 479 Choricius
559 454 596 489 p.
634 442 715 478 107
752 440 811 478 ed.
843 440 991 479 Boiss.:
1035 442 1164 479 Ταῦτα
1206 435 1258 491 δή
1296 450 1369 479 σου
1406 442 1475 491 τῆς
1512 436 1662 487 πόλεως
1692 436 1739 479 τὰ

200 505 467 558 γνωρίσματα,
499 500 550 555 ἣν
582 504 626 543 αἱ
654 503 784 544 κοιναὶ
814 506 884 544 τοῦ
916 504 1007 556 βίου
1039 501 1287 557 θεράπαιναι
1317 507 1366 558 γῆ
1398 519 1435 544 τε
1467 503 1533 544 καὶ
1557 501 1740 544 θάλασσα

200 574 280 618 τοῖς
318 569 460 621 ἑαυτῆς
498 567 658 621 ἑκατέρα
696 566 839 622 δώροις
876 565 1057 648 ἆβρύνει·
1096 573 1146 623 γῆ
1185 568 1256 622 μὲν
1292 566 1367 624 γὰρ
1404 574 1483 618 τοῖς
1517 569 1740 610 ἐνοικοῦσιν

201 635 397 676 ἐπίσταται
429 634 564 688 φέρειν
596 631 669 675 ὅσα
700 635 895 676 τίκτουσιν
927 635 1044 688 ὡραι,
1077 631 1194 676 ὑπτία
1224 650 1263 675 τε
1288 638 1395 675 πᾶσα
1421 651 1486 675 και
1511 633 1740 688 καθειμένη,

200 701 266 741 καὶ
297 698 339 742 τὸ
370 703 439 742 τοῦ
471 697 679 751 Σόλωνος,
711 698 884 754 λιπαρὴ
917 698 1272 754 κουροτρόφος
1311 698 1486 741 θαλαττα
1526 698 1568 740 δὲ
1601 698 1741 754 μικρὸν

202 764 369 806 α’πωθεν
399 768 444 820 τῇ
476 762 585 806 πόλει
618 766 809 818 διακονεῖ,
840 765 1067 819 διεστηκυῖα
1104 770 1308 817 τοσοῦτον,
1347 763 1443 807 όσον
1482 761 1576 818 μήτε
1605 764 1740 823 κτύπῳ

203 834 491 884 παρενοχλῆσαι
523 828 722 883 κυμάτων,
762 829 855 884 μήτε
886 829 959 884 τὴν
990 831 1029 881 ἐξ
1060 829 1181 885 αὐτῆς
1219 833 1407 886 χορηγίαν
1439 831 1742 886 δυστυχεστέραν

201 900 438 950 καταστῆσαι
468 899 536 949 τῆς
568 894 708 949 μεταξὺ
739 899 900 951 πορείας
931 896 1208 950 ἐκτεινομένης.

324 1065 462 1105 Galen.
495 1066 696 1116 Protrept.
729 1078 760 1104 c.
795 1067 838 1104 8:
862 1061 1048 1117 ’Ἀμεινον
1080 1057 1153 1105 οὗν
1184 1063 1287 1105 ἐστὶν
1319 1061 1538 1118 ἐγνωκότας
1565 1061 1638 1117 τὴν
1669 1063 1741 1117 μὲν

201 1132 279 1170 τῶν
312 1131 523 1183 μειρακίων
556 1127 664 1182 ὥραν
694 1134 775 1178 τοῖς
806 1126 960 1182 ἠρινοῖς
985 1127 1153 1171 ἄνθεσιν
1178 1129 1375 1181 ἐοικυῖαν,
1408 1126 1678 1184 ὄλιγοχρόνιόν
1702 1145 1741 1171 τε

202 1192 274 1248 τὴν
304 1195 444 1248 τέρψιν
475 1196 662 1249 ἔχουσαν,
697 1196 873 1237 ἐπαινεῖν
903 1212 942 1237 τε
972 1192 1044 1248 τὴν
1076 1196 1254 1249 Λεσβίαν
1285 1194 1497 1249 λέγουσαν,

281 1262 327 1307 Ὁ
358 1263 439 1320 μὲν
472 1262 556 1321 γὰρ
590 1263 743 1319 καλός,
770 1262 887 1308 ’ὅσον
921 1266 1036 1308 ι’δεΐν
1068 1264 1260 1307 πέλεται·

275 1333 298 1379 ὁ
332 1334 381 1379 δὲ
412 1333 613 1391 κάγαθὸς
639 1327 796 1379 αὐτίκα
828 1334 902 1378 καὶ
933 1332 1069 1386 καλὸς
1101 1336 1234 1378 ἔσται.

202 1411 416 1450 πείθεσθαι
455 1409 498 1450 δὲ
535 1410 602 1451 καὶ
639 1407 797 1450 Σόλωνι
836 1406 920 1462 τὴν
958 1405 1106 1461 αὐτὴν
1143 1406 1334 1463 γνώμην
1372 1409 1740 1466 ἐνδεικνυμένῳ.

203 1477 392 1516 Fortasse
411 1477 588 1517 Galenus
610 1477 767 1517 Solonis
789 1477 951 1527 aliquod
968 1477 1269 1527 apophthegma
1288 1476 1491 1528 intelligit,
1519 1478 1589 1516 sed
1607 1479 1742 1528 potuit

203 1543 324 1582 etiam
357 1544 398 1582 in
429 1544 574 1595 Elegia
606 1544 729 1582 talem
762 1543 1003 1582 sententiam
1033 1554 1275 1594 proponere,
1309 1544 1349 1582 et
1379 1543 1551 1582 fortasse
1584 1542 1740 1583 Solonis

202 1611 297 1648 sunt
329 1621 488 1659 versus,
521 1609 589 1659 qui
620 1609 812 1659 leguntur
842 1609 883 1646 in
915 1606 1184 1659 Theognideis
1216 1622 1253 1648 v.
1288 1609 1384 1659 933,
1418 1610 1493 1648 34:

274 1674 479 1733 Παύροις
510 1673 768 1733 ἀνθρώπων
800 1672 934 1731 ἀρετὴ
967 1674 1040 1718 καὶ
1071 1673 1234 1726 κάλλος
1267 1672 1442 1732 ὀπηδεῖ·

334 1746 505 1803 ὄλβιος,
539 1744 589 1799 ὃς
619 1746 792 1791 τούτων
825 1744 1092 1804 ἀμφοτέρων
1125 1749 1292 1803 ἔλαχεν.

202 1825 248 1862 ut
274 1823 397 1862 etiam
418 1823 694 1863 Schneidewin
714 1823 892 1863 coniecit.
918 1844 966 1850 —
995 1823 1185 1873 Hartung
1210 1824 1420 1873 praeterea
1445 1824 1525 1862 alia
1544 1824 1740 1874 quaedam

203 1902 251 1927 ex
272 1889 532 1939 Theognidea
551 1890 708 1940 sylloge
728 1889 930 1928 vindicare
950 1889 1079 1928 voluit
1100 1887 1247 1938 Soloni,
1275 1890 1520 1938 197—208,
1552 1890 1739 1939 605—6,

204 1955 411 2004 693—4,
453 1955 718 2005 847—851,
759 1955 942 1994 945——8
983 1949 1049 2008 (ut
1085 1954 1170 2003 ipse
1207 1953 1288 1992 iam
1325 1956 1445 1994 antea
1485 1950 1740 2008 significavi),

204 2021 421 2059 949—54
461 2014 521 2073 (id
559 2020 664 2070 quod
700 2020 782 2058 iam
814 2020 909 2060 olim
939 2032 1020 2059 non
1049 2019 1266 2059 verisimile
1299 2032 1386 2059 esse
1418 2020 1513 2069 dixi,
1554 2021 1736 2072 quamvis

203 2085 325 2124 etiam
363 2086 524 2125 Hecker
560 2086 634 2125 hoc
672 2099 812 2125 versus
851 2085 987 2124 Soloni
1025 2080 1254 2138 tribuerit),
1295 2086 1528 2135 1155—6,
1567 2087 1738 2137 denique

205 2152 406 2190 1255—6
442 2146 795 2204 (quemadmodum
826 2152 911 2202 ipse
944 2165 1101 2203 quoque
1133 2152 1358 2202 suspicatus
1390 2148 1530 2205 eram).

323 2216 436 2262 Quod
467 2216 629 2256 Diodor.
658 2217 732 2256 Sic.
758 2218 850 2256 Exc.
878 2217 971 2257 Vat.
999 2217 1043 2257 Τ.
1069 2218 1131 2256 III
1162 2230 1199 2266 p.
1222 2219 1274 2256 16
1309 2217 1421 2257 dicit:
1440 2213 1526 2257 ’Ότι
1556 2213 1739 2258 ὁΣόλων

200 2278 331 2335 ἡγεῖτο
362 2278 454 2330 τοὺς
485 2280 556 2333 μὲν
580 2279 730 2330 πύκτας
755 2281 820 2322 καὶ
848 2283 1015 2331 σταδιεῖς
1039 2281 1105 2322 καὶ
1129 2278 1220 2329 τοὺς
1245 2278 1389 2330 ἅλλους
1412 2277 1588 2334 ἀθλητὰς
1613 2280 1738 2333 μηδὲν

201 2343 410 2400 ἀξιόλογον
441 2343 737 2399 συμβάλλεσθαι
768 2351 851 2396 ταῖς
881 2344 1016 2388 πόλεσι
1054 2343 1153 2399 πρὸς
1184 2346 1398 2398 σωτηρίαν,
1434 2342 1526 2394 τοὺς
1564 2344 1608 2386 δὲ
1639 2362 1737 2400 φρο-

203 2409 313 2464 νήσει
343 2410 409 2451 καὶ
441 2408 556 2466 ἆρἐτῇ
583 2412 843 2465 διαφέροντας
874 2409 1021 2465 μόνους
1048 2410 1248 2453 δύνασθαι
1277 2408 1346 2460 τὰς
1369 2412 1560 2465 πατρίδας
1590 2411 1634 2452 ἐν
1657 2417 1738 2461 τοῖς

132 2489 136 2491 ’
201 2474 404 2526 κινδύνοις
436 2475 731 2529 διαφυλάττειν,
762 2480 935 2519 fortasse
973 2492 1020 2518 ex
1052 2479 1182 2530 elegia
1212 2479 1401 2529 petitum,
1431 2479 1474 2516 in
1505 2491 1584 2529 qua
1613 2479 1738 2518 nimia

202 2544 301 2582 artis
339 2544 613 2595 gymnasticae
663 2545 797 2584 studia
840 2545 993 2595 pariter
1031 2543 1266 2594 exagitavit,
1311 2545 1431 2593 atque
1469 2544 1735 2594 Xenophanes
1749 2551 1817 2584 439

204 2604 273 2663 (fr.
306 2605 365 2661 2).
422 2609 525 2648 Hinc
563 2609 685 2648 etiam
722 2610 883 2660 publica
921 2611 1116 2650 victorum
1153 2608 1330 2658 praemia
1366 2607 1558 2647 minuisse
1594 2609 1734 2658 fertur,

201 2675 280 2715 vid.
306 2675 422 2725 Diog.
450 2675 492 2714 L.
520 2675 540 2713 I
566 2675 634 2714 55.
661 2676 709 2714 cf.
753 2675 956 2714 Plutarch.
981 2675 1053 2715 vit.
1081 2674 1158 2714 Sol.
1186 2686 1216 2714 c.
1244 2675 1311 2712 23.
1337 2693 1390 2700 —-
1416 2673 1571 2713 Solonis
1596 2676 1734 2712 utrum

201 2740 500 2790 apophthegma
530 2740 693 2791 aliquod
724 2753 775 2779 an
812 2753 973 2780 versum
1005 2740 1209 2790 intelligat
1244 2738 1437 2777 Libanius
1469 2738 1596 2788 Epist.
1631 2741 1732 2779 726:

201 2803 264 2845 Σὺ
291 2802 328 2845 δ’
359 2801 474 2854 εἰδὼς
498 2802 567 2845 τὸν
586 2802 767 2858 Σόλωνα,
792 2806 859 2846 καὶ
883 2809 980 2857 νῦν,
1005 2801 1054 2846 ὃν
1079 2800 1175 2844 ἄνθ’
1205 2799 1317 2855 ἡμῶν
1336 2803 1538 2847 αἰτιᾶσθαι
1563 2803 1732 2855 δίκαιον,

203 2868 275 2911 οὐκ
295 2868 480 2924 -ἆγνοεῖς,
513 2872 748 2923 ambiguum
781 2875 852 2912 est.
909 2864 1133 2912 Audiverat
1171 2868 1360 2908 Libanius
1398 2881 1422 2907 a
1452 2868 1632 2908 mendaci
1663 2869 1732 2908 ali-

203 2950 278 2986 quo
311 2937 468 2976 homine
501 2937 756 2976 Theodorum
788 2938 962 2977 amicum
991 2935 1286 2976 contumeliosis
1319 2934 1569 2975 sermonibus
1595 2937 1734 2975 contra
