1890 3216
153 211 163 220 .
212 179 268 220 66
746 153 938 216 POETAE
964 177 1200 218 ELEGIAOI.

958 303 998 344 4.

282 396 559 450 Καππαδόκην
590 395 675 438 ποτ’
711 398 845 451 ἔχιδνα
875 395 987 450 κακὴ
1010 396 1145 439 δάκεν·
1179 395 1276 438 ἀλλὰ
1308 398 1373 438 καὶ
1405 395 1503 451 αὕτη

340 461 534 515 κάτθανε,
566 463 785 517 γευσαμένη
817 464 977 516 αἵματος
1009 460 1182 515 ἰοβόλον.

954 580 993 622 5.

282 673 551 718 Καππαδόκαι
582 681 727 729 φαῦλοι
759 675 829 730 μὲν
861 674 939 727 olel,
972 674 1098 729 ζώνης
1129 676 1173 717 δὲ
1203 674 1382 731 τυχόντες
1672 685 1741 717 443

342 740 594 796 φαυλότεροι,
626 742 791 796 κέρδους
822 740 859 782 δ’
895 743 1025 783 εἵνεκα
1056 740 1310 793 φαυλότατοι·

287 805 340 861 ἢν
373 806 408 848 δ’
444 806 521 861 ἄρα
554 808 614 857 δὶς
644 808 711 848 καὶ
741 807 821 861 τρὶς
852 805 1020 861 μεγάλης
1052 805 1271 860 δράξωνται
1301 805 1476 861 ἆπήνης,

348 871 400 926 δή
432 875 480 927 ῥα
511 870 586 914 τότ’
623 875 676 922 εἰς
709 871 811 925 ὥρας
844 871 1263 927 φαυλεπιφαυλότεροι.

287 936 360 991 μή,
392 940 563 991 λίτομαι,
594 940 773 991 βασιλεῦ,
806 935 858 990 μὴ
890 935 1082 992 τετράκις,
1114 937 1221 991 ὄφρα
1252 936 1303 992 μὴ
1337 935 1454 987 αὐτός

343 1001 488 1057 κόσμος
520 1001 714 1058 ὀλισθήσῃ
746 1001 1144 1057 καππαδοκιζόμενος.

306 1155 364 1190 Fr.
390 1159 422 1190 4.
473 1156 558 1190 Ant.
585 1155 636 1189 XI
656 1158 741 1190 237:
768 1155 834 1190 τοῦ
855 1151 986 1191 αὐτοῦ.
1009 1175 1053 1180 -
1074 1154 1118 1190 V.
1137 1158 1170 1189 2.
1190 1154 1436 1190 Friedemann
1462 1156 1619 1201 αιματος
1644 1153 1743 1239 8086-

210 1206 275 1238 λου
301 1200 471 1237 κάτθανε
499 1202 723 1248 γευσαμένη.
774 1203 858 1238 fort.
891 1203 1003 1238 recte.
1054 1202 1134 1238 Hoc
1160 1202 1392 1248 epigramma
1417 1214 1491 1256 non
1523 1202 1644 1248 magis

210 1250 356 1286 modoci
382 1252 447 1293 est,
474 1262 587 1294 quam
611 1250 650 1284 id
675 1251 774 1294 quod
800 1249 1006 1295 praecedit:
1034 1252 1090 1285 est
1116 1250 1242 1285 autem
1268 1251 1358 1286 satis
1383 1249 1594 1286 novicium:
1619 1261 1741 1296 neque

211 1301 337 1333 tamen
362 1299 492 1333 notum
517 1297 681 1342 aliquem
709 1298 897 1332 hominem
929 1296 1076 1333 videtur
1110 1296 1339 1351 versificator
1373 1298 1583 1343 exagitare,
1617 1309 1743 1343 quem-

211 1345 414 1381 admodum
440 1345 556 1391 epigr.
585 1349 617 1388 5,
644 1344 710 1380 sed
737 1344 1001 1391 Cappadocum
1027 1346 1177 1390 gentem
1202 1344 1352 1381 omnino
1387 1346 1623 1392 perstringit,
1649 1356 1745 1391 quae

213 1394 325 1439 vulgo
351 1393 449 1428 male
475 1393 1787 1428 audiebat..

305 1441 365 1475 Fr.
392 1444 425 1475 5.
474 1440 587 1475 Anth.
614 1440 665 1474 XI
690 1443 776 1498 238:
809 1441 876 1475 τοῦ
903 1437 1033 1475 αὐτοῦ.
1060 1460 1106 1466 -
1131 1439 1174 1475 V.
1204 1445 1269 1476 1—
1273 1444 1295 1475 4
1321 1440 1519 1497 adscripsit
1542 1441 1678 1497 Lydus
1696 1441 1742 1476 de

212 1488 380 1547 Magistr.
406 1487 459 1522 III
491 1491 553 1544 5⁴3:
586 1483 677 1523 ουδε
709 1487 781 1533 γὰρ
817 1483 1001 1546 υ(στερον)
1033 1485 1238 1533 υπέμεινεν
1271 1485 1290 1522 ὁ
1325 1485 1516 1545 βασιλευς
1536 1485 1648 1529 καλὸς
1679 1488 1745 1524 καὶ

212 1533 381 1591 ἐπιεικὴς
417 1533 613 1580 τυγχάνων
651 1540 829 1592 πονηροῖς
863 1532 1021 1593 ἄρχουσι
1058 1535 1354 1571 καταπιστεῦσαι
1387 1533 1456 1581 τὴν
1496 1529 1632 1595 ἀρχήν,
1666 1532 1741 1581 ἤδη

212 1581 348 1628 μαθών
375 1582 439 1618 καὶ
464 1587 541 1623 τοῖς
568 1581 690 1627 ἔργοις
716 1579 848 1628 ευρών,
876 1580 924 1624 ὡς
955 1581 1270 1618 Καππαδόκαι
1303 1583 1476 1627 φαῦλοι
1501 1582 1571 1640 μὲν
1596 1585 1671 1620 κτλ.
1700 1604 1743 1609 -

214 1630 256 1666 V.
283 1635 316 1666 2.
349 1632 478 1666 εἵνεκα
511 1628 759 1687 φαυλότατοι,
788 1630 918 1688 ⁵Lydus
951 1643 1064 1666 ενεκα
1100 1627 1176 1666 ἐστι
1211 1631 1286 1674 (vel
1318 1629 1387 1675 ἔτι)
1424 1628 1667 1688 φαυλότατοι.
1701 1651 1744 1656 -

213 1679 255 1714 V.
282 1683 314 1713 3.
342 1675 510 1737 μεγάλης
530 1675 742 1734 ὃράξωνται
774 1674 940 1734 άπήνης,
972 1678 1096 1723 Lydus
1128 1675 1339 1734 δράξωνται
1370 1676 1539 1735 μεγάλως
1546 1675 1741 1736 άπήμεις.

213 1746 258 1750 -
284 1725 326 1762 V.
354 1731 386 1760 4.
414 1723 461 1782 δή
483 1738 536 1784 ρα
567 1721 646 1760 τότ’
681 1724 734 1765 εἰς
766 1738 865 1770 ωρας
896 1722 1292 1782 φαυλεπιφαυλότεροι
1321 1725 1431 1770 Fuss,
1468 1722 1506 1760 δ’
1539 1722 1657 1771 ἤρατο
1688 1739 1745 1766 τις

212 1769 303 1818 ὅρας
330 1769 446 1817 φαῦλ’
475 1770 775 1828 ἐπιφαυλοτέρας
808 1773 951 1817 Lydus,
984 1770 1030 1817 δὴ
1066 1770 1148 1807 τότε
1180 1773 1350 1817 γίνονται
1385 1774 1593 1818 (γίγνονται
1623 1773 1743 1819 Plan.)

213 1816 615 1864 φαυλεπιφαυλότατοι
638 1819 752 1855 Anth.
780 1841 820 1845 —-
855 1819 1098 1874 Epigramma
1127 1819 1216 1864 hoc,
1249 1821 1348 1864 quod
1381 1820 1457 1855 iam
1489 1820 1578 1855 olim
1610 1820 1745 1856 Demo-

212 1867 305 1903 doco
332 1867 561 1912 abiudicavi,
593 1867 736 1902 factum
767 1868 826 1902 est
857 1879 953 1902 anno
980 1871 1049 1902 534
1074 1867 1113 1902 in
1143 1868 1321 1902 Ioannem
1353 1867 1628 1913 Cappadocem,
1654 1869 1744 1902 tunc

212 1915 348 1950 iterum
373 1915 605 1960 praefectum
630 1914 829 1959 praetorio,
855 1926 899 1950 ac
926 1912 1116 1962 βασιλεύς,
1142 1914 1205 1959 qui
1232 1926 1266 1950 v.
1293 1918 1314 1949 5
1341 1915 1604 1960 compellatur,
1632 1914 1743 1950 Iusti—

211 1961 345 1997 nianus
370 1962 576 2008 imperator
601 1963 668 1997 est.
719 1961 791 1997 Iste
817 1962 973 1997 Ioannes
993 1962 1155 1997 Mazacis
1181 1961 1369 2007 oriundus,
1396 1973 1520 2017 quem
1527 1963 1651 2008 Lydus
1676 1974 1744 2008 per

212 2011 334 2045 totum
365 2009 504 2045 librum
536 2010 581 2044 de
613 2009 896 2055 magistratibus
930 2009 1016 2044 odio
1047 2009 1277 2045 internecivo
1309 2011 1348 2045 et
1378 2009 1555 2046 conviciis
1586 2009 1745 2045 assiduis

213 2057 503 2101 Byzantinorum
537 2057 730 2092 hominum
762 2067 864 2092 more
897 2058 1150 2102 persequitur,
1183 2068 1266 2092 cum
1299 2058 1421 2102 gratia
1452 2058 1552 2103 apud
1583 2058 1744 2104 impera-

213 2105 334 2140 torem
358 2105 560 2150 plurimum
584 2104 739 2148 valeret,
765 2105 814 2138 ad
834 2115 997 2139 summos
1017 2105 1176 2140 honores
1197 2106 1348 2140 evectus
1367 2104 1424 2140 bis
1442 2105 1516 2140 fuit
1534 2105 1743 2151 praefectus

212 2153 402 2196 praetorio
428 2163 460 2187 a.
487 2156 557 2187 530
583 2152 621 2186 et
645 2151 780 2186 iterum
807 2155 875 2187 534
903 2151 992 2197 (vid.
1018 2152 1191 2197 Haasep
1195 2151 1304 2187 ‚VIII
1330 2152 1386 2188 ed.
1411 2152 1651 2197 Bonnensis),
1680 2152 1745 2188 sed

212 2200 337 2244 gratia
371 2199 532 2244 denique
567 2198 717 2234 excidit.
767 2199 893 2244 Lydus
925 2210 1013 2234 sane
1043 2210 1119 2234 non
1159 2164 1287 2244 aperte
1319 2199 1412 2234 dicit
1442 2200 1510 2235 hos
1540 2211 1670 2236 versus
1704 2200 1744 2234 in

213 2247 389 2282 Ioannem
416 2247 641 2292 compositos
668 2257 759 2290 esse,
787 2246 852 2281 sed
877 2247 968 2281 satis
994 2247 1139 2291 acerbe,
1160 2246 1330 2290 quamvis
1349 2246 1637 2292 haudquaquam
1657 2258 1744 2282 vere

214 2294 361 2340 scribit,
386 2295 651 2348 imperatorem
681 2295 880 2339 postquam
912 2293 1191 2339 improbitatem
1224 2293 1489 2338 Cappadocum
1519 2305 1651 2340 reapse
1683 2306 1744 2330 ex·

214 2344 340 2386 pertus
366 2342 424 2385 sit,
449 2353 524 2377 non
548 2341 626 2376 iam
659 2341 840 2376 eiusmodi
870 2341 1083 2377 hominibus
1114 2351 1276 2376 summos
1307 2341 1466 2377 honores
1498 2341 1740 2378 commisisse.

215 2387 322 2434 Ζώνη
349 2369 444 2424 nihil
464 2388 567 2426 aliud
587 2391 655 2434 est,
682 2400 794 2434 quam
814 2388 991 2435 dignitas,
1011 2389 1148 2434 gradus
1167 2388 1328 2432 honoris,
1354 2388 1428 2424 vid..
1450 2388 1583 2424 Suidas
1603 2401 1631 2424 s.
1650 2389 1686 2424 h.
1707 2401 1742 2426 v.

215 2437 275 2479 (cf.
303 2437 350 2472 de
384 2438 516 2472 eodem
547 2436 684 2471 Ioanne
715 2436 842 2472 Malal.
874 2448 910 2482 p.
936 2439 1006 2471 480
1036 2436 1333 2480 redintegratum
1364 2435 1403 2471 in
1433 2437 1572 2471 Herma
1596 2436 1649 2471 VI
1673 2441 1742 2472 377

215 2482 277 2520 ἐπὶ
305 2481 574 2519 Ἰουστινιανοῦ
605 2480 808 2529 άπεζώσθη
836 2480 1013 2541 Ἰωάννης
1043 2481 1063 2519 ὃ
1098 2482 1259 2540 ἔπαρχος
1289 2483 1364 2518 τῶν
1400 2484 1628 2529 πραιτορίων
1663 2511 1669 2518 .
1698 2512 1704 2518 .
1734 2512 1741 2519 .

213 2530 327 2567 πάλιν
354 2529 497 2577 ἐκλήθη
525 2528 574 2577 μὴ
602 2532 780 2575 ζωσθείς,
805 2528 893 2566 ἀλλ’·
915 2527 967 2566 ὢν
992 2528 1194 2576 παγανός),
1219 2526 1347 2576 ἀπήνη
1374 2533 1499 2566 autem
1524 2532 1582 2567 est
1613 2542 1743 2577 argen-

214 2581 317 2615 teum
345 2583 579 2624 carpentum,
617 2590 688 2624 quo
720 2579 930 2632 praefectus
949 2577 1147 2636 praetorio
1181 2577 1269 2612 vehi
1293 2578 1455 2624 solebat,
1479 2578 1553 2614 vid.
1579 2579 1671 2624 Lyd.
1698 2579 1744 2615 de

215 2627 383 2672 magistr.
410 2626 444 2661 II
471 2631 491 2662 3
519 2629 556 2662 et
581 2626 633 2661 III
660 2630 715 2670 76,
741 2625 805 2661 ubi
829 2626 910 2671 ipse
936 2623 1084 2671 ἀπήνης
1114 2625 1265 2660 nomine
1297 2624 1426 2661 utitur.
1478 2626 1585 2668 Quod
1617 2628 1743 2661 autem

214 2675 371 2709 Ioannes
390 2676 449 2709 ter
468 2674 639 2720 carpenti
662 2674 802 2709 honore
823 2675 975 2709 ornatus
997 2684 1076 2709 esse
1096 2672 1230 2708 dicitur
1250 2673 1320 2708 hoc
1340 2672 1621 2718 epigrammate,
1641 2673 1743 2709 vide-

215 2724 276 2756 tur
301 2723 376 2757 alio
404 2724 599 2767 praeterea
623 2720 763 2757 illustri
788 2722 930 2757 honore
954 2720 1105 2756 functus
1130 2731 1223 2756 esse.

839 2843 858 2845 κ
892 2844 939 2845 j
946 2844 972 2845 j
981 2843 1120 2845 &ffl—
1349 2837 1375 2857 κ
