1890 3216
806 175 1066 213 THEOGNIS.
1620 178 1707 220 233

289 283 476 343 Οὐδαμά
508 301 576 331 πω
608 286 866 344 κατέμεινας
898 283 1008 343 ἐμὴν
1040 285 1194 343 χάριν,
1226 282 1326 330 ἄλλ’
1363 283 1449 331 ὑπὸ
1481 288 1632 331 πᾶσαν

346 357 433 402 αἰεὶ
465 360 718 415 σπουδαίην
750 360 896 417 ἔρχεαι
928 355 1152 415 ἀγγελίην.

170 489 259 522 1875
274 475 450 535 Ὄλβιος
481 475 602 531 ὅστις
632 476 792 531 παιδὸς
824 478 939 537 ἐρῶν
972 474 1055 522 οὐκ
1087 474 1182 522 οἶδε
1214 477 1474 534 θάλασσαν,

346 547 456 594 οὐδέ
486 551 532 595 οἱ
561 550 610 594 ἐν
641 548 791 610 πόντῳ
823 547 906 603 νὺξ
938 549 1126 594 ἐπιοῦσα
1158 549 1290 606 μέλει.

287 669 438 722 Καλὸς
469 668 557 715 ἐὼν
587 669 797 727 κακότητι
829 671 1011 728 φρενῶν
1044 671 1262 714 δειλοῖσιν
1295 668 1462 727 ὁμιλεῖς

339 740 554 800 ἀνδράσι,
585 740 659 786 καὶ
693 732 925 787 διά”τοῦτ’
961 739 1150 799 αἰσχρὸν
1184 739 1362 794 ὄνειδος
1394 746 1529 800 ἔχεις,

236 830 239 833 ⁴
280 807 315 859 ὦ
347 823 444 858 παῖ·
477 813 562 872 ἐγώ
597 811 639 858 δ’
658 811 821 858 ’ἀέκων
853 816 930 871 τῆς
962 815 1044 871 σῆς
1075 812 1316 870 φιλότητος
1346 812 1577 872 ἁμαρτών,

163 899 255 931 1380
341 885 528 944 ὥνήμην
561 886 707 944 ἔρδων
740 881 813 931 οἷά
846 883 890 930 τ’
927 884 1167 943 ἐλεύθερος
1197 883 1273 930 ὥν.

270 1004 538 1065 ’Ἁνθρωποί
566 1003 608 1050 σ’
645 1005 836 1050 ἐδόκουν
868 1007 1035 1064 χρυσῆς
1066 1006 1185 1064 παρὰ
1219 1009 1370 1065 δῶρον
1403 1010 1559 1065 ἔχοντα

341 1079 494 1124 ἐλθεῖν
527 1080 863 1136 Κυπρογενοῦς.

538 1187 899 1247 (Κυπρογενοῦς)
934 1189 1085 1244 δῶρον
1118 1186 1392 1244 ἰοστεφάνου
1637 1202 1705 1234 566

280 1262 449 1316 γίνεται
481 1258 799 1318 ἀνθρώποισιν
832 1262 948 1317 ἔχειν
981 1257 1294 1316 χαλεπώτατον
1326 1258 1490 1317 ἄχθος,

162 1342 253 1374 1385
339 1327 398 1387 ἢν
430 1329 490 1388 μὴ
524 1329 820 1388 Κυπρογενὴς
852 1333 916 1390 δῷ
949 1329 1080 1375 λύσιν
1114 1331 1160 1374 ἐκ
1192 1333 1408 1388 χαλεπῶν.

279 1449 569 1508 Κυπρογενὲς
600 1451 830 1507 Κυθέρεια
863 1449 1130 1507 δολοπλόκε,
1163 1453 1239 1495 σοί
1267 1467 1308 1494 τι
1340 1451 1582 1508 περισσόν·

256 1616 300 1654 V.
329 1621 432 1655 1373.
469 1613 621 1664 οὐδαμά
653 1631 728 1662 πω,
764 1617 849 1654 fort.
883 1614 1052 1664 οὐδαμά,
1083 1622 1173 1654 παῖ
1198 1618 1270 1665 leg.
1303 1638 1348 1644 -
1382 1619 1424 1654 V.
1455 1622 1559 1656 1374.
1586 1620 1705 1658 Poeta

159 1661 396 1711 ὑπέρχεσθαι
432 1665 580 1702 videtur
613 1665 662 1702 ad
693 1665 853 1702 eundem
885 1666 1038 1702 modum
1071 1665 1305 1710 adhibuisse,
1342 1677 1416 1712 quo
1448 1663 1606 1703 ὑπιέναι
1636 1681 1703 1715 pro

160 1709 357 1756 ὑπεξιέναι
389 1712 549 1759 dicitur,
587 1715 630 1749 ut
661 1714 895 1759 corruptelae
928 1713 1090 1759 suspicio
1123 1714 1255 1760 procul
1289 1714 1339 1750 sit
1376 1714 1560 1752 habenda.
1612 1717 1703 1753 Her-

161 1761 311 1798 werden
337 1759 562 1805 σπουδάζων
587 1761 648 1798 vel
675 1763 894 1798 σπουδαίων
920 1761 1111 1798 desiderat
1137 1763 1175 1797 et
1199 1763 1396 1808 praeterea
1427 1764 1567 1809 οἴχεαι,
1603 1765 1703 1810 quod

158 1808 250 1845 olim
275 1809 636 1846 commendaveram.
677 1809 817 1846 Contra
835 1809 1056 1846 Heimsoeth
1083 1806 1157 1845 ὑπὸ
1184 1810 1312 1846 πᾶσαν
1333 1810 1397 1846 καὶ
1417 1808 1467 1857 μὴ
1489 1813 1703 1858 σπουδαίην

160 1857 283 1903 οἴχεαι
309 1853 393 1904 άγγ.
422 1878 461 1884 -
491 1857 583 1894 Post
601 1869 635 1894 v.
659 1861 751 1894 1375
778 1857 856 1894 sive
882 1857 1072 1894 breviator
1098 1857 1177 1894 sive
1203 1857 1377 1894 librarius
1403 1858 1550 1904 aliquot
1574 1871 1703 1896 versus

156 1903 307 1940 videtur
343 1904 656 1951 praetermisisse,
695 1905 831 1952 quibus
866 1907 980 1952 poeta
1011 1905 1235 1942 felicitatem
1261 1905 1440 1943 amatoris
1469 1919 1492 1943 a
1522 1908 1704 1945 maritimi

158 1951 305 1989 itineris
323 1953 502 2008 periculis
521 1954 653 1999 procul
671 1953 807 1990 remoti
831 1954 981 1999 planius
1007 1953 1268 2000 descripserat.
1314 1954 1597 1992 Incommodam
1622 1967 1704 1993 esse

185 2000 360 2037 aradosm
390 2004 492 2038 recte
519 2000 787 2038 animadvertit
811 2001 1049 2046 Heimsoeth,
1083 2002 1148 2038 sed
1174 2001 1270 2038 nihil
1295 2002 1457 2048 profecit
1482 2003 1703 2051 corrigendo

159 2045 287 2104 ολβιός
312 2045 414 2085 ἐστιν
435 2046 455 2084 ὁ
476 2045 615 2090 παιδὸς
634 2047 748 2095 ἐρῶν·
777 2046 848 2086 οῦκ
874 2047 989 2095 οἶδμα
1014 2047 1221 2105 θαλάσσης,
1248 2046 1341 2105 οὐδὲ
1362 2053 1437 2086 κτλ.
1458 2071 1503 2077 -
1531 2051 1574 2088 V.
1599 2056 1702 2090 1377.

158 2096 1053 2191 ‘55⁸”ggffigwfflmfflfflgglfggscfffg‘kgdg'gssgsg
1079 2098 1703 2193 ἲέἓίιθρῗέἓὲιὲἒιΠέῗὲῗροῗέἶέἆ

159 2202 279 2237 neque
310 2203 400 2228 vero
433 2192 568 2228 abutar
593 2205 627 2229 v.
656 2197 747 2229 1349
780 2193 829 2229 ad
862 2204 943 2229 eam
977 2193 1331 2238 commendandam,
1369 2205 1599 2240 quamquam
1631 2196 1704 2232 ista

158 2242 311 2276 nomina
348 2240 559 2286 promiscue
597 2243 840 2287 usurp-autum
876 2240 1075 2277 familiaris
1105 2243 1326 2288 Σιμωνίδην
1361 2241 1557 2278 breviandi
1590 2254 1704 2280 causa

159 2288 317 2337 poterat⁴
332 2289 386 2323 Σί
411 2301 491 2323 ωνα
518 2289 761 2335 compellare,
788 2289 861 2325 vid.
884 2289 1056 2325 Eustath.
1078 2289 1146 2326 Od.
1170 2293 1273 2335 1653,
1288 2293 1350 2333 35;
1378 2289 1546 2326 vicissim
1571 2292 1703 2337 Σίμων

158 2335 263 2372 sutor
288 2346 375 2382 amp
392 2347 433 2372 as
467 2347 556 2382 opes
589 2337 747 2383 adeptus
772 2338 991 2383 Σιμωνίδης
1016 2336 1225 2383 nuncupari
1249 2337 1375 2383 gestit.
1426 2337 1560 2374 Nauck
1587 2337 1700 2375 κακάκ

158 2396 251 2429 τητα
271 2384 392 2429 φιλῶν
411 2384 571 2430 scripsit.
592 2406 635 2411 —
663 2384 707 2420 V.
726 2388 828 2421 1381.
851 2382 1058 2430 ἄνθρωποί
1073 2381 1122 2431 σ’,
1150 2386 1181 2420 Α
1202 2381 1433 2430 ἀνθρώποις.
1456 2407 1499 2411 -
1528 2386 1571 2422 V.
1595 2391 1698 2425 1382.

109 2472 112 2477 ¹
159 2432 190 2466 A
223 2433 354 2467 ελθειν
388 2444 647 2478 κυπρογενους
678 2433 801 2478 δῶρον
836 2444 1083 2477 ιοστεφανου,
1122 2431 1220 2468 vidit
1250 2432 1400 2468 Bekker
1432 2433 1504 2469 duo
1538 2434 1700 2471 disticha

156 2481 296 2515 temere
331 2479 515 2516 coaluisse
548 2484 588 2516 et
611 2481 883 2527 Κυπρογενοῦς
913 2479 1083 2524 iteravit,
1115 2480 1290 2527 Hartung
1315 2481 1439 2525 δῶρον
1467 2478 1698 2526 ἰοστεφάνου

157 2526 315 2572 delevit,
354 2538 466 2572 quem
499 2529 649 2564 secutus
681 2528 902 2564 Heimsoeth
933 2528 1146 2573 improbata
1177 2527 1340 2564 Bekkeri
1371 2529 1515 2565 ratione
1548 2529 1700 2575 supplet

158 2574 285 2619 (τῆσδε
308 2572 350 2610 δὲ
370 2588 429 2611 τοι
449 2572 564 2621 ζυγὸν
583 2572 646 2621 ἄρ)
666 2577 823 2622 γίνεται,
839 2576 939 2634 quod
959 2576 1073 2621 poeta
1093 2575 1163 2611 hoc
1177 2587 1326 2620 prorsus
1339 2575 1547 2622 indignum,
1562 2577 1698 2614 deinde

157 2620 264 2667 ὀχεῖν
294 2632 362 2668 pro
396 2621 498 2668 ἔχειν
533 2626 572 2660 et
603 2621 651 2669 ἢν
683 2621 733 2670 μὴ
766 2621 862 2669 αὐτη
895 2624 1042 2668 δαίμων
1073 2634 1141 2669 pro
1173 2620 1421 2669 Κυπρογενὴς
1452 2624 1618 2671 corrigit.
1653 2646 1695 2652 —

160 2669 202 2705 V.
220 2673 322 2706 1384.
348 2683 495 2715 γινεται
513 2671 558 2717 Α,
585 2671 733 2708 Bekker
751 2673 932 2718 γίγνεται.
954 2691 998 2697 -
1022 2670 1063 2706 V.
1087 2674 1189 2708 1385.
1210 2667 1258 2717 ἢν
1284 2671 1556 2718 Schneidewin,
1582 2673 1615 2708 A
1636 2686 1694 2708 αν.

159 2737 202 2743 -
229 2717 273 2752 V.
297 2721 399 2754 1386.
430 2719 673 2765 Κυπρογενὲς
699 2719 857 2764 Bekker,
884 2715 1114 2764 κυπρόγενες
1138 2718 1182 2754 A.
1233 2718 1327 2755 Acui
1353 2719 1475 2755 solent
1500 2719 1594 2756 haec
1620 2721 1697 2767 epi-

157 2765 264 2801 theta
294 2765 466 2810 deorum,
501 2767 617 2804 etiam
642 2767 705 2803 ubi
732 2767 875 2814 proprii
899 2765 1062 2802 nominis
1087 2765 1169 2802 vice
1194 2766 1416 2812 funguntur,
1453 2767 1518 2803 sed
1543 2778 1697 2804 consen-

156 2813 309 2849 taneum
335 2815 410 2858 est,
443 2814 539 2851 alios
563 2816 830 2861 grammaticos
857 2815 916 2850 his
940 2813 1034 2850 locis
1059 2813 1343 2860 praeoptavisse
1369 2814 1550 2859 tonosim,
1582 2827 1694 2861 quam

157 2871 247 2905 prae
268 2871 307 2897 se
326 2860 452 2898 ferunt
470 2863 623 2909 propria
640 2863 792 2900 nomina
812 2861 1031 2909 composita,
1076 2873 1205 2897 uorum
1228 2862 1397 2898 clausula
1415 2867 1460 2905 ῆς
1479 2864 1546 2908 est,
1566 2875 1695 2909 quam-

156 2919 270 2990 guam
295 2908 358 2944 vel
388 2908 428 2991 iAn
462 2909 521 2946 his
552 2911 739 2947 variatum
771 2912 839 2947 est.
873 2931 916 2936 -
956 2911 1155 2954 Κυθερεια
1181 2909 1346 2955 Bekker,
1382 2911 1414 2944 A
1440 2906 1615 2956 κύθειρα.
1650 2932 1693 2938 -

182 2951 360 2991 ολόπλοκε
423 2983 432 2992 .
