1890 3216
198 175 286 218 458
787 168 1141 211 IAMBOGRAPHL

850 283 852 286 ’
906 284 960 326 31
977 287 1024 326 A.

301 365 362 410 Τὰ
395 364 435 411 δ’
471 365 584 410 ἄλλα
616 365 852 410 πεπλέαται
885 364 1007 419 ξύλα.

903 446 1039 518 31Βζ

295 560 441 601 Σίσυν
473 564 672 614 παχεῖαν.

931 654 1000 696 32.

318 741 446 781 Sohol.
467 741 582 781 Hom.
603 740 650 779 Il.
671 755 695 779 ν
716 742 832 780 203;’
850 736 932 792 ’ἤϊα
957 735 1161 793 βρώματα,
1194 736 1242 781 οὐ
1267 736 1313 780 τὰ
1339 739 1382 781 ἐν
1408 741 1501 796 οἴκῳ
1529 738 1572 781 δὲ
1597 737 1731 782 ε’σθιό-

197 821 313 858 μενα,
353 802 450 846 ἀλλὰ
481 802 526 846 τὰ
559 804 602 845 ἐν
633 801 714 861 ὁδῷ
745 804 810 845 καὶ
841 807 936 860 πλῷ.
998 806 1119 845 Δεῦτε
1151 806 1259 857 φίλοι
1289 803 1359 859 ἤϊα
1391 803 1605 859 φερώμεθα
1638 804 1731 862 (hoo

197 875 259 911 est
286 871 355 912 Od.
381 873 407 925 β
434 867 551 926 410).
614 871 845 924 Σιμωνίδης
878 866 931 925 (D
958 871 1186 924 Σιμωνίδης
1218 872 1359 924 φησίν,
1392 873 1425 911 Β
1458 871 1582 924 φησὶν
1613 868 1634 913 ὃ
1659 875 1731 913 Σι-

197 934 408 992 μωνίδης)·
439 960 488 966 -
524 938 619 990 Ipsa
649 938 774 979 verba
805 938 1045 978 exciderunt.

929 1031 998 1074 33.

314 1118 505 1169 Hesych.:
538 1113 787 1170 Κάρκαρα,
819 1114 917 1158 οὔλα
943 1113 964 1157 ὁ
991 1111 1112 1169 διήτω
1140 1113 1367 1170 (conigunt
1398 1111 1495 1158 οὖλα
1520 1114 1731 1173 ὀδόντων),

193 1182 258 1223 καὶ
289 1180 335 1223 τὰ
367 1184 525 1224 ποικίλα
555 1186 601 1237 τῇ
628 1180 740 1234 ὄψει,
771 1182 837 1222 καὶ
862 1183 1005 1236 πίτυρα
1037 1179 1140 1236 (cod.
1167 1178 1347 1237 ἐπιτυρα)
1379 1179 1486 1236 παρὰ
1511 1184 1729 1238 Σιμωνίδῃ.

194 1248 292 1289 ἔνιοι
327 1245 395 1296 τὰς
433 1245 630 1301 μανδρας·
668 1244 839 1288 Ῥίνθων
875 1247 937 1288 ταὶ
973 1251 1019 1303 τῇ
1051 1244 1220 1303 οὐρανίᾳ
1249 1247 1316 1301 ἦρι
1356 1244 1460 1303 (eod.
1492 1245 1729 1304 ρινθόνταὶ).

195 1312 325 1355 Locus
358 1318 465 1354 certo
498 1315 645 1366 corrigi
675 1315 742 1355 vix
772 1317 919 1365 potest.

557 1416 578 1429 .
928 1375 1003 1449 34ss

314 1494 529 1533 Suetonius
550 1495 683 1533 Miller
703 1495 813 1533 Mise.
835 1495 939 1533 417:
973 1491 1184 1546 Κέρκωπες
1215 1493 1256 1534 οἱ
1283 1495 1503 1548 πανοῦργοι
1533 1492 1601 1534 καὶ
1631 1489 1731 1534 ἄπα-

193 1560 317 1612 τηλοί·
349 1558 414 1599 καὶ
446 1560 683 1613 κερκωπία
714 1554 739 1612 ἡ
773 1555 902 1612 ἆποῖτη
933 1555 1030 1599 κατὰ
1061 1555 1130 1599 τὸν
1155 1559 1399 1611 Σιμωνίδην.

928 1665 997 1707 35.

315 1751 488 1792 Antiatt.
520 1752 644 1791 Bekk.
677 1751 751 1791 An.
783 1752 803 1789 I
839 1753 934 1802 105,
968 1753 1012 1791 3:
1045 1746 1287 1803 Κορδύλη·
1320 1747 1361 1791 τὸ
1393 1749 1564 1803 ἔπαρμα·
1597 1753 1730 1803 Σιμω-
1798 1753 1801 1756 ’

195 1817 310 1869 νίδης
342 1815 556 1872 δευτέρῳ.

928 1910 997 1952 36.

314 1998 481 2037 Photius
506 1999 600 2047 183,
623 1999 666 2036 1:
700 1993 948 2049 Κύβηβον·
981 1997 1177 2049 Κρατῖνος
1201 1991 1396 2052 ’Θρᾴτταις
1426 1991 1495 2035 τὸν
1525 1992 1730 2048 θεοφόρη-

193 2072 278 2103 τον·
303 2059 437 2110 Ἴωνες
470 2061 513 2102 δὲ
544 2059 612 2103 τὸν
644 2059 918 2116 μητραγύρτην
948 2059 1011 2101 καὶ
1039 2057 1184 2114 γάλλον
1208 2063 1285 2100 νῦν
1310 2057 1573 2112 καλούμενον·
1606 2057 1730 2110 οὕτως

195 2129 436 2182 Σιμωνίδης.

856 2207 1075 2262 37.[12]‘

314 2297 549 2347 Harpocrat.
580 2298 682 2336 130:
714 2297 901 2335 Μυσῶν
933 2295 1065 2335 λείαν
1091 2326 1099 2334 .
1121 2327 1129 2335 .
1151 2327 1158 2334 .
1185 2290 1266 2334 ἀπὸ
1297 2296 1375 2334 τῶν
1399 2290 1730 2348 καταδραμόντων

289 2424 347 2458 Fr.
376 2423 476 2458 31Α.
528 2423 587 2458 Eb.
614 2422 662 2457 Μ.
690 2426 771 2467 367,
798 2426 861 2458 37:
901 2419 1055 2468 ἔπληντ’
1082 2418 1275 2482 αλλήλῃσι·
1303 2418 1345 2457 ἐκ
1371 2421 1437 2457 τοῦ
1463 2421 1541 2456 πλῶ
1570 2418 1612 2456 τὸ
1637 2423 1728 2479 πλη-

195 2469 326 2515 σιαζω,
366 2467 386 2506 ὁ
422 2471 701 2516 παρακείμενος
735 2468 909 2527 πέπληκα
941 2469 1093 2515 λέγεται
1127 2469 1192 2504 καὶ
1226 2467 1418 2505 πέπλακα·
1457 2465 1477 2504 ὁ
1514 2466 1730 2514 παθητικὰς

194 2518 399 2564 πέπλημαι,
424 2517 627 2563 πέπληται,
646 2517 711 2553 καὶ
729 2531 832 2564 παρα
853 2518 1048 2575 Σιμωνίδη
1068 2515 1338 2574 πεπλήαται.
1378 2517 1466 2553 Cod.
1485 2517 1583 2552 Flor.
1603 2516 1729 2552 Miller

194 2565 384 2602 Misc.124
412 2567 547 2612 poetae
567 2566 682 2602 verba
701 2565 848 2601 adiicit:
875 2579 927 2601 τα
955 2562 992 2601 δ’
1020 2563 1133 2600 αλλα
1158 2562 1418 2610 πεπλήαται
1442 2561 1571 2609 ξύλα,
1597 2564 1729 2610 scripsi

195 2612 419 2659 πεπλέαται,
445 2614 545 2659 quod
571 2614 684 2649 offlam
710 2614 858 2650 Renner
883 2612 1170 2649 commendavit:

287 2662 347 2698 Fr.
368 2662 468 2697 31B.
509 2661 632 2697 Schol.
653 2662 834 2719 Lycophr.
857 2673 974 2707 nuper
993 2662 1048 2697 ed.
1071 2664 1157 2696 633:
1183 2661 1339 2705 σίσυρνα
1364 2672 1466 2721 παχυ
1485 2657 1727 2708 περιβόλαιον

193 2705 216 2753 ἢ
244 2706 469 2755 δερμάτινον
490 2706 651 2755 ἴμάτιον,
677 2722 811 2755 ηντινα
831 2710 1026 2756 Σιμωνίδη
1031 2723 1048 2750 ς
1067 2705 1359 2756 ὑποκοριστικῶς
1378 2705 1460 2743 εἷπε
1487 2709 1617 2743 σίσυν
1643 2719 1727 2743 πα-

195 2758 340 2840 ἔξΐζοῖ
346 2768 535 2851 §3333
537 2762 727 2841 Ἦῗιῗέὲ
749 2755 1472 2864 ἷὲξῖἔὲξὲἒῗἳε.ᾒὲῗῖἶξΐᾳε“ί]ἷῖἕμίῗᾝ
1498 2754 1662 2848 3⁶:33
1684 2757 1728 2838 fi?

196 2851 391 2896 Sophoclis
417 2852 461 2889 fr.
482 2864 540 2898 ap
562 2853 720 2910 Hesych.
742 2850 890 2898 ἷερόλας
915 2854 1033 2892 ἴσισυς
1052 2852 1136 2888 foriz.
1157 2852 1283 2891 σίσυς
1307 2849 1579 2887 restituendum
1598 2861 1725 2896 quem-

196 2899 397 2934 admodum
427 2895 564 2945 Έλλην
602 2899 711 2947 στολή
750 2896 906 2937 dicifiur:
945 2900 1156 2935 sacerdotes
1197 2897 1422 2934 rusticorum
1464 2898 1632 2935 vestibus
1669 2898 1726 2934 uti

196 2957 270 2981 non
299 2949 356 2982 est
381 2947 584 2983 offensioni.
