1890 3216
919 778 1015 822 XII.

616 872 1309 924 XENOPHANES.

773 993 1144 1040 ΕΔΕΓΕΙΑ.

946 1096 982 1138 1.

268 1178 373 1220 Νῦν
405 1174 492 1233 γὰρ
525 1174 580 1233 δὴ
615 1175 805 1230 ζάπεδον
835 1176 1043 1235 καθαρὸν
1075 1176 1147 1221 καὶ
1180 1185 1321 1235 χεῖρες
1353 1174 1563 1221 ἁπάντων
1646 1180 1730 1222 ⁸476

325 1248 399 1292 καὶ
431 1247 622 1300 κύλικες·
655 1247 866 1301 πλεκτοὺς
898 1248 939 1293 δ’
975 1247 1212 1306 ἀμφιτιθεῖ
1241 1247 1510 1305 στεφάνους,

267 1317 401 1370 ἄλλος
434 1317 474 1362 δ’
511 1317 675 1371 εὐῶδες
707 1317 853 1377 μύρον
887 1321 934 1363 ἐν
967 1319 1105 1378 φιάλῃ
1137 1319 1372 1378 πορσύνει·

327 1388 494 1448 κρατὴρ
528 1388 569 1433 δ’
606 1391 787 1447 ἔστηκεν
819 1389 975 1448 μεστὸς
1007 1390 1308 1448 ἐϋφροσύνης·

222 1474 242 1506 5
269 1460 405 1514 ἄλλος
437 1459 478 1504 δ’
515 1458 637 1514 οἶνος
669 1462 868 1519 ἑτοῖμος,
902 1459 950 1515 ὃς
982 1460 1145 1507 οὔποτε
1177 1462 1287 1520 φησὶ
1319 1462 1592 1521 προδώσειν,

292 1586 414 1622 Xeno
423 1586 607 1632 phanes.
658 1585 715 1622 Fr.
744 1590 774 1623 1.
779 1588 1010 1646 Integrum
1035 1585 1107 1622 hoc
1125 1586 1368 1631 Xenophanis
1394 1598 1553 1626 carmen
1569 1586 1734 1623 servavit

199 1635 335 1670 Athen.
362 1634 413 1669 XI
423 1599 507 1669 l462
535 1633 580 1669 C:
602 1630 719 1691 Ορῶν
746 1648 816 1670 ουν
842 1632 948 1680 ’ὑμῶν
974 1633 1039 1669 καὶ
1064 1631 1179 1675 αὐτὸς
1203 1633 1245 1670 τὸ
1278 1631 1504 1680 συμπόσιον,
1536 1631 1632 1670 κατὰ
1664 1632 1730 1670 τὸν

196 1679 499 1727 Κολοφώνιον
526 1679 788 1727 Ξενοφάνη,
814 1683 954 1728 πλῆρες
980 1677 1024 1717 ὂν
1049 1679 1173 1727 πάσης
1197 1683 1406 1728 θυμηδίας·
1442 1683 1539 1717 Νὗν
1566 1678 1648 1727 γὰρ
1676 1679 1728 1727 δὴ

197 1733 271 1767 κτλ.
306 1751 348 1755 -
377 1729 422 1765 V.
452 1733 565 1764 1-3.
594 1740 664 1764 om.
693 1728 732 1764 C.
762 1751 803 1755 --
838 1729 881 1765 V.
909 1734 940 1764 1.
975 1726 1139 1772 ζάπεδον
1170 1730 1311 1773 ABPV,
1344 1727 1514 1765 δάπεδον
1544 1729 1658 1764 Basil.
1689 1729 1730 1765 L.

196 1778 332 1814 Forma
357 1774 522 1820 ζάπεδον
547 1787 622 1812 non
646 1777 766 1823 magis
793 1776 1042 1822 sollicitanda,
1069 1788 1182 1822 quam
1200 1790 1235 1813 v.
1256 1781 1276 1812 6
1303 1757 1519 1823 ὀσδόμενος.
1554 1774 1730 1812 Ζάπεδον

197 1837 271 1861 non
299 1825 418 1861 solum
449 1824 657 1869 Hesychius
687 1824 926 1870 testificatur,
958 1824 1024 1859 sed
1060 1825 1175 1860 etiam
1207 1824 1401 1869 antiquum
1433 1824 1666 1870 epigramma
1693 1825 1732 1860 in

198 1873 318 1909 insula
348 1872 444 1908 Paro
475 1883 541 1917 rep
544 1873 664 1907 ertum
702 1871 836 1907 Kaibel
873 1872 998 1918 Epigr.
1033 1875 1131 1908 7503.
1166 1873 1293 1908 tuetur
1324 1872 1446 1929 σεμνῷ
1479 1869 1537 1907 ἐνὶ
1569 1871 1729 1928 ζαπέδῳ.

197 1921 371 1956 Fortasse
405 1885 541 1955 etiamp
553 1920 590 1954 in
623 1918 763 1965 hymno
794 1920 902 1955 Hom.
929 1920 966 1955 in
997 1919 1120 1965 Apoll.
1153 1920 1262 1965 Pyth.
1288 1923 1357 1955 345
1389 1916 1533 1955 αδύτου
1565 1909 1731 1962 ζάπεδόν

197 1968 482 2011 restituendum,
508 1968 550 2002 ut
576 1967 728 2012 exposui
753 1968 791 2002 in
818 1978 949 2003 comm.
976 1967 1079 2003 acad.
1107 1967 1189 2002 Hal.
1220 1970 1359 2012 1859p
1397 1967 1464 2010 VI,
1496 1967 1561 2002 ubi
1586 1966 1733 2002 ostendi

198 2015 443 2061 principalem
482 2025 561 2050 esse
598 2014 756 2050 formam
792 2012 975 2059 σάπεδον,
1011 2015 1108 2050 unde
1146 2011 1326 2060 ζάπεδον,
1335 1979 1550 2060 Ρδάπεδον,
1584 2011 1731 2050 απεδον

199 2063 445 2098 descendunt:
485 2063 610 2098 errant
647 2062 746 2097 enim
784 2062 849 2107 qui
880 2074 903 2099 a
933 2062 1055 2098 forma
1085 2060 1270 2098 διάπεδον
1311 2064 1486 2108 repetunt
1523 2063 1731 2119 etymorum

199 2112 434 2147 scrutatores
464 2131 507 2136 -
534 2110 577 2146 V.
605 2114 637 2145 2.
667 2106 878 2155 ἀμφιτιθεῖ
897 2109 1029 2156 scripsi
1055 2109 1286 2145 Dindorfium
1312 2111 1479 2154 secutus,
1504 2109 1590 2144 libri
1615 2122 1731 2155 αμφι-

198 2158 331 2203 τιθεὶς,
358 2158 457 2203 quod
477 2158 616 2193 frustra
635 2158 762 2193 tuetur
782 2158 958 2194 Mullach.
1009 2156 1165 2193 Versum
1185 2157 1391 2213 adespoton
1411 2168 1469 2203 ap.
1491 2156 1606 2192 Clem
1625 2157 1730 2192 Alex

199 2206 362 2252 Paedag.
388 2218 424 2251 p.
452 2209 519 2240 211
547 2202 705 2250 άπερρε·
739 2203 788 2251 μή
815 2218 878 2251 μοι
904 2204 1094 2250 στέφανον
1119 2201 1296 2252 ἄμφιθῇς
1321 2202 1420 2262 κάρᾳ
1446 2204 1563 2240 Cobet
1587 2204 1731 2250 tragico

199 2253 383 2299 attribuit,
410 2253 587 2298 quoniam
614 2253 766 2288 solenne
792 2253 945 2288 verbum
973 2252 1021 2288 sit
1046 2255 1265 2297 περιθεῖναι
1288 2250 1491 2298 στέφανον,
1511 2254 1552 2287 at
1571 2252 1732 2288 comicus

198 2302 268 2337 inc
290 2305 359 2336 305
385 2301 482 2336 dixit
508 2300 636 2345 φέρων
663 2299 705 2335 δε
733 2298 923 2345 στέφανον
950 2297 1158 2359 ἀμφέθηκέ
1183 2313 1249 2343 τις,
1275 2299 1589 2344 quemadmodum
1616 2299 1731 2335 etiam

198 2345 474 2406 άμφικείμενος
499 2347 702 2393 στέφανος,
727 2348 789 2383 vel
815 2345 1000 2384 ἐπίκειται
1025 2346 1212 2406 στέφανος
1225 2347 1551 2404 (Theogn.1259)
1578 2346 1724 2381 dicitur.

201 2418 242 2422 -—
273 2397 314 2432 V.
342 2401 374 2432 3.
402 2393 525 2453 ἄλλος,
550 2395 636 2431 fort.
664 2396 770 2432 scrib.
800 2393 1012 2451 στεφάνους
1037 2392 1188 2440 ἄλλος,
1220 2391 1240 2429 ὁ
1266 2391 1304 2429 δ’
1332 2396 1375 2429 ut
1400 2394 1513 2429 etiam
1539 2393 1727 2429 Hermann

201 2443 293 2479 coni.
324 2464 366 2469 —
394 2441 511 2490 φιάλῃ
538 2439 719 2488 πορσύνει
746 2444 906 2487 correxi,
934 2443 1045 2478 antea
1070 2423 1226 2488 φιάλῃσι
1251 2442 1441 2487 προτείνει
1466 2440 1598 2494 scripsi
1623 2441 1728 2476 dubi—

199 2493 334 2536 tanter,
363 2491 450 2526 libri
476 2489 592 2536 φιάλῃ
619 2492 851 2536 παρατείνει,
888 2490 1060 2526 Meineke
1086 2489 1246 2526 coniecit
1270 2493 1488 2535 παραγινεῖ,
1515 2498 1619 2524 emus
1643 2489 1728 2524 loco

199 2543 402 2584 περαγινεῖ
422 2539 666 2584 (περιαγινεῖ)
697 2538 822 2584 potius
849 2539 1045 2574 dicendum
1075 2537 1158 2573 fuit.
1185 2558 1230 2563 —-
1261 2536 1305 2572 V.
1332 2540 1377 2572 4.
1423 2539 1465 2573 ,8
1493 2535 1601 2572 affert
1626 2536 1728 2571 Eust.

201 2587 267 2622 Od.
297 2590 399 2630 1633,
427 2590 471 2621 53
498 2587 576 2621 sine
602 2586 741 2642 poetae
762 2598 795 2621 n.
819 2607 860 2611 —
890 2583 1043 2632 κρατὴρ,
1070 2583 1329 2621 Schneidewin
1353 2581 1502 2641 κρητὴρ.
1525 2605 1567 2608 -
1578 2581 1627 2643 ..δ’
1655 2595 1726 2619 om.

200 2635 315 2693 Ευειίξ,
342 2633 406 2679 qui
432 2634 545 2669 etiam
574 2630 812 2690 ἐμφροσύνης
837 2633 998 2669 exhibet.
1026 2652 1070 2659 —
1098 2632 1140 2668 V.
1167 2636 1199 2667 5.
1231 2629 1340 2672 αλλος
1371 2629 1408 2666 δ’
1445 2636 1547 2672 οἰνος
1572 2628 1729 2677 ἑτοῖμος,

201 2677 242 2722 ὃς
268 2694 405 2717 ουποτε
434 2681 526 2726 φησὶ
551 2678 761 2726 προδωσειν
793 2680 943 2726 scripsi,
977 2680 1173 2726 legebatur
1203 2676 1314 2720 ἄλλος
1346 2679 1502 2724 (ΑΒΟΡ,
1528 2675 1626 2726 ἄλλῳ
1657 2677 1729 2724 VL)

201 2726 238 2763 δ’
267 2727 370 2770 οἶνος
396 2726 495 2764 ἐστὶν
522 2728 606 2773 (hoc
632 2740 702 2764 om
730 2728 832 2763 Eust.
854 2728 930 2773 VL,
958 2729 988 2763 A
1008 2730 1134 2764 utrum
1153 2726 1329 2763 exhibeat
1347 2738 1394 2762 an
1415 2738 1486 2762 om.
1506 2737 1580 2762 non
1598 2715 1730 2771 iiquet)

203 2775 348 2833 ε’τοιμος
374 2777 490 2818 (Eust.
521 2775 667 2822 ἔτυμος)
695 2771 737 2816 ὃς
762 2773 899 2811 οὔποτε
928 2775 998 2820 (ita
1023 2775 1119 2810 AVL
1146 2774 1262 2820 Eust„
1290 2771 1394 2809 οὔπω
1421 2775 1496 2831 ΒΡ)
1523 2774 1615 2819 φησὶ
1640 2785 1728 2818 προ-

202 2822 338 2859 δωσειν
365 2824 435 2870 (ita
453 2824 563 2868 AVI,
590 2821 778 2870 προδωσει
803 2823 940 2859 omisso
960 2823 1053 2869 φησὶ
1071 2823 1184 2868 Eust,
1204 2821 1296 2867 φησὶ
1321 2819 1529 2867 προδώσειν
1549 2832 1620 2857 om.
1641 2821 1728 2866 BP).

201 2872 293 2907 Cum
318 2872 412 2907 haec
438 2871 510 2907 duo
547 2871 663 2907 verba
695 2871 809 2907 etiam
843 2871 882 2906 in
907 2870 938 2905 A
974 2870 1100 2906 deesse
1139 2870 1375 2905 crederentur
1410 2870 1463 2913 (in
1495 2879 1567 2914 quo
1600 2879 1731 2904 revera

201 2921 357 2979 exstant,
384 2919 457 2955 vid.
484 2918 629 2954 Ritschl
655 2918 692 2953 in
719 2919 847 2954 Museo
872 2919 990 2954 Rhen.
1010 2917 1117 2953 Novo
1137 2916 1153 2951 I
1175 2917 1268 2961 140),
1294 2917 1483 2952 Hermann
1507 2916 1601 2952 coni.
1628 2914 1730 2956 οἶνος

201 2962 238 3001 δ’
269 2963 368 3002 ε’στιν
396 2965 553 3014 ε’τοιμος,
579 2958 622 3008 ὀς
647 2978 752 3002 ουπω
786 2964 956 3013 πυθμένι
987 2966 1120 3011 γείτων
1151 2964 1289 3000 collato
1316 2963 1466 3000 Hesiod.
1493 2963 1559 3010 Op.
1587 2977 1621 3000 v.
1648 2968 1728 3009 336,
