1890 3216
846 200 1109 238 HIPPONAX.
1666 200 1751 243 481

879 312 936 356 55
969 313 1016 356 B.

302 395 456 452 Ερμῆς
488 393 537 439 δὲ
570 393 865 452 Σιμώνακτος
897 394 1227 454 ἀκολουθήσας.

874 517 942 560 56.
979 518 1087 570 [41.]

298 600 481 655 Σίφωνι
514 602 657 659 λεπτῷ
690 597 951 658 τούπίθημα
983 599 1207 658 τετρήνας.

875 721 1085 776 57.[42]

297 800 551 856 Στάζουσιν
583 800 731 860 ὥσπερ
766 803 813 847 ἐκ
845 806 1064 861 τροπηΐου
1097 803 1272 855 σάκκος.

875 924 1086 979 58.[43]

300 999 510 1065 Κάλειφα
542 1005 733 1064 ῥόδινον
765 1003 855 1064 ἡδὺ
885 1006 960 1073 καὶ
986 1007 1114 1059 λε’κος
1143 1010 1304 1065 πυροῦ.

878 1129 1089 1182 59.[61]

298 1210 426 1270 Πρὸς
455 1209 539 1269 τὴν
571 1214 768 1271 μαρίλην
799 1209 907 1264 τοὺς
936 1210 1079 1264 πόδας
1109 1228 1156 1256 τε
1188 1215 1451 1270 θερμαίνων

298 1282 488 1346 (Φςόδάς
518 1282 557 1329 τ’
593 1285 728 1342 ἔχων)
762 1282 817 1328 οὗ
850 1283 1050 1331 παύεται.

209 1425 324 1475 ᾆῆμα,
351 1425 433 1464 οἷον
461 1424 596 1475 ὃμίχω,
630 1425 650 1464 ὃ
685 1425 828 1474 μέλλων
861 1424 997 1475 ὅμίξω,
1030 1424 1080 1469 ὦς
1111 1425 1216 1474 παρὰ
1252 1428 1302 1477 τῷ
1329 1425 1622 1474 Ἱππώνακτι,
1655 1428 1753 1466 οἷον·

199 1473 384 1523 Ὤμιξεν
410 1478 486 1512 κτλ.
522 1475 630 1512 Adde
656 1475 776 1512 ctam.
802 1475 872 1512 An.
900 1475 967 1512 Ox.
991 1475 1045 1512 1V
1073 1480 1160 1519 191,
1186 1480 1207 1512 6
1234 1477 1273 1512 et
1298 1480 1385 1521 416,
1414 1481 1451 1523 7,
1484 1479 1641 1524 utroque
1673 1478 1756 1514 loco

209 1521 418 1571 ἐτίλλησεν,
442 1523 567 1570 priore
599 1520 750 1571 ὤμηξεν
782 1522 941 1571 legi'nur,
966 1523 1256 1560 'Choeroboscus
1288 1525 1323 1560 II
1349 1529 1419 1561 590
1445 1526 1483 1561 et
1508 1529 1595 1572 657,
1630 1526 1755 1562 Schol.

208 1572 320 1609 Hom.
347 1572 390 1608 Il.
417 1585 434 1608 ε
462 1575 542 1608 531.
571 1573 702 1609 Zonar.
733 1575 823 1608 1451
851 1569 1086 1620 (ἐτίλλησεν).

304 1644 364 1680 Fr.
392 1647 438 1680 55
463 1644 503 1680 Β.
543 1643 670 1680 Miller
687 1644 793 1681 Miso.
816 1648 876 1680 19:
903 1641 1188 1691 ἀκολουθήσας·
1210 1642 1350 1691 Ἑρμῆς
1375 1644 1418 1681 δὲ
1445 1647 1489 1681 Σ.
1516 1642 1576 1682 άκ.
1606 1643 1757 1682 ἐκτάσει
1798 1681 1804 1684 .

209 1692 276 1728 τοῦ
304 1697 348 1728 ἅ·
376 1689 496 1734 οὕτως
514 1689 760 1738 Ἡρωδιανός.
812 1693 1047 1739 Hipponacti
1073 1704 1221 1729 versum
1248 1693 1382 1729 tribuit
1400 1693 1584 1730 Meineke.
1636 1693 1758 1730 Simo-

209 1739 332 1777 nac‘nis
363 1751 501 1777 nomen
535 1740 695 1776 forfiasse
727 1740 884 1777 ludibrii
915 1752 1030 1777 causa
1061 1741 1190 1778 fictum
1215 1753 1239 1777 a
1263 1744 1390 1787 poeta,
1424 1741 1596 1778 Meineke
1633 1741 1754 1787 Τιμώ-

207 1792 347 1830 νακτος
371 1788 542 1826 conieciss.
593 1788 753 1825 Videtur
776 1789 892 1835 poessa
916 1788 1024 1835 loqui
1049 1789 1096 1825 de
1128 1791 1254 1825 statua
1286 1790 1347 1825 dei
1380 1792 1467 1826 ante
1500 1790 1610 1826 aedes
1637 1790 1755 1826 Simo-

139 1859 142 1862 ·
209 1836 331 1873 nactis
357 1837 549 1882 dedicata,
581 1836 655 1872 nisi
679 1836 777 1873 forte
810 1837 1038 1883 sequebatur
1068 1837 1168 1874 infra.
1199 1834 1366 1873 ὄπισθεν
1397 1838 1458 1873 vel
1488 1839 1682 1883 παίδεσσι,
1714 1840 1757 1873 ut

208 1883 383 1922 Meineke
420 1885 648 1931 suspicatur:
692 1885 795 1920 idem
832 1885 955 1922 crasin
991 1882 1261 1932 ἀκολουθήσας
1303 1887 1523 1932 praeopbab,
1559 1886 1625 1921 sed
1667 1887 1757 1922 tunc

209 1929 543 1979 ὦκολονθήσας
568 1932 668 1969 foret
693 1933 947 1979 scribendum,
977 1945 1099 1994 neque
1125 1933 1289 1969 insolens
1314 1934 1514 1991 producjzio
1541 1935 1588 1970 ab
1614 1934 1756 1980 Hippo-

208 1980 330 2065 11118.ρὲὶο
331 1981 626 2066 tgonsuetudine
651 1981 840 2018 abhorret.
891 1982 1010 2018 Lehrs
1042 1982 1172 2029 Ερμῆς
1198 1978 1235 2017 δ’
1266 1979 1310 2023 ἐς
1337 1979 1647 2023 Ἱππωνακτος
1672 1993 1757 2027 pro-

238 2039 261 2065 ε.
318 2041 331 2065 1
371 2041 399 2066 r.

305 2101 363 2137 Fr.
392 2105 448 2137 56.
500 2100 637 2138 Pollux
661 2101 714 2138 VI
742 2106 803 2138 19:
830 2102 908 2138 Καὶ
934 2103 1084 2148 σίφωνα
1110 2101 1197 2149 μέν,
1230 2097 1305 2150 ὅτῳ
1340 2098 1537 2147 ἐγεύοντο,
1565 2098 1754 2144 Ἱππῶναξ

212 2151 382 2196 εἴρηκεν·
416 2150 570 2195 Σίφωνι
599 2153 677 2186 κτλ.
711 2171 755 2176 -
790 2147 1013 2197 τούπίθημα
1045 2150 1241 2194 Welcker‚
1274 2150 1389 2195 vulgo
1420 2147 1462 2185 τὸ
1497 2148 1675 2196 ἐπίθεμα.
1712 2169 1755 2175 -

210 2194 392 2244 τετρήνας
418 2197 574 2243 conieci,
601 2199 640 2233 et
664 2197 718 2234 sic
744 2197 864 2234 edidit
889 2199 1050 2243 Bekker,
1075 2197 1191 2245 vulgo
1217 2195 1409 2245 τέτρηνας.

304 2269 364 2306 Fr.
391 2272 449 2307 57.
493 2270 628 2306 Pollux
653 2270 688 2305 X
715 2274 776 2307 75:
805 2270 882 2306 Καὶ
908 2268 928 2307 ὃ
957 2267 1159 2317 τρυγοιπός
1184 2269 1249 2306 καὶ
1275 2266 1295 2305 ὁ
1323 2267 1462 2310 σάκκος
1489 2266 1552 2305 ἐπὶ
1577 2269 1644 2305 τοῦ
1670 2282 1755 2314 τρυ-

210 2318 346 2364 γοίπου
373 2316 572 2364 εἰρημένος
596 2317 661 2354 καὶ
688 2315 709 2355 ὃ
737 2314 906 2366 ὑλιστήρ·
935 2315 1123 2362 Ἱππῶναξ
1150 2316 1192 2353 δέ
1219 2329 1352 2364 φησιν’
1384 2315 1597 2361 Στάζουσιν
1630 2313 1756 2361 ὥσπερ

212 2363 251 2407 ἐς
274 2362 456 2412 τροπήιον
482 2363 608 2408 σάκος.
659 2365 799 2413 Scripsi
826 2364 868 2403 ἐκ
894 2366 1096 2414 τροπηΐου,
1129 2366 1276 2402 Dobree
1303 2367 1343 2402 et
1366 2365 1540 2402 Meineke
1567 2361 1693 2410 ὥσπερ
1721 2364 1757 2400 εἰ

210 2414 393 2461 τροπηΐου
430 2413 612 2450 incisione
647 2426 777 2451 versus
814 2415 1005 2462 neglecta,
1040 2414 1157 2450 iidem
1189 2412 1342 2460 σάκκος,
1379 2424 1608 2460 quamquam
1641 2411 1757 2453 σάκος

208 2461 369 2498 fortasse
396 2462 639 2508 servandum,
670 2463 713 2499 ut
738 2474 867 2499 versus
893 2475 938 2500 ex
971 2463 1074 2510 puris
1099 2462 1234 2499 iambis
1260 2463 1425 2498 constet:
1457 2462 1616 2497 formam
1642 2458 1757 2500 σάκος

210 2509 347 2593 Αίῑὴίξίε
372 2509 567 2546 vindicant
590 2510 843 2557 grammatici.
890 2511 963 2547 Sed
988 2511 1114 2547 neseio
1141 2522 1189 2546 an
1213 2511 1388 2546 hocloco
1415 2507 1604 2549 σάκκοις
1629 2508 1756 2554 potius

213 2557 285 2593 scri
314 2558 452 2594 endum
477 2557 537 2595 sit.

305 2630 366 2666 Fr.
393 2633 450 2666 58.
501 2630 636 2667 Pollux
659 2630 695 2665 X
721 2635 783 2667 87:
811 2628 853 2667 ἐν
880 2629 922 2667 δὲ
951 2626 1234 2676 Δημιοπράτοις
1265 2627 1373 2669 λέκος
1399 2625 1639 2674 εὑρίσκομεν,
1668 2624 1755 2663 Ἱπ-

209 2675 451 2720 πώνακτος
477 2676 669 2720 εἰπόντος·
698 2676 912 2725 Κάλειφα
938 2681 1014 2714 κτλ.

305 2750 366 2787 Fr.
394 2753 449 2786 59.
500 2749 668 2788 Erotian.
694 2755 761 2787 133
782 2751 912 2787 Klein:
940 2750 1086 2798 Φῷὸες·
1115 2747 1192 2784 ἔστι
1218 2746 1288 2794 μὲν
1313 2744 1336 2792 ἡ
1364 2746 1462 2803 λέξις,ἱ
1487 2743 1664 2803 Δωρική;
1687 2760 1754 2782 κα-

210 2797 318 2834 λοῦσι
343 2796 386 2834 δὲ
413 2798 548 2847 φῷδας
571 2795 618 2834 τὰ
646 2796 688 2835 ἐκ
713 2799 781 2835 τοῦ
809 2796 930 2843 πυρὸς
954 2795 1155 2843 γενόμενα,
1182 2793 1410 2852 μάλιστα,δε’
1433 2807 1526 2830 οταν
1548 2793 1590 2830 ἐκ
1609 2803 1757 2840 ψυχους

212 2842 254 2881 ἐν
278 2845 329 2894 τῷ
355 2847 446 2892 πυρὶ
472 2847 550 2892 (ten
575 2846 694 2882 Brink
711 2847 810 2888 ,ποδὶ
835 2846 946 2890 coni.)
971 2846 1178 2887 καθίσωσι,
1206 2846 1413 2888 στρογγυλα
1441 2840 1753 2888 ἑπιφλογίσματα.

212 2921 219 2928 .
242 2919 251 2928 .
273 2921 280 2929 .
306 2893 373 2929 καὶ
393 2890 580 2938 Ἱππῶναξ
608 2893 651 2929 δέ
677 2904 810 2940 φησιν·
839 2890 943 2939 Πρὸς
968 2890 1038 2937 τὴν
1064 2893 1224 2938 μαρίλην
1251 2888 1340 2932 τοὺς
1364 2891 1506 2931 παῖδας
1526 2890 1756 2935 (Stephanus

210 2937 347 2987 πόδας)
371 2943 592 2988 θερμαίνων
619 2939 664 2978 οὗ
691 2940 864 2977 παύεται.
905 2939 1024 2976 TzetZ.
1053 2939 1175 2975 Schol.
1208 2938 1398 2984 Arisssoph.
1426 2937 1524 2974 Plut.
1553 2942 1621 2974 535
1646 2938 1755 2983 (Her—

214 2988 365 3024 werden
389 2992 478 3035 post
502 2988 614 3035 Soph.
638 2989 727 3026 Oed.
749 2989 806 3034 R.)
832 2985 926 3035 πρὸς
951 2985 1019 3033 τὴν
1046 2987 1228 3033 μαρίλλαν
1254 2983 1321 3027 τάς
1347 2986 1496 3031 φωΐδας
1520 2987 1754 3032 θερμαίνων.

285 3055 419 3081 Pom-Ali
438 3055 518 3082 Lim.
536 3056 582 3082 11.
1424 3050 1467 3082 31
