1890 3216
790 163 1147 202 ARCHILOCHUS.
1650 161 1738 205 399

933 275 1003 317 60.
1669 282 1739 314 699

223 335 226 337 -
264 358 432 419 Ἐρξίη,
463 361 523 418 πῇ
557 353 684 416 δηῦτ’
720 356 916 414 ἄνολβος
946 354 1204 414 ἀθροίζεται
1236 353 1444 412 στρατός;

860 465 1070 520 61.[42]

272 556 498 609 Ελπομαι,
529 547 725 602 πολλοὺς
755 547 838 607 μὲν
870 548 1020 593 αὐτῶν
1052 549 1234 605 Σείριος
1262 556 1525 603 καταυανεῐ,

269 621 376 677 ὀξὺς
408 621 657 679 ἐλλάμπων.

861 718 932 762 62.
965 718 1071 773 [74.]

265 801 471 862 Ἐρξίων,
503 799 724 859 ἐτήτυμον
755 798 842 857 γὰρ
874 798 1008 853 ξυνὸς
1039 798 1303 858 ἀνθρώποις
1322 798 1469 858 ’Ἄρης

861 909 1071 963 63.[34]

271 992 340 1039 Οὔ
370 1011 437 1046 τις
468 995 642 1045 αἰδοῖος
673 989 765 1049 μετ’
803 988 953 1035 ἀστῶν
983 989 1287 1049 κᾶναρίθμιος
1315 989 1478 1036 θανών

292 1125 352 1161 Fr.
373 1128 429 1161 60.
469 1123 556 1160 Keil
575 1122 684 1160 Anal.
705 1121 870 1158 Gramm.
889 1134 938 1182 p.
948 1126 982 1168 5,
999 1127 1038 1158 1.
1068 1125 1253 1169 Τροχαῖος
1278 1118 1317 1158 δ’
1340 1119 1499 1168 ἐκλήθη,
1525 1134 1584 1158 οτι
1609 1134 1740 1168 τροχα-

195 1169 264 1210 λόν
292 1170 371 1231 ἔχει
395 1170 463 1208 τὸν
488 1169 665 1231 ρυθξιόν·
692 1170 758 1207 καὶ
783 1167 857 1216 γὰρ
883 1184 904 1206 ο
926 1151 1132 1229 Ἀρχίλοχος
1163 1168 1227 1206 ἐπὶ
1251 1171 1326 1206 τῶν
1350 1170 1508 1217 θερμῶν
1533 1166 1740 1215 ὑποθρέων

197 1217 301 1270 αὐτῷ
327 1219 523 1279 κέχρηται,
553 1233 606 1260 ως
629 1216 688 1254 τὸ·
717 1215 798 1264 ἕξίη
823 1218 877 1264 πῆ
904 1217 947 1255 δὲ
973 1216 1064 1264 ἠύτε
1092 1215 1128 1254 ἅ.
1156 1215 1381 1264 ἀθροίζεται
1406 1218 1550 1254 στ.1ιὶ)ἱ
1577 1214 1640 1254 ἐπὶ
1664 1218 1740 1253 τῶν

197 1258 355 1316 θερμῶν
399 1266 677 1313 ὑποθηκῶν
721 1266 958 1303 scribendum
1000 1277 1081 1303 esse
1126 1266 1351 1326 significavi:
1396 1266 1528 1306 eadem
1567 1265 1742 1303 Gaisford

197 1317 404 1374 Hephaest.
430 1329 466 1362 p.
495 1319 562 1352 169
589 1315 647 1351 ed.
674 1326 746 1351 sec.
774 1326 819 1351 ex
844 1315 925 1351 cod.
953 1314 977 1350 S
1010 1314 1147 1351 edidit:
1180 1312 1200 1350 ὁ
1236 1313 1278 1350 δὲ
1311 1319 1500 1360 τροχαῖος,
1533 1309 1592 1349 ὅτι
1623 1311 1741 1373 χαλόν

200 1363 279 1423 ἔχει
310 1362 378 1400 τὸν
410 1361 590 1420 ῥυθμόν·
615 1364 686 1398 καί
712 1375 754 1408 γε
788 1355 858 1398 οὖν
888 1359 1092 1420 Ἀρχίλοχος
1124 1359 1188 1398 ἐπὶ
1218 1363 1292 1398 τῶν
1322 1362 1481 1408 θερμῶν
1513 1358 1741 1398 ὑποθέσεων

199 1409 303 1462 αὐτῷ
335 1410 533 1459 κέχρηται,
566 1407 616 1452 ὥς
641 1408 683 1447 ἐν
708 1411 776 1459 τῷ·
811 1408 898 1457 ἔρξη
923 1411 976 1457 πῆ
1004 1407 1092 1456 δῆτ’
1122 1413 1198 1446 κτλ.
1231 1412 1270 1446 et
1292 1408 1554 1464 Mangelsdorf
1581 1421 1626 1446 ex
1658 1409 1739 1446 cod.

200 1449 377 1497 Ghisiano
406 1459 560 1506 (Anecd.
587 1458 737 1504 Chis.p
740 1460 822 1504 ..6)
872 1458 1082 1504 Descripsit
1117 1458 1212 1495 haec
1246 1457 1450 1495 scholiasta
1482 1469 1527 1494 ex
1560 1457 1742 1504 Longino,

199 1508 391 1555 Longinus
417 1519 463 1544 ex
487 1507 692 1543 Heliodoro
718 1507 778 1552 (cf.
806 1507 852 1542 de
877 1507 958 1543 Lon
987 1507 1050 1543 ino
1076 1506 1203 1542 Rhett.
1231 1506 1291 1542 Gr.
1319 1506 1389 1541 VH
1416 1510 1484 1542 982
1512 1506 1570 1543 ed.
1595 1505 1742 1551 Walzq)

199 1556 333 1593 eadem
367 1556 484 1592 latine
516 1555 633 1591 vertit
656 1554 748 1590 Mar.
775 1553 917 1591 Victor.
943 1555 959 1590 I
1005 1559 1038 1600 5,
1064 1558 1105 1590 8:
1149 1554 1451 1600 „Tetrametrum
1482 1556 1608 1590 autem
1640 1555 1742 1590 cata

198 1604 391 1649 lecticum,
424 1603 525 1649 quod
549 1601 833 1639 Archilochium
859 1603 899 1638 et
923 1583 1204 1659 Epicharmium
1237 1603 1410 1644 vocatur,
1441 1602 1592 1648 praeter
1616 1603 1743 1638 cetera.

199 1651 376 1698 inlustre,
402 1615 459 1688 eiult
483 1653 615 1697 aptum
639 1649 787 1686 festinis
813 1649 1113 1687 narrationibus“
1122 1662 1131 1683 ι
1161 1647 1372 1691 ὑποθέσεις
1396 1650 1483 1694 (hoc
1507 1651 1568 1686 est
1591 1646 1742 1695 ὑποθῆ-

198 1700 280 1746 και)
311 1711 387 1736 ιιοιι
419 1699 512 1736 satis
542 1700 645 1735 recte
679 1697 837 1744 quodvis
870 1699 1135 1745 argumentum
1159 1698 1438 1744 interpretatus
1489 1697 1619 1743 Ipsum
1641 1698 1743 1733 hunc

198 1759 349 1784 versum
374 1747 528 1784 exhibet
552 1747 668 1783 etiam
686 1746 918 1806 Hephaestio
941 1759 978 1792 p.
998 1750 1056 1790 34,
1083 1746 1147 1804 qui
1171 1748 1374 1804 postquam
1394 1745 1612 1782 Archilochi
1630 1745 1676 1781 fr.
1696 1749 1741 1782 97

201 1795 345 1840 attulit,
370 1795 518 1854 pergit:
538 1792 788 1852 τετράμετρον
815 1792 858 1830 δε
885 1792 1176 1852 καταληκτικόν,
1203 1793 1285 1830 οἷον
1307 1790 1432 1839 Ἐρξίη
1460 1795 1547 1840 (hoc
1567 1804 1641 1830 om.
1659 1792 1743 1838 MC)

198 1808 556 1937 Ἠιτῗᾷἑὸἒᾙὲῗ
577 1841 725 1927 ῗΨΡΞῖ
750 1838 790 1925 2²}
814 1838 1098 1926 αῗριὶῖραῖῗ
1115 1839 1150 1926 (3
1169 1841 1353 1926 ..σ’(ἐῖἲῗέι
1358 1842 1500 1946 {ieet
1504 1841 1744 1926 ¹⁰²¹⁵1÷²3³Sss

199 1937 320 1985 affert,
344 1939 413 1979 ubi
431 1904 530 1993 δῆτ’,
505 1902 633 1975 'csend
641 1937 666 1974 S
686 1903 761 1984 ὃη”
737 1934 798 1974 ὕπ’
787 1904 1030 1975 ’.ηΟθιοιῗιιιιῗ
1046 1892 1310 1975 chng‘idewin
1335 1938 1382 1984 κῆ
1404 1901 1471 1984 Ριξξι
1491 1902 1563 1983 πη)
1570 1937 1742 1983 requirit.

198 1968 324 2033 Ἐρξίη
348 1987 544 2024 vocativus
567 1986 669 2022 recte
695 1996 735 2021 se
760 1985 893 2031 habet,
919 1986 1126 2032 alloquitur
1150 1987 1266 2032 poeta
1290 1985 1451 2022 eundem
1477 1985 1651 2030 amicum,
1676 1985 1744 2031 qui

200 2034 246 2071 fr.
272 2038 317 2071 62
345 2031 502 2080 Ἐρξίων
533 2033 748 2087 appellatur
778 2033 990 2080 paullulum
998 1999 1170 2070 qmutata
1199 2033 1361 2070 nominis
1392 2034 1530 2079 forma,
1566 2032 1743 2079 quemad-

201 2082 356 2119 modum
380 2082 421 2118 in
444 2081 606 2118 Erinnae
632 2080 750 2127 epigr.
772 2086 793 2118 6
819 2082 951 2118 eadem
978 2082 1113 2118 mulier
1132 2079 1268 2117 Βαυκω
1295 2084 1334 2118 et
1354 2082 1493 2123 Βαυκίς
1520 2045 1668 2126 digitur,
1695 2080 1742 2116 cf.

202 2130 318 2166 etiam
349 2130 472 2176 Etym.
499 2130 581 2166 cod.
607 2128 782 2165 Vossiani
811 2130 933 2187 locus,
969 2141 1083 2175 quem
1115 2129 1289 2166 Gaisford
1326 2128 1542 2190 adscripsit:
1577 2109 1743 2186 Ἐρξίας·

202 2174 343 2224 ὄνομα·
377 2174 482 2223 ἐρξίη
508 2177 560 2235 πῆ
587 2173 628 2212 δ’
656 2169 744 2212 αὖτ’
771 2174 832 2214 ἄν.
857 2174 951 2224 ἄθρ.
977 2189 1030 2214 στ.
1055 2175 1160 2224 παρὰ
1193 2175 1235 2214 τὸ
1263 2175 1359 2223 ἆὲξω
1385 2174 1514 2223 ρεξίας
1538 2176 1603 2213 καὶ
1628 2173 1743 2222 ὑπερ-

202 2226 315 2262 θέσει
340 2222 483 2272 ἐρξίας,
510 2221 530 2260 ὁ
555 2222 772 2278 πρακτικός.
822 2225 930 2262 Adde
956 2225 1017 2262 Et
1042 2225 1141 2262 Flor.
1161 2225 1287 2261 Miller
1304 2191 1514 2269 Misc.127,
1539 2225 1606 2261 ubi
1628 2224 1743 2262 Calli-

202 2274 330 2310 macho
354 2282 483 2309 versu
508 2271 742 2309 adscribitur.

299 2320 359 2357 Fr'.
387 2325 443 2358 61.
488 2319 585 2356 Plut.
614 2320 788 2378 Sympos.
811 2320 963 2364 Quaest.
983 2320 1036 2356 III
1057 2325 1114 2366 10,
1134 2326 1172 2357 2:
1202 2318 1280 2357 Τὸν
1306 2319 1349 2357 δε
1375 2316 1487 2377 ἥλιον
1508 2317 1743 2378 ἀναρπάζειν

241 2370 348 2406 λλον
374 2365 417 2405 ἐκ
442 2368 518 2404 τῶν
543 2379 725 2426 σωματων
750 2381 793 2404 το
819 2366 979 2428 νοτερὸν
1010 2366 1076 2404 διὰ
1106 2365 1176 2415 τὴν
1201 2366 1388 2415 πύρωσιν·
1419 2365 1514 2414 πρὸς
1539 2364 1560 2404 ὃ
1586 2368 1652 2404 καὶ
1677 2366 1744 2404 τὸν

206 2421 236 2454 A
244 2431 265 2464 ρ
273 2418 371 2464 χιλο
378 2429 459 2474 χον
486 2414 711 2474 εἰρηκέναι
723 2417 911 2473 φυσικῶς·
942 2413 1078 2453 Ελπο
1086 2430 1166 2464 μαι
1199 2420 1275 2453 κτλ.
1326 2415 1497 2473 Respicit
1533 2416 1744 2463 Hesychius

207 2466 410 2523 Σείριος·
438 2461 459 2500 ὁ
480 2460 586 2521 ἥλιος
610 2466 676 2500 καὶ
695 2460 715 2499 ὁ
736 2465 803 2500 τοῦ
823 2461 938 2506 κυνὸς
956 2461 1088 2521 ἄστηρ.
1101 2466 1255 2522 σειρίου
1275 2462 1392 2506 κυνὸς
1412 2465 1523 2510 δίκην
1543 2464 1746 2510 Σοφοκλῆς

207 2510 274 2550 τὸν
299 2509 470 2562 ἆστρῷον
489 2525 607 2558 κυνα,
633 2508 653 2547 ὁ
674 2510 717 2547 δὲ
735 2507 985 2558 Ἀρχίλοχος
1010 2526 1077 2549 τον
1097 2508 1215 2558 ἥλιον.
1255 2511 1430 2549 Imitatur
1447 2512 1635 2558 Lycophr.
1655 2515 1744 2548 397:

207 2557 316 2603 ἀκτὶς
339 2550 496 2606 Σειρίου
521 2564 741 2596 καταυανεῖ.

303 2610 362 2645 Fr.
389 2612 447 2645 62.
492 2607 607 2644 Clem.
633 2608 740 2643 Alex.
761 2607 832 2643 Str.
853 2607 906 2642 VI
926 2612 1012 2644 739:
1038 2606 1219 2654 καθάπερ
1229 2604 1378 2667 ἀμέλει
1402 2604 1559 2644 κάκεῖνο
1585 2605 1627 2644 τὸ
1655 2605 1746 2649 ἔπος

209 2657 314 2702 (11.⁶
339 2657 442 2716 309)
451 2653 602 2697 Ξυνύς
623 2652 878 2713 Ἐνυάλιος,
912 2657 994 2691 καί
1020 2669 1065 2692 τε
1098 2655 1354 2692 κτανέοντα
1386 2654 1604 2702 κατέκτα,
1635 2668 1745 2702 μετα-

209 2704 333 2741 ποιῶν
352 2701 469 2746 αὐτὸς
495 2701 531 2750 (ὁ
548 2700 764 2750 Ἀρχίλοχος)
791 2696 866 2740 ὧδέ
890 2716 970 2744 πως
995 2700 1215 2749 ἐξήνεγκεν·
1234 2701 1390 2750 Ἔρξω·
1418 2684 1643 2750 ἐτήτυμον
1668 2706 1743 2740 κτλ.

211 2751 351 2810 Scripsi
372 2749 547 2798 Ἐρξίων,
582 2751 683 2797 quod
707 2762 844 2787 nomen
867 2762 943 2787 non
968 2751 1155 2788 diversum
1179 2752 1228 2788 ab
1250 2748 1414 2798 Ἑρξίης,
1445 2751 1618 2788 Meineke
1636 2748 1741 2798 Ἔρρ’

211 2797 279 2836 ἰών
305 2800 484 2846 coniecit,
508 2780 683 2846 H’artung
706 2795 778 2844 ἄρχ
782 2795 900 2835 ’ἰών.

306 2847 365 2883 Fr.
392 2852 449 2884 63.
500 2846 604 2884 Stob.
629 2847 729 2883 Flor.
756 2845 907 2882 CXXVI
932 2850 972 2882 4.
1002 2843 1253 2893 Ἀρχιλόχου
1279 2846 1349 2893 (sie
1373 2846 1523 2893 Trinc..)
1557 2868 1602 2873 —
1639 2847 1682 2885 V.
1712 2852 1744 2883 1.

210 2891 469 2950 κᾷναρίθμιος
493 2895 642 2942 scripsi,
668 2905 904 2950 quamquam
919 2906 995 2931 non
1027 2895 1120 2932 satis
1150 2894 1259 2940 facit,
1294 2895 1359 2932 sed
1384 2908 1430 2931 πε
1434 2896 1616 2941 ρι’ψυκτος
1638 2895 1744 2932 novi-

211 2942 323 2990 cium,
348 2943 464 2990 vulgo
488 2943 553 2979 καὶ
578 2945 792 2989 περίφημος
818 2944 857 2979 et
875 2941 927 2979 sic
947 2942 1062 2979 etiam
1081 2942 1206 2989 vind„
1232 2924 1438 2980 Salmasius
1463 2944 1600 2990 καίπερ
1626 2940 1745 2989 εὔφη-
