1890 3216
210 186 296 226 252
744 184 937 220 POETAE
963 183 1200 220 EnneiAci.

281 293 438 350 νέκταρ
473 292 740 349 ἀμέλγονται
773 291 917 349 μόνον
949 290 1105 348 ὄλβιον
1138 290 1470 349 ἀνθρώποισιν,

214 377 255 408 10
343 362 479 416 ξυνὸν
511 366 591 407 τοῦ
623 367 795 420 χαίρειν
822 362 1061 420 φάρμακον
1093 360 1330 419 αὐτοφυές·

283 437 362 478 τοῦ
395 437 551 477 θαλίαι
583 438 691 490 φίλα
723 433 855 477 τέκνα
887 430 1222 494 φιλοφροσύναι
1253 450 1297 477 τε
1329 438 1459 491 χοροί
1487 448 1549 478 τε·

342 507 430 549 τῶν
464 503 504 549 δ’
541 504 731 562 ἀγαθῶν
762 503 970 562 βασιλεὺς
997 503 1119 557 οἶνος
1151 506 1287 559 ἔδειξε
1320 505 1472 563 φύσιν.
1673 518 1741 550 578

283 580 341 638 τῷ
376 576 452 633 σύ,
485 576 620 634 πάτερ
655 577 875 633 Διόνυσε,
908 576 1306 634 φιλοστεφάνοισιν
1338 574 1540 634 ἀρέσκων

342 647 583 705 ἀνδράσιν,
615 646 831 706 εὐθύμων
863 652 1124 706 συμποσίων
1156 647 1367 705 πρύτανι,

214 734 256 764 15
283 729 425 778 χαῖρε·
459 722 590 763 δίδου
623 718 663 763 δ’
700 722 862 775 αἰῶνα,
894 722 1044 764 καλῶν
1076 720 1285 778 ἐπιήρανε
1318 723 1480 777 ἔργων,

331 795 477 836 πίνειν
508 791 580 835 καὶ
612 794 781 844 παίζειν
812 791 886 835 καὶ
918 789 971 835 τὰ
1004 793 1153 835 δίκαια
1185 800 1386 848 φρονεῖν.

953 912 993 954 2.

284 994 484 1053 Χαιρέτω
517 993 727 1052 ἡμέτερος
758 992 966 1050 βασιλεὺς
999 993 1146 1051 σωτήρ
1178 1011 1222 1037 τε
1254 993 1398 1051 πατήρ
1431 1008 1492 1038 τε·

344 1065 451 1124 ἡμῖν
483 1065 533 1110 δὲ
563 1064 745 1124 κρητῆρ’
782 1065 982 1123 οἰνοχόοι
1015 1064 1208 1121 θέραπες

284 1138 535 1196 κιρνάντων
567 1137 859 1196 προχύταισιν
892 1138 939 1182 ἐν
971 1136 1224 1195 ἀργυρέοις·
1258 1135 1280 1181 ὁ
1317 1137 1365 1182 δὲ
1397 1137 1580 1195 χρυσός,

308 1283 351 1317 V.
380 1286 411 1317 9.
440 1279 568 1326 μόνον,
595 1281 725 1317 Iacobs
752 1277 881 1324 ποτὸν,
908 1279 1079 1315 Meineke
1110 1278 1247 1324 πόνον,
1277 1280 1363 1315 fort.
1391 1278 1512 1325 μένος.
1541 1301 1582 1306 -
1616 1280 1659 1316 V.
1689 1285 1742 1316 10.

213 1328 345 1373 ξυνὸν,
378 1330 406 1364 Ρ
433 1326 556 1373 ξυνὸς.
585 1349 626 1354 —
653 1327 697 1365 V.
727 1332 780 1364 12.
808 1328 880 1362 τῶν
908 1324 945 1362 δ’
971 1328 1155 1373 Hartung,
1180 1328 1292 1374 vulgo
1319 1327 1404 1372 τῶν,
1430 1327 1621 1363 Hermann
1647 1328 1742 1364 coni.

214 1374 316 1419 ἕνθ’,
344 1378 443 1423 quod
462 1389 537 1413 non
557 1377 646 1412 satis
671 1375 763 1412 facit
788 1374 987 1418 Meinekio,
1013 1375 1077 1420 qui
1101 1375 1286 1411 distichon
1313 1374 1488 1411 omissum
1514 1386 1595 1411 esse
1620 1377 1741 1422 putat.

214 1447 256 1450 -—
283 1425 327 1462 V.
358 1429 411 1461 13.
444 1425 494 1473 τῷ
526 1423 675 1470 scripsi,
707 1424 820 1469 vulgo
852 1423 929 1459 τοῦ.
966 1443 1013 1448 -
1045 1422 1087 1458 V.
1117 1427 1170 1458 14.
1199 1419 1398 1468 εὐθύμων,
1424 1423 1454 1457 Β
1480 1420 1667 1460 εὐθύνων.
1696 1444 1740 1449 -

213 1469 384 1517 πρύτανι,
411 1473 440 1507 Β
465 1470 643 1517 πρύτανε.
671 1492 714 1497 -
737 1471 778 1507 V.
810 1475 852 1506 15
879 1470 1179 1516 distinguebatur
1213 1469 1335 1506 αἰῶνα
1369 1471 1512 1515 καλῶν,
1549 1467 1743 1516 ἐπιήρανε,

214 1519 332 1565 ἔργων
358 1520 458 1565 quod
479 1520 640 1555 correxit
660 1520 797 1563 Osann,
817 1520 947 1554 contra
968 1518 1226 1554 Schneidewin
1246 1515 1451 1564 ε’πιήρανον
1472 1518 1579 1563 00111.,
1598 1518 1745 1554 Hecker

213 1568 362 1614 scripsit
388 1569 495 1603 δίδου
517 1564 554 1603 δ’
583 1564 646 1613 ἄρ’
667 1564 790 1602 Ἴωνα.
819 1587 860 1592 --
889 1565 933 1602 V.
962 1570 1016 1602 16.
1043 1566 1179 1610 πίνειν,
1204 1566 1233 1601 Ρ
1258 1567 1368 1601 πίνει.

308 1615 366 1650 Fr.
394 1620 426 1650 2.
478 1616 611 1651 Athen.
638 1615 670 1650 X
697 1618 766 1650 463
792 1615 837 1649 B:
865 1613 929 1648 καὶ
946 1610 1030 1648 ’Ἱων
1057 1610 1094 1648 δ’
1123 1610 1142 1649 ὁ
1169 1616 1261 1653 Χῖος
1286 1614 1418 1658 φησίν·
1445 1611 1637 1658 χαιρέτω
1663 1616 1738 1650 κτλ.

216 1684 256 1689 —-
287 1663 329 1699 V.
357 1668 377 1698 2
406 1665 444 1699 et
469 1674 513 1698 ex
539 1666 646 1709 parte
672 1675 705 1697 v.
732 1667 752 1697 3
780 1661 894 1697 etiam
920 1661 1030 1696 affert
1054 1661 1105 1696 XI
1131 1665 1200 1697 496
1227 1661 1271 1696 C:
1306 1658 1518 1718 Προχύτης·
1553 1658 1652 1702 εἶδος
1683 1658 1743 1696 ε’κ-

215 1708 389 1757 πώματος
417 1739 423 1746 .
446 1739 452 1745 .
475 1740 482 1747 .
502 1707 586 1746 ’Ίων
620 1707 657 1745 δ’
686 1707 705 1745 ὁ
733 1712 825 1750 Χῖος
853 1705 893 1744 ἐν
920 1706 1114 1754 ἐλεγείοις·
1142 1705 1250 1755 “Ημι”ν
1277 1736 1285 1743 .
1307 1737 1313 1744 .
1337 1737 1343 1743 .
1371 1721 1580 1754 κιρναντων
1606 1705 1743 1754 προχύ-

214 1771 335 1794 ταισιν
362 1756 403 1795 ἐν
429 1755 638 1804 ἀργυρέοις.
659 1778 705 1783 -
727 1757 768 1793 V.
789 1761 821 1792 2.
849 1753 1003 1802 κρητῆρ’
1031 1756 1234 1802 posteriore
1261 1756 1343 1791 1000
1363 1756 1439 1801 VL,
1465 1756 1620 1801 κρητῆρι
1639 1755 1743 1800 APC,

214 1804 352 1852 κρητήρ
379 1806 465 1842 libri
491 1805 613 1851 priore
639 1806 662 1840 1.
691 1826 734 1831 —
762 1802 939 1850 οἰνοχόοι,
966 1804 1086 1839 altero
1112 1804 1135 1839 1.
1161 1804 1255 1839 PVL
1285 1801 1467 1849 οἰνοχόαι.
1494 1824 1537 1829 —-
1563 1801 1743 1848 θέραπες,

213 1854 335 1900 priore
362 1854 385 1890 l.
411 1854 440 1888 P
468 1852 604 1899 ε’ροτες,
631 1853 750 1889 altero
777 1852 802 1888 C
829 1849 1074 1894 θεράποντες.
1099 1872 1140 1877 -
1163 1851 1205 1886 V.
1233 1856 1265 1886 3.
1292 1848 1537 1896 προχύταισιν
1563 1846 1743 1904 ε’νρῖργυ-

214 1901 330 1958 ρέρις,
365 1901 489 1947 priore
514 1901 598 1957 1000
630 1904 851 1956 προχοαῐσιγ
883 1898 925 1936 ἐν
956 1895 1167 1944 ἄργυρέαις.
1218 1897 1362 1934 Deinde
1388 1899 1519 1934 Iacobs
1545 1909 1638 1934 00111.
1666 1911 1743 1954 κἰρ-
1811 1906 1813 1908 ’

213 1959 377 1985 ναντων·
410 1960 632 1994 προχυταισι
663 1945 701 1983 δ’
736 1945 777 1983 ἐν
812 1945 1051 1993 αργυρέοισιν
1087 1945 1276 1987 ἕκαστος
1307 1944 1411 1981 οἶνον
1439 1944 1533 1992 ἔχων
1569 1947 1744 1990 διερον,

213 1997 272 2032 0111
298 1996 533 2033 coniecturae
560 1996 621 2032 vel
645 1996 741 2031 alter
775 1994 958 2031 Athenaei
990 1994 1093 2030 locus
1126 1993 1362 2038 adversatur,
1395 2004 1622 2039 quamquam
1655 2004 1743 2029 sane

213 2045 274 2080 vel
303 2045 354 2080 sic
381 2045 484 2080 locus
504 2043 726 2080 difficultate
746 2042 873 2087 aliqua
892 2042 1055 2079 laborat:
1080 2053 1166 2077 nam
1187 2041 1360 2077 solebant
1378 2051 1514 2085 aquam
1536 2052 1581 2076 ex
1599 2040 1744 2086 hydria,

214 2092 343 2128 vinum
370 2104 411 2128 ex
445 2091 627 2137 amphora
658 2092 824 2127 craterae
856 2089 1066 2126 infundere:
1098 2088 1160 2125 hic
1191 2100 1278 2125 vero
1311 2087 1477 2134 epichysi
1510 2090 1665 2124 utuntur
1695 2089 1744 2123 ad

215 2140 343 2175 vinum
368 2139 664 2184 temperandum.
717 2138 853 2184 Aperte
873 2138 1078 2184 depravata
1097 2138 1194 2180 sunt,
1214 2147 1311 2181 quae
1331 2137 1545 2181 sequuntur.
1583 2135 1743 2181 Bentley

214 2187 374 2223 coniecit
399 2184 419 2222 ὁ
447 2183 486 2222 δ’
515 2186 671 2226 ἕκαστος
697 2215 704 2221 .
727 2214 734 2221 .
757 2215 764 2222 .
793 2191 932 2230 χειροῖν
958 2182 1063 2227 ἷζὲτω
1089 2187 1183 2229 κτλ.,
1215 2183 1366 2219 Lobeck
1391 2181 1410 2218 ὁ
1438 2182 1481 2219 δὲ
1507 2179 1648 2228 κρήσας
1675 2211 1682 2218 .
1703 2210 1711 2218 .
1733 2210 1742 2219 .

214 2240 354 2280 χειροῖν
380 2233 510 2278 νιζέτω
537 2237 623 2280 κτλ,
651 2234 758 2280 Toup
785 2231 804 2269 ὁ
833 2232 875 2270 δὲ
901 2230 1050 2278 Χρύσης
1076 2259 1083 2266 .
1105 2260 1112 2267 .
1135 2258 1142 2266 .
1170 2236 1328 2277 χειροῖν,
1356 2242 1425 2277 ego
1451 2231 1541 2267 olim
1566 2230 1745 2277 proposui

214 2281 233 2318 ὁ
262 2281 304 2318 δὲ
331 2279 478 2328 Χρυσὸς
506 2309 512 2316 .
535 2309 542 2317 .
564 2310 572 2318 .
600 2286 740 2327 χειροῖν
766 2281 896 2324 νιζέτω
923 2282 977 2321 εἰς
1009 2279 1153 2324 ἔδαφος
1178 2278 1254 2324 (vel
1281 2276 1329 2314 ἐκ
1356 2276 1540 2323 δέπαος)
1575 2289 1620 2313 ac
1645 2277 1745 2313 simi-

214 2331 302 2366 liter
330 2330 458 2366 Ossan.
479 2327 627 2375 Χρυσὸς
651 2332 790 2374 autem,
817 2327 987 2374 quamvis
1005 2338 1081 2363 non
1100 2328 1246 2362 tantum
1268 2337 1458 2362 servorum
1476 2325 1591 2361 fuerit
1608 2336 1744 2361 nomen

215 2377 419 2423 (Aristoph.
441 2378 551 2422 Vesp.
576 2377 692 2422 1251),
719 2377 786 2412 sed
811 2376 926 2412 etiam
951 2376 1196 2421 ingenuorum
1222 2373 1415 2409 hominum
1440 2373 1501 2416 (cf.
1522 2370 1632 2418 λόγος
1656 2385 1744 2418 πρε-

215 2423 431 2508 ρρευτικός,
455 2424 520 2469 qui
545 2424 724 2460 Thessalo
749 2423 988 2470 Hippocratis
1019 2422 1096 2458 filio
1127 2421 1243 2457 tribui
1275 2421 1388 2464 solet,
1420 2420 1482 2456 ubi
1514 2420 1559 2455 de
1591 2419 1745 2465 Chryso,

253 2472 331 2508 ebri
357 2471 424 2508 Coi
449 2471 538 2517 filio,
564 2471 629 2517 qui
653 2472 692 2507 in
720 2471 862 2507 Crissae
888 2470 990 2507 urbis
1016 2468 1291 2515 expugnatione
1316 2468 1457 2514 primus
1483 2479 1630 2503 murum
1657 2478 1742 2503 con-

215 2520 375 2564 scendit,
410 2519 520 2556 valde
554 2519 813 2555 memorabilia
844 2519 1051 2565 leguntur),
1084 2518 1212 2553 tamen
1247 2527 1323 2551 non
1357 2518 1414 2552 est
1448 2514 1648 2551 verisimile
1683 2515 1745 2550 hic

215 2580 330 2603 unum
355 2568 518 2612 aliquem
546 2567 624 2603 sive
650 2578 695 2602 ex
719 2566 900 2602 ministris
934 2566 1012 2601 sive
1037 2576 1082 2600 ex
1108 2563 1272 2600 convivis
1297 2563 1522 2598 nominatim
1549 2562 1742 2608 appellari.

217 2615 312 2651 Stoll
338 2612 357 2650 ὁ
386 2614 428 2651 δὲ
455 2612 601 2660 Χρυσὸς
626 2616 753 2658 νίτρον
782 2612 876 2659 ἔχων
902 2617 998 2655 κτλ.,
1024 2613 1196 2657 Hartung
1221 2608 1430 2655 κιρνάντων
1455 2607 1676 2655 προχύταισι
1701 2605 1740 2644 δ’

216 2660 258 2698 ἐν
284 2660 523 2708 ἀργυρέοισιν
550 2659 570 2697 ὃ
596 2658 744 2707 Χρυσὸς
777 2659 882 2697 οἶνόν
913 2658 948 2696 τ’
983 2659 1135 2706 ἐγχείτω
1160 2657 1291 2701 νιζέτω
1325 2652 1368 2693 εὖ
1400 2654 1432 2692 τ’
1469 2656 1623 2702 ἔδαφος.
1674 2656 1744 2692 De-

215 2710 327 2754 nique
353 2711 492 2755 Haupt,
518 2709 580 2755 qui
607 2709 646 2744 in
671 2709 862 2755 prooemio
888 2709 971 2745 1001.
999 2708 1117 2744 Berol.
1147 2709 1308 2742 1862-3
1335 2705 1380 2740 de
1406 2705 1463 2740 his
1490 2705 1656 2740 versibus
1682 2715 1741 2740 co-

216 2757 321 2803 piose
347 2757 567 2803 disputavit,
592 2756 713 2792 multa
738 2757 889 2792 molitus
916 2755 1065 2801 scripsit
1090 2751 1110 2789 ὃ
1136 2751 1178 2789 δὲ
1205 2753 1373 2799 χρυσοῦ
1400 2750 1504 2788 οἶνον
1532 2750 1626 2797 ε”χων
1653 2764 1744 2797 χει-

217 2810 315 2850 ροῖν
351 2803 479 2848 ἴζέτω
515 2804 568 2845 εἰς
603 2803 816 2848 ἕδρανον,
852 2804 897 2839 de
932 2800 1311 2839 Lacedaemoniorum
1346 2811 1432 2845 rege
1462 2799 1562 2835 Ionis
1596 2799 1744 2844 hospite

216 2853 493 2898 interpretatus.
544 2852 637 2887 Mihi
662 2851 897 2887 scribendum
923 2851 1085 2886 videtur:
1112 2846 1132 2884 ὁ
1160 2846 1202 2884 δὲ
1229 2845 1362 2893 χρυσὸς
1388 2844 1492 2882 οἶνον
1519 2845 1614 2892 ἔχων
1671 2858 1744 2892 ερ-

218 2897 294 2935 σόν
320 2899 450 2942 νιζὲτω
482 2893 546 2945 ἧκ’
575 2898 728 2944 ἔδαφος.
780 2899 904 2934 Aurea
929 2898 1028 2934 enim
1053 2895 1183 2943 phiala
1212 2895 1289 2931 sive
1313 2894 1448 2940 poculo
1474 2894 1522 2930 ad
1547 2860 1742 2930 libatfdum

217 2947 384 2992 utuntur,
410 2947 723 2992 quemadmodum
748 2946 863 2982 etiam
887 2946 927 2982 in
953 2945 1066 2982 sacris
1091 2954 1226 2989 aquam
1244 2942 1438 2978 lustralem
1458 2940 1742 2978 aureo.vaseu10
