1890 3216
860 793 1025 837 XVIII.
1650 804 1718 837 572

647 901 681 951 S
709 901 754 951 O
780 902 898 952 PH
924 901 968 952 O
997 902 1037 952 C
1061 902 1104 951 L
1130 902 1174 950 E
1203 901 1251 950 S.

796 1043 1096 1078 EAEPEIA.

928 1141 963 1184 1.

231 1234 484 1295 Ἀρχέλεως·
516 1230 576 1294 ἦν
606 1234 692 1294 γὰρ
725 1234 981 1294 σύμμετρον
1013 1229 1102 1279 οἶδε
1134 1235 1293 1292 λέγειν.

341 1081 366 1108 Ο

925 1358 965 1400 2.

296 1458 562 1509 Harpocratio
596 1460 666 1510 36,
703 1459 773 1498 15:
806 1452 942 1510 Ἀρχὴ
981 1453 1135 1509 ἄνδρα
1173 1456 1413 1507 δείκνυσι,
1451 1453 1720 1508 Δημοίῖθένης

176 1524 399 1576 προοιμίοις
431 1524 729 1577 δημηγορικοῖς·
768 1525 983 1575 Σοφοκλῆς
1023 1520 1095 1575 μὲν
1127 1515 1202 1563 οὗν
1241 1521 1285 1562 ἐν
1315 1526 1399 1571 ταῖς
1430 1521 1614 1576 ἐλεγείαις
1645 1520 1720 1563 Σό-

177 1585 304 1637 λωνός
342 1599 467 1641 φησιν
504 1584 600 1629 αὐτὸ
639 1584 741 1629 εἶναι
778 1585 1044 1643 ἀπόφθεγμα,
1093 1584 1346 1641 Θεόφραστος
1383 1582 1421 1627 δ’
1463 1587 1507 1628 ἐν
1543 1591 1595 1645 τῷ
1632 1587 1722 1642 περὶ

178 1657 404 1709 παροιμιῶν
433 1653 500 1694 καὶ
527 1651 790 1708 Ἀριστοτέλης
826 1655 994 1704 Βίαντος
1026 1651 1078 1709 (E
1111 1668 1184 1706 pro
1215 1655 1279 1694 his
1313 1655 1495 1695 exhibet:
1533 1651 1722 1703 Σόλωνος

178 1718 222 1760 δὲ
260 1715 366 1760 εἶναί
392 1732 516 1772 φασιν
554 1717 649 1761 αὐτὸ
688 1717 967 1776 ἀπόφθεγμα).
1015 1722 1076 1760 De
1113 1722 1188 1760 hoc
1224 1722 1438 1773 proverbio
1471 1721 1519 1760 cf.
1551 1722 1722 1773 Diogen.

177 1786 217 1825 II
245 1789 307 1826 94*
332 1787 467 1837 ibique
499 1788 667 1838 interpr.
717 1788 902 1838 Apostol.
934 1788 993 1827 IV
1018 1791 1053 1827 1.
1085 1787 1224 1826 XVIII
1253 1788 1306 1826 32
1341 1788 1383 1826 et
1407 1786 1584 1831 Leutsch
1610 1788 1654 1828 T.
1681 1787 1722 1826 II

276 1943 538 1990 Sophocles.
577 1944 638 1980 Fr.
667 1949 697 1981 1.
737 1945 942 2006 Hephaest.
974 1949 1014 1982 8:
1047 1942 1089 1981 τὸ
1122 1945 1189 1981 τοῦ
1218 1940 1411 1990 Ἀρχελάου
1443 1940 1567 1991 ὄνομα
1591 1947 1720 1991 Σοφο-

178 1991 269 2036 κλῆς
295 1988 337 2027 ἐν
361 1996 444 2033 ταῖς
469 1989 654 2039 ἐλεγείαις
679 1989 749 2029 οὐκ
776 2007 871 2041 ῳετο
898 1990 1077 2040 ἐγχωρεῖν
1112 1990 1198 2029 οὔτε
1233 1992 1287 2033 εἰς
1319 1990 1409 2033 ἔπος
1441 1990 1526 2028 οὔτε
1563 1992 1617 2035 εἰς
1643 1991 1721 2030 ἐλε-

177 2040 287 2085 γείαν
313 2039 356 2084 (Ε
383 2052 438 2086 pr.
467 2037 664 2087 ἐλεγεῖον)·
699 2042 792 2087 φησὶ
824 2042 918 2088 γοῦν
951 2042 995 2087 (Ε
1022 2040 1132 2078 Turn.
1161 2040 1245 2077 add.
1274 2037 1294 2076 ὁ
1321 2041 1554 2087 Σοφοκλῆς)·
1583 2037 1721 2087 Ἀρχέ-

178 2090 305 2128 λεως·
336 2079 391 2132 ἦν
422 2085 508 2134 γὰρ
540 2086 682 2135 (Οκγὰρ
707 2088 764 2134 τὸ)
791 2093 866 2126 κτλ.
918 2090 1013 2126 Miro
1039 2100 1163 2126 errore
1189 2089 1293 2124 Eust.
1319 2088 1361 2124 Il.
1389 2092 1470 2133 264,
1498 2093 1561 2124 20:
1599 2088 1721 2135 Πηνέ-

178 2137 271 2176 λεως
293 2131 475 2181 Ἀττικῶς,
502 2131 547 2172 οὗ
573 2134 615 2172 τὸ
643 2135 776 2173 κοινὸν
812 2134 999 2183 ἄχρηστον
1031 2134 1178 2185 ἡρωικῷ
1211 2135 1352 2185 μέτρῳ,
1383 2133 1502 2182 ἤγουν
1529 2134 1570 2172 τὸ
1598 2135 1722 2183 Πηνέ-

179 2185 280 2224 λαος.
315 2183 490 2220 τοιοῦτον
522 2182 565 2220 δὲ
597 2185 663 2220 καὶ
694 2183 736 2221 τὸ
771 2182 964 2232 Ἀρχέλεως
1001 2182 1042 2221 ἐν
1078 2185 1308 2231 Τραχινίαις.
1358 2184 1414 2219 Ea
1444 2187 1571 2220 autem
1596 2185 1722 2229 verba,

181 2230 317 2275 quibus
343 2231 574 2277 Hephaestio
600 2233 733 2278 utitur,
759 2233 791 2269 si
816 2244 892 2269 non
919 2232 1117 2279 Sophoclis
1143 2234 1242 2277 sunt,
1268 2233 1369 2268 certe
1395 2243 1441 2268 ex
1466 2232 1563 2268 alius
1587 2235 1722 2279 poetae

181 2278 304 2323 elegia
329 2277 493 2315 adscita:
521 2277 744 2326 ἐγχωρεῖν
771 2278 867 2317 οὔτ’
903 2279 969 2322 εἰς
996 2279 1104 2322 ἔπος
1136 2277 1231 2316 οὔτ’
1261 2277 1483 2326 ἐλεγεῖον.
1534 2279 1658 2327 Vulgo
1685 2283 1723 2317 et

179 2326 250 2362 hoc
281 2326 326 2363 fr.
354 2327 393 2362 et
423 2327 597 2363 similiter
630 2328 674 2364 fr.
702 2332 723 2364 2
750 2329 790 2365 et
814 2333 835 2364 3
869 2330 1036 2365 referunt
1066 2328 1111 2364 ad
1146 2328 1356 2374 Sophoclem
1386 2329 1578 2373 minorem,
1611 2340 1722 2373 quem

180 2374 321 2420 elegias
347 2375 598 2421 composuisse
623 2377 755 2412 auctor
780 2378 838 2413 est
864 2376 1015 2413 Suidas:
1042 2377 1245 2422 Σοφοκλῆς
1267 2372 1490 2422 Ἀρίστωνος,
1515 2375 1654 2418 υἴωνὸς
1679 2375 1721 2412 δὲ

179 2423 247 2458 τοῦ
279 2421 464 2468 προτέρου
497 2422 756 2469 Σοφοκλέους·
785 2453 793 2461 .
823 2454 830 2462 .
860 2454 867 2461 .
895 2423 1039 2471 ἔγραψε
1073 2424 1139 2460 καὶ
1171 2421 1350 2470 ἐλεγείας.
1409 2422 1483 2460 Sed
1515 2424 1721 2471 ignobilem

180 2469 281 2506 hunc
314 2471 470 2516 poetam
504 2482 528 2507 a
559 2473 816 2518 grammaticis
851 2472 1096 2519 diligentibus
1124 2473 1262 2508 testem
1295 2471 1466 2508 adhiberi
1499 2472 1722 2518 praesertim

180 2529 256 2554 non
281 2518 411 2555 addito
438 2516 458 2555 ὁ
485 2517 669 2566 νεώτερος
693 2532 826 2567 parum
852 2522 909 2556 est
933 2519 1149 2565 verisimile,
1167 2531 1237 2556 nec
1262 2520 1335 2556 fide
1362 2522 1475 2565 caret,
1496 2520 1722 2567 Sophoclem

180 2566 411 2612 tragicorum
436 2567 646 2614 principem
666 2568 806 2615 elegias
827 2567 1038 2614 scripsisse;
1063 2568 1143 2614 ipse
1162 2567 1325 2604 testatur
1344 2567 1495 2604 Suidas:
1521 2568 1586 2604 καὶ
1613 2566 1721 2614 ἔγρα-

181 2621 256 2659 ψεν
283 2610 494 2660 ἐλεγείαν
520 2628 558 2651 τε
586 2615 651 2651 καὶ
676 2617 860 2659 παιᾶνας,
894 2616 959 2660 qui
990 2616 1090 2662 quod
1124 2615 1307 2662 singulari
1337 2627 1493 2652 numero
1518 2627 1607 2651 usus
1643 2613 1722 2652 ἐλε-

181 2662 291 2707 γείαν
317 2661 422 2708 dixit,
450 2674 494 2699 eo
519 2675 595 2699 non
621 2665 678 2700 est
704 2664 948 2708 abutendum,
973 2665 1017 2699 ut
1042 2664 1238 2710 complura
1263 2662 1428 2699 carmina
1453 2663 1622 2710 elegiaca
1647 2666 1721 2700 tra-

180 2709 307 2756 gicum
333 2710 582 2747 clarissimum
607 2711 802 2757 reliquisse
828 2722 1025 2758 negemus,
1058 2711 1089 2746 si
1116 2711 1244 2747 uidem
1277 2710 1379 2747 idem
1405 2710 1538 2747 Suidas
1563 2711 1739 2748 Simoni--

181 2757 267 2793 dem
292 2758 540 2805 Amorginum
566 2759 660 2795 dicit
684 2759 876 2805 scripsisse
898 2757 1070 2805 ἐλεγείαν
1118 2773 1139 2794 ν
1166 2760 1321 2807 βιβλίοις
1347 2756 1399 2807 β’,
1424 2759 1482 2794 ita
1507 2759 1607 2795 enim
1633 2759 1722 2795 scri-

181 2804 300 2851 psisse
328 2807 532 2842 censendus
559 2809 633 2853 est,
660 2818 887 2852 quamquam
919 2807 1079 2843 fortasse
1105 2818 1128 2842 a
1151 2817 1242 2842 vero
1274 2807 1469 2843 aberransz
1500 2806 1563 2843 hic
1595 2809 1722 2844 autem

183 2852 299 2889 etiam
323 2852 562 2890 librariorum
587 2855 821 2901 negligentia
847 2851 1018 2900 ἐλεγείαν
1044 2866 1111 2901 pro
1139 2851 1307 2900 ἐλεγείας
1331 2854 1458 2900 potuit
1483 2854 1722 2891 substituere.

182 2899 319 2937 Parum
344 2902 445 2938 recte
471 2903 633 2939 Leutsch
660 2902 884 2949 Sophoclem
910 2901 1090 2939 maiorem
1116 2913 1229 2937 unam
1263 2903 1410 2938 tantam
1442 2902 1498 2938 ele
1528 2902 1621 2947 iam,
1653 2902 1722 2939 mi-

182 2958 311 2984 norem
337 2949 546 2996 complures
573 2950 762 2996 scripsisse
789 2950 999 2996 existimat,
1025 2950 1154 2996 itaque
1187 2950 1230 2985 fr.
1257 2954 1297 2995 3,
1329 2949 1394 2986 ubi
1428 2947 1469 2986 ἐν
1515 2952 1644 3000 λεγείᾳ
1669 2950 1721 2986 le-

185 2995 297 3042 gitur,
323 2997 468 3043 maiori,
495 2999 626 3034 contra
650 2999 694 3035 fr.
724 3003 741 3034 1
769 3000 808 3034 et
832 3003 854 3034 2
879 2998 1013 3035 minori
1040 2997 1230 3035 vindicare
1256 2998 1349 3034 vult.

1438 3058 1509 3094 16*
