1890 3216
871 171 1044 209 PLA'l'O.
1642 170 1725 213 311

923 282 992 328 31.

254 360 305 408 ‘A
329 362 505 422 Κύπρις
537 363 787 410 Μούσαισι·
818 364 1029 424 κοράσια,
1060 363 1143 410 τὰν
1170 363 1441 423 Ἀφροδίταν

319 434 484 494 τιμᾶτ’,
515 433 542 493 ἢ
575 437 657 482 τὸν
677 435 837 494 ’Ἑρωτ’
873 435 1013 495 ὔμμιν
1046 438 1356 495 ἐφοπλίσομαι.

259 511 337 567 χαῖ
367 510 552 554 Μοῦσαι
583 509 684 554 ποτὶ
718 509 917 568 Κύπριν·
946 507 1069 567 ’Ἀρει
1100 506 1154 554 τὰ
1187 508 1395 566 στωμύλα
1427 511 1582 554 ταῦτα·

318 578 427 639 ἡμῖν
459 579 501 625 δ’
538 579 594 626 οὐ
625 582 798 627 πέτεται
828 584 963 627 τοῦτο
994 580 1045 626 τὸ
1078 580 1334 640 παιδάριον.

874 703 1031 736 Ena.

921 776 992 819 32.

247 859 408 913 ’Ἁλσος
439 858 481 904 δ’
518 857 578 911 ὡς
609 857 830 915 ἱκόμεσθα
861 857 1137 915 βαθύσκιον,
1170 855 1361 915 εὕρομεν
1394 859 1531 901 ἔνδον

255 932 530 991 πορφυρέοις
561 930 771 989 μήλοισιν
803 928 979 975 ἐοικότα
1010 931 1149 974 παῖδα
1182 927 1421 986 Κυθήρης·

258 1002 358 1050 οὐδ’
394 1007 494 1062 ἔχεν
526 1001 712 1048 ἰοδόκον
745 1002 994 1060 φαρέτρην,
1027 1000 1084 1046 οὐ
1114 999 1323 1058 καμπύλα
1354 1001 1475 1054 τόξα·
1659 1013 1727 1045 629

257 1074 371 1122 ἀλλὰ
403 1074 456 1120 τὰ
488 1074 570 1133 μὲν
602 1074 868 1131 δένδρεσσιν
898 1071 976 1118 ὑπ’
1012 1071 1294 1130 εὐπετάλοισι
1325 1073 1564 1131 κρέμαντο·

211 1162 232 1195 5
258 1147 394 1202 αὐτὸς
425 1145 468 1192 δ’
504 1147 553 1191 ἐν
584 1145 826 1191 καλύκεσσι
858 1144 1010 1204 ῥόδων
1042 1145 1346 1202 πεπεδημένος
1375 1142 1503 1205 ὕπνῳ

257 1215 390 1266 εὗδεν
422 1218 653 1277 μειδιόων·
688 1218 850 1272 ξουθαὶ
884 1216 924 1262 δ’
962 1217 1192 1275 ἐφύπερθε
1224 1217 1427 1274 μέλισσαι

257 1291 506 1351 κηροχύτης
538 1288 671 1348 ἑσμὸς
701 1295 856 1347 λαροῖς
890 1289 960 1334 ἐπὶ
990 1292 1156 1347 χείλεσι
1188 1293 1363 1346 βαῖνον.

283 1427 340 1460 31.
379 1423 486 1469 Diog.
507 1423 630 1459 Laert.
652 1422 705 1458 III
726 1426 770 1458 33
796 1421 952 1457 Platoni
976 1421 1119 1457 tribuit..
1159 1421 1211 1456 At
1235 1421 1274 1456 in
1301 1421 1412 1457 Anth.
1440 1421 1487 1455 IX
1513 1425 1557 1456 39
1585 1434 1632 1456 m.
1654 1433 1726 1458 sec.

187 1473 413 1516 Μουσικίου,
440 1470 506 1508 sed
526 1471 631 1507 Plan.
652 1471 866 1506 Μουσικίου
894 1467 933 1505 οἷ
950 1467 991 1505 δὲ
1013 1466 1226 1510 Πλάτωνος.
1265 1468 1384 1506 Iriart.
1408 1473 1476 1505 104
1502 1471 1727 1515 Μουνικιόυ,

187 1519 225 1558 οἱ
248 1519 290 1557 δὲ
319 1517 534 1560 Πλάτωνος.
585 1518 732 1555 Nomen
756 1517 967 1553 Romanum
993 1517 1181 1563 quomodo
1207 1516 1479 1553 emendandum
1512 1517 1577 1561 sit,
1610 1518 1726 1553 incer-

185 1571 284 1614 tum,
322 1568 407 1604 fort.
434 1568 610 1603 Μουκιόν
642 1566 702 1603 vel
735 1566 960 1602 Μουσιδιόυ-.
1012 1564 1165 1601 Diibner
1198 1564 1291 1601 dicit
1320 1563 1358 1600 in
1391 1565 1471 1600 cod.
1498 1564 1623 1601 Athoo
1656 1566 1727 1601 hoc

185 1617 419 1663 epigramma
449 1614 652 1651 adhaerere
679 1625 738 1660 ep.
764 1613 814 1649 IX
844 1617 910 1649 108
938 1611 1128 1659 (ἄδηλον),
1165 1612 1264 1658 quod
1297 1624 1385 1648 sane
1419 1613 1466 1648 ad
1492 1613 1601 1648 huius
1627 1613 1727 1649 simi-

185 1664 385 1701 litudinem
423 1673 538 1710 prope
576 1662 731 1699 accedit.
782 1660 905 1697 Codex
936 1661 1080 1696 Athous
1116 1660 1257 1707 passim
1288 1660 1328 1695 in
1359 1660 1524 1696 editione
1558 1661 1728 1697 Parisiua

187 1713 433 1756 memoratur,
459 1710 525 1747 sed
551 1710 615 1746 diu
640 1710 779 1746 frustra
798 1720 881 1745 eam
901 1708 1173 1755 pervestigavi,
1199 1708 1282 1753 quis
1302 1710 1400 1744 esset
1418 1708 1514 1744 liber
1532 1720 1727 1755 quaerens,

187 1760 338 1797 tandem
358 1758 481 1806 reperi
501 1758 549 1794 ad
569 1758 618 1794 IX
634 1763 655 1794 3
681 1758 903 1793 adnotatum
930 1768 1010 1793 esse
1036 1758 1212 1803 excerpta
1230 1755 1482 1802 Anthologiae
1502 1755 1726 1802 Plauudeae,

189 1819 284 1855 quae
310 1807 434 1846 Miller
459 1817 503 1843 ex
529 1807 656 1842 monte
682 1806 782 1841 Atho
809 1804 991 1841 attulerit.
1018 1825 1063 1830 —
1089 1805 1134 1840 V.
1156 1809 1186 1842 1.
1219 1801 1428 1848 Μούσαισι,
1455 1804 1606 1840 Brunck
1630 1807 1726 1841 Μοί-

188 1868 289 1892 σαισι
314 1856 354 1892 et
378 1854 551 1891 similiter
575 1867 609 1890 v.
638 1858 659 1890 3
685 1856 840 1889 Μοῖσαι.
874 1874 918 1878 -
953 1852 997 1888 V.
1025 1857 1056 1888 2.
1076 1848 1227 1898 Ἔρωτ’,
1261 1852 1341 1888 cod.
1368 1851 1445 1887 Pal.
1474 1851 1588 1898 ξ’ρων,
1621 1853 1725 1888 Plan.

186 1903 286 1950 ἔρον.
314 1925 357 1930 -
390 1900 505 1950 ὔμμιν
548 1902 628 1938 cod.
655 1901 733 1938 Pal.
760 1914 891 1948 υμμιν,
915 1900 1019 1937 Plan.
1047 1897 1170 1946 ὔμμι,
1198 1898 1287 1935 Cod.
1308 1900 1418 1936 Vind.
1446 1904 1514 1935 311
1542 1898 1631 1947 ὑμῖν
1659 1899 1725 1947 ἐφ’

186 1949 408 1998 ὁπλήσομαι.
437 1971 480 1977 -
507 1931 551 1986 V.
572 1954 604 1986 3.
632 1948 707 1996 χαῖ,
734 1949 814 1986 cod.
841 1948 918 1985 Pal.
946 1946 981 1994 χ’
1007 1945 1044 1989 ἁ,
1070 1948 1179 1994 Diog.
1206 1946 1257 1983 αἴ.
1286 1969 1330 1974 -
1357 1945 1518 1993 Κύπριν,
1544 1949 1625 1985 cod.
1648 1949 1724 1985 Pal.

186 2003 321 2045 Κυπρι.
351 2005 394 2026 4-
427 1998 472 2034 V.
500 2003 532 2036 4.
565 1995 658 2043 ἡμῖν
684 1993 736 2042 δ’,
769 1997 879 2043 Diog.
907 2007 976 2033 om.
1005 1993 1056 2042 δ’,
1082 1996 1232 2032 Brunck
1257 1992 1359 2042 ἁμῖν.
1388 2017 1430 2022 —-
1464 1995 1618 2032 πέτεται
1644 1998 1724 2033 cod.

185 2047 331 2084 Monac.
359 2047 512 2105 (Diog.),
538 2046 652 2093 vulgo
677 2044 849 2081 πέταται.
887 2043 1046 2080 Videtur
1071 2044 1309 2080 scribendum
1335 2040 1453 2090 ἄμμε
1482 2041 1521 2079 δ’
1550 2041 1617 2080 ἔπ’
1647 2045 1723 2091 (vel

185 2091 292 2178 ᾄμξ
309 2093 395 2155 ξἔπι
418 2096 474 2178 ξ’)
501 2090 546 2152 οῤ
571 2106 631 2177 ”¹3-
636 2091 742 2139 τάγε
754 2107 783 2138 ι,
810 2092 881 2128 nisi
906 2092 1002 2128 forte
1020 2091 1175 2128 πέτεται
1199 2091 1299 2128 tueri
1323 2091 1443 2127 malis.
1484 2091 1620 2128 Sitzler
1639 2104 1723 2129 con-

187 2154 258 2179 leel
355 2155 391 2178 ιν
483 2155 528 2178 ου
588 2154 604 2177 ε
641 2154 751 2178 εται.

282 2156 353 2226 ὃὲμ
390 2155 672 2226 Anth01.⁹P1an.
699 2193 786 2225 210:
813 2186 1028 2229 Πλάτωνος.
1073 2188 1115 2223 Ι11
1141 2188 1222 2224 cod.
1246 2187 1327 2225 Pal.
1355 2187 1394 2223 in
1419 2187 1549 2234 primis
1575 2188 1725 2234 paginis

187 2251 214 2275 s.
241 2239 340 2285 poet.
369 2250 404 2274 n.
431 2237 598 2274 additur:
634 2234 778 2283 εὑρέθη
812 2234 854 2272 δὲ
881 2233 956 2272 ὑπὸ
983 2233 1152 2280 ὑδάτων,
1186 2235 1333 2272 Brunck
1361 2232 1526 2272 ὁδιτῶν
1554 2235 1726 2280 coniecit,

187 2297 301 2332 quam
327 2286 580 2322 coniecturam
606 2285 873 2321 confirmarunt
898 2285 977 2320 cod.
1004 2284 1088 2320 Par.
1115 2285 1154 2320 et
1178 2283 1295 2329 Flor.,
1330 2283 1368 2318 in
1401 2283 1536 2330 quibus
1567 2283 1723 2329 legitur:

188 2332 394 2375 Πλάτωνος
420 2332 474 2374 εἰς
491 2330 536 2369 ”E
562 2346 638 2368 ωτα
664 2329 830 2378 εὑρεθὲν
856 2329 1082 2378 (εὑρεθέντα
1109 2330 1384 2377 Schneidewin)
1415 2328 1491 2367 ὑπὸ
1518 2328 1656 2367 ὁδιτῶν
1683 2329 1725 2367 ἐν

189 2379 308 2418 ἄλσει.
351 2382 393 2417 111
419 2381 500 2418 cod.
556 2381 623 2417 lor.
649 2380 785 2416 iterum
810 2379 961 2426 legitur,
988 2380 1053 2415 ubi
1073 2377 1277 2420 Πλάτωνος
1301 2377 1530 2425 νεωτέρου
1557 2379 1724 2415 inscribi-

186 2433 267 2475 tur,
293 2429 353 2465 cui
377 2428 547 2465 lemmati
567 2427 826 2464 Schneidewin
851 2427 962 2464 fidem
988 2427 1120 2463 habet:
1148 2429 1188 2464 at
1213 2427 1262 2463 ab
1286 2426 1388 2462 illius
1413 2429 1548 2473 poetae
1574 2427 1724 2473 ingenio

110 2494 114 2498 ²
186 2478 280 2514 haec
306 2476 498 2524 elegantia
516 2476 627 2523 plane
647 2476 834 2520 abhorret,
861 2474 931 2511 nisi
952 2475 1048 2511 forte
1068 2475 1177 2511 illum
1197 2474 1349 2510 aliunde
1369 2475 1463 2510 haec
1483 2475 1725 2520 descripsisse

189 2527 317 2572 putes,
342 2524 382 2560 id
409 2523 512 2571 quod
538 2535 626 2560 sane
653 2535 727 2560 non
753 2525 811 2559 est
835 2522 946 2570 plane
972 2522 1202 2560 incredibile.
1249 2522 1322 2558 Sed
1347 2522 1451 2558 nolui
1476 2522 1563 2558 huic
1590 2523 1723 2567 codici,

187 2573 291 2610 cuius
330 2573 535 2614 auctoritas
574 2571 667 2607 mihi
731 2582 836 2607 arum
874 2570 1068 2617 explorata
1105 2573 1182 2615 est,
1228 2571 1499 2616 obtemperare.
1550 2571 1724 2606 Ceterum

189 2622 347 2667 apparet
372 2619 599 2667 particulam
624 2631 710 2665 amp
728 2619 817 2655 ioris
842 2618 1015 2654 carminis
1042 2629 1130 2655 esse.
1166 2639 1208 2644 —
1245 2618 1288 2654 V.
1316 2623 1349 2654 3.
1381 2615 1534 2654 ἰοδόκον
1562 2618 1615 2653 Pl.
1643 2619 1722 2654 cod.

190 2668 288 2705 Flor.
314 2668 435 2715 primo
460 2668 501 2712 1.,
541 2665 692 2717 ἰοβόλον
724 2666 802 2703 Pal.
829 2666 910 2702 Par.
937 2666 1034 2703 Flor.
1067 2666 1091 2702 l.
1124 2666 1254 2702 altem.
1294 2686 1337 2691 —
1378 2665 1419 2701 V.
1448 2670 1479 2701 7.
1519 2662 1726 2711 κηροχύτης
1763 2670 1766 2673 “

192 2713 304 2763 ἑσμὸς
328 2719 455 2761 λαροῖς
480 2715 626 2762 scripsi,
653 2715 850 2761 legebatur
874 2710 1096 2760 κηροχύτοις
1122 2711 1230 2754 ἐντὸὲ
1253 2717 1449 2759 λαγαροῐς,
1483 2715 1523 2748 ut
1548 2713 1726 2749 exhibent

189 2764 244 2800 Pl.
271 2764 350 2800 Pal.
378 2764 475 2800 Flor.
503 2763 527 2800 l.
555 2777 622 2810 pr.,
649 2764 711 2799 sed
733 2762 815 2799 Par.
836 2762 932 2798 Flor.
958 2761 981 2797 l.
1011 2762 1129 2797 altero
1156 2758 1375 2807 κηροχύτοις
1401 2757 1438 2796 δ’
1467 2758 1575 2801 ἐντὸς
1598 2759 1727 2805 λάροις

190 2812 318 2857 (iidem
354 2811 488 2847 deinde
522 2813 686 2860 βαίνον),
721 2811 848 2855 itaque
879 2813 1021 2854 λαροῐς,
1055 2810 1155 2855 quod
1184 2810 1261 2845 iam
1294 2808 1501 2844 Salmasius
1533 2811 1725 2844 assecutus

190 2861 288 2904 erat,
327 2859 558 2895 confirmant.
610 2859 682 2894 Sed
721 2858 821 2894 haud
854 2857 930 2893 scio
962 2869 1009 2893 an
1042 2858 1208 2903 praestet
1237 2859 1464 2901 λιπαροῖς,
1503 2857 1601 2901 quod
1634 2856 1724 2892 olim

189 2906 349 2951 conieci,
384 2906 686 2952 quandoquidem
720 2906 780 2942 hic
811 2907 940 2951 poeta,
976 2916 1214 2941 numerorum
1246 2904 1523 2940 mollitudinem
1549 2905 1725 2949 sectatus,

194 2954 432 2991 continuatos
458 2955 639 3001 spondeos
664 2965 739 2990 non
765 2953 913 2990 videtur
931 2951 1133 2990 admisisse.
1172 2950 1391 2999 Κηροχύτης
1414 2951 1509 2988 alias
1534 2963 1608 2988 non
1634 2952 1724 2997 legi-
