1890 3216
167 196 221 238 76
642 181 646 184 ’
700 194 894 231 POETAE
921 194 1161 230 ELEGIACL

232 301 484 348 Ἀθάνατόν
515 302 552 346 τ’
589 302 758 361 ἄχρι(ς)
790 301 997 350 θανάτου
1027 301 1108 346 τὸν
1141 300 1293 358 ἀγῶνα
1324 303 1545 346 ποιοῦσιν.

238 380 544 432 Παρθενικοῖς
576 373 625 418 δὲ
657 376 878 431 δραμοῦσι
910 376 1055 425 καλῶς
1086 372 1327 430 ἄφθαρτον
1359 371 1530 417 ἄεθλον

237 446 387 491 Λώσει
418 443 544 490 τοῦδ’
580 443 749 499 ἄθλου,
781 444 855 487 καὶ
887 453 981 496 τοῖς
1011 442 1065 487 τὰ
1098 446 1248 487 δίκαια
1280 444 1493 500 νέμουσιν

164 531 209 563 50
232 517 509 576 Ἀνθρώποις
540 515 717 572 πᾶσί(ν)
750 532 795 559 τε
826 515 899 558 καὶ
933 518 1115 559 ἔθνεσιν
1148 512 1471 559 ἀλλοδαποῖσιν

242 595 343 642 Τοῖς
376 588 508 641 ὁσίως
541 587 723 643 ζώουσι,
755 585 868 631 θεὸν
901 585 942 631 δ’
979 584 1070 644 (θ’)
1103 587 1181 630 ἕνα
1213 586 1524 643 γινώσκουσιν.

239 665 296 705 Οἳ
326 660 366 705 δ’
402 659 607 718 ἀγαπῶσι
638 658 783 716 γάμον
815 676 860 702 τε
891 660 1207 715 γαμοκλοπιῶν
1240 656 1281 702 δ’
1318 656 1578 715 ἀπέχονται,

238 733 388 779 Δώσει
420 731 615 777 πλούσια
647 729 774 789 δῶρ’,
807 729 996 775 αι’ώνιον
1029 731 1185 774 ἐλπίδα
1216 729 1290 773 καὶ
1322 739 1424 782 τοῖς.

237 805 370 850 Πᾶσοί
403 823 449 849 τε
480 802 565 862 γὰρ
597 801 716 860 ψυχὴ
749 792 957 860 μερόπων
989 803 1103 846 θεοῦ
1137 803 1222 846 ἐστι
1258 801 1471 859 χάρισμα,

166 891 209 922 55
236 875 337 922 Κού
374 878 504 934 θέμις
541 873 814 933 ἀνθρώπους
852 871 934 931 τὴν
973 872 1127 929 ἄλγεσι
1166 874 1375 931 (Gallaeus
1408 871 1552 931 ἄγεσι)
1590 875 1698 917 πᾶσι

1023 948 1229 1002 μιαίνειν.

166 1043 346 1093 quisquis
379 1044 478 1082 11360
510 1041 744 1091 composuit,
775 1054 811 1080 v.
847 1042 900 1079 52
933 1039 1146 1078 manifesto
1178 1040 1361 1078 imitatur
1398 1039 1560 1090 Phocyl.
1592 1054 1628 1080 v.
1662 1042 1700 1089 3,
1715 1047 1784 1080 452

166 1122 202 1148 v.
237 1109 291 1148 53
325 1108 485 1147 videtur
517 1108 567 1146 ad
607 1106 909 1146 similitudinem
946 1106 1108 1156 Phocyl.
1147 1119 1182 1144 v.
1218 1107 1241 1143 2
1276 1105 1537 1155 compositus,
1575 1119 1610 1145 v.
1645 1108 1699 1146 45

166 1174 294 1224 possis
327 1187 416 1212 cum
447 1188 484 1213 v.
519 1175 571 1211 12
606 1168 867 1226 (quamquam
898 1172 973 1210 hoe
1002 1165 1235 1223 incertum),
1267 1184 1304 1210 v.
1339 1171 1393 1209 54
1426 1183 1512 1209 cum
1546 1185 1582 1211 v.
1617 1174 1699 1212 106

167 1252 414 1290 componere.
464 1239 550 1278 Iam
582 1239 803 1288 sequuntur
834 1250 975 1276 versus
1008 1237 1072 1274 sat
1102 1237 1220 1275 multi
1253 1249 1300 1275 ex
1337 1236 1578 1286 Phocylideo
1610 1249 1701 1286 poe-

166 1306 274 1344 mate
294 1304 495 1355 descripti,
521 1306 608 1342 tum
632 1302 881 1342 versificator
905 1303 981 1341 iste
1007 1302 1123 1351 redit,
1155 1301 1259 1340 unde
1286 1301 1512 1351 deflexerat,
1538 1315 1574 1342 v.
1598 1304 1701 1342 149:

240 1383 384 1441 Οὗτος
415 1388 560 1445 αγών,
592 1385 715 1431 ταῦτ’
752 1386 871 1430 ἐστὶν
903 1387 1083 1442 ἀέθλια,
1115 1389 1254 1430 ταῦτα
1285 1389 1492 1444 βραβεῖα,

243 1462 386 1504 Τοῦτο
420 1458 536 1515 πύλη
571 1461 681 1515 ζωῆς
711 1457 786 1501 καὶ
819 1460 994 1509 εἴσοδος
1025 1455 1297 1513 ἄθανασίης,

227 1529 314 1575 “Ην
346 1530 454 1584 θεὸς
485 1528 700 1587 οὐράνιος
732 1527 1029 1580 δικαιοτάτοις
1059 1519 1322 1585 ἀνθρώποις

224 1601 444 1659 ’Έστησεν
476 1605 601 1658 νίκης
634 1601 895 1645 ἐπαέθλιον·
929 1602 974 1644 οὗ
1004 1599 1053 1644 δὲ
1085 1598 1298 1656 λαβόντες

243 1672 302 1718 Τὸ
336 1675 497 1730 στέφος
530 1671 721 1726 ἐνδόξως
753 1670 1057 1716 διελεύσονται
1090 1670 1164 1715 διὰ
1197 1670 1369 1728 ταύτης.

168 1782 270 1820 quae
282 1769 325 1807 in
337 1769 571 1808 memoriam
582 1768 772 1807 revocant
782 1767 985 1817 epilogum
993 1765 1222 1816 Phoeylidei
1239 1766 1425 1805 carminis
1440 1781 1475 1806 v.
1487 1769 1702 1808 229—30.

289 1834 376 1873 Iam
407 1834 531 1872 libros
563 1834 582 1871 Ι
615 1835 656 1872 et
680 1833 722 1871 II
755 1833 879 1871 Bleek
905 1827 1264 1886 (Sehleiermaeher
1291 1832 1579 1883 Theologische
1601 1834 1703 1872 Zeit-

171 1899 313 1939 schrift
338 1899 427 1938 Vol.
448 1899 467 1936 I
491 1900 572 1938 185
596 1912 703 1949 seqq.
731 1894 836 1950 193)
869 1898 999 1937 medio
1033 1899 1189 1938 saeculo
1223 1898 1362 1948 quinto
1393 1911 1430 1948 p.
1452 1897 1522 1938 Ch.
1541 1911 1578 1937 n.
1601 1911 1703 1938 com-

169 1965 323 2016 positos
357 1976 444 2003 esse
477 1964 623 2014 censet,
655 1963 857 2002 Friedlieb
889 1965 931 2003 in
968 1964 1140 2004 editione
1174 1962 1287 2003 Orac.
1321 1963 1401 2002 Sib.
1432 1978 1469 2013 p.
1502 1964 1597 2002 XXI
1628 1965 1702 2004 sub

168 2030 288 2069 finem
321 2018 469 2069 saeculi
501 2029 680 2080 secundi,
712 2029 870 2080 Ewald,
909 2030 977 2080 qui
1012 2030 1054 2068 in
1092 2029 1190 2068 actis
1223 2027 1434 2068 Societatis
1467 2029 1704 2080 Gottingen-

169 2096 223 2135 sis
256 2096 305 2134 de
336 2096 399 2134 his
432 2095 603 2134 oraculis
630 2094 852 2146 disputavit
882 2095 971 2135 Vol.
1003 2094 1117 2144 VIII,
1157 2095 1231 2133 sub
1263 2094 1412 2133 saeculi
1442 2095 1554 2134 tertii
1584 2095 1703 2134 finem

169 2162 349 2201 conditos
382 2173 468 2200 esse
501 2161 655 2200 statuit.
705 2161 797 2200 Non
829 2162 892 2200 est
928 2160 1047 2199 huius
1083 2159 1161 2199 loci
1197 2159 1293 2198 haec
1325 2159 1566 2211 disceptare,
1603 2160 1705 2199 illud

169 2229 338 2278 apparet
375 2226 639 2276 Phocylideos
683 2239 840 2274 versus,
887 2227 1030 2277 quibus
1072 2226 1184 2264 nulla
1227 2227 1288 2264 est
1332 2226 1491 2264 omnino
1534 2226 1704 2265 necessi-

169 2293 266 2331 tudo
299 2306 388 2331 cum
420 2292 508 2331 istis
541 2292 759 2342 vaticiniis,
794 2292 947 2331 inserta
979 2305 1064 2332 esse
1097 2291 1147 2330 ab
1178 2290 1337 2330 homine
1364 2289 1604 2339 Christiano,
1637 2293 1704 2342 qui

168 2357 385 2396 novissimo
423 2359 603 2407 tempore
641 2358 740 2396 11360
776 2357 967 2397 vaticinia
1002 2355 1271 2406 interpolavit.
1316 2355 1375 2393 Ac
1413 2355 1511 2394 satis
1543 2356 1702 2405 quidem

169 2422 450 2472 intempestive
483 2423 580 2461 haec
611 2426 825 2473 praecepta
850 2425 956 2464 vitae
981 2423 1090 2461 recte
1114 2419 1385 2460 instituendae
1410 2421 1702 2460 interveniunt:

169 2488 204 2527 si
241 2488 446 2537 deessent,
483 2499 598 2525 nemo
638 2487 857 2538 quidquam
895 2488 1158 2528 desideraret:
1203 2485 1316 2525 licuit
1361 2486 1467 2524 enim
1510 2486 1702 2525 infantiae

169 2553 287 2592 huius
320 2552 601 2592 versificatoris
627 2553 762 2591 versui
795 2555 847 2593 55
883 2554 1021 2593 statim
1053 2553 1295 2602 subiungere
1326 2565 1362 2590 v.
1397 2552 1499 2590 149:
1538 2551 1607 2590 sed
1638 2551 1703 2591 hic

169 2619 248 2657 iam
283 2631 379 2657 usus
413 2620 474 2657 est
505 2618 682 2656 carmine
713 2618 972 2669 Phocylideo,
1011 2618 1116 2669 quod
1147 2629 1236 2656 cum
1267 2616 1370 2654 alius
1403 2616 1702 2656 animadvertis-

171 2687 250 2734 set,
282 2685 443 2734 poterat
474 2685 634 2722 centum
658 2684 743 2722 fere
762 2685 947 2723 versibus
973 2683 1113 2723 alienis
1139 2683 1236 2721 haec
1261 2682 1422 2720 oracula
1447 2682 1701 2731 amplificare.

169 2749 310 2800 Neque
342 2750 476 2788 tamen
501 2750 575 2788 hoc
602 2751 771 2788 certum:
804 2763 898 2787 nam
922 2750 963 2788 in
997 2751 1168 2799 utraque
1198 2749 1331 2797 parte,
1363 2749 1404 2785 et
1434 2747 1476 2784 in
1499 2759 1604 2786 nova
1628 2747 1703 2784 hac

169 2827 359 2854 versuum
390 2814 725 2865 Phocylideorum
763 2816 1010 2864 recensione,
1048 2816 1088 2853 et
1118 2814 1159 2852 in
1189 2812 1372 2851 versibus
1411 2812 1480 2861 qui
1511 2812 1612 2851 113110
1642 2824 1700 2849 re·
1713 2845 1716 2847 .

170 2880 396 2920 censionem
439 2880 504 2919 vel
548 2879 791 2919 antecedunt
833 2881 899 2920 vel
948 2880 1264 2930 subsequuntur,
1308 2888 1445 2927 parem
1489 2876 1701 2915 infantiam

171 2944 522 2997 deprehendimus,
555 2947 602 2992 ut
620 2958 875 2996 nequaquam
895 2958 919 2984 a
942 2945 1029 2985 veri
1047 2944 1178 2995 specie
1197 2943 1415 2982 abhorreat
1440 2954 1532 2980 eum
1555 2942 1699 2992 ipsum,
