1890 3216
199 136 286 181 264
733 138 927 175 ΡΟΕΤΑΕ
954 138 1181 186 ELEGIAOI
1400 137 1406 160 ⁴

331 248 581 301 συμποσίου
612 247 773 288 ναῦται
805 245 878 305 καὶ
910 249 1104 290 κυλίκων
1138 247 1280 304 ἐρέται

272 333 294 359 *1
326 334 348 359 >02
380 316 479 374 περὶ
511 318 662 360 τοῦδε·
694 314 744 360 τὸ
777 314 863 374 γὰρ
896 321 1031 374 φίλον
1066 316 1147 362 οὐκ
1179 316 1420 362 ἀπόλωλεν.

944 499 981 540 6.
1661 510 1746 553 589Α

491 581 545 621 Τι’
572 577 756 623 κάλλιον
789 577 1107 636 ἀρχομένοισιν

329 646 356 706 ἢ
389 650 770 707 καταπαυομένοις
803 647 829 707 ἢ
862 649 912 694 τὸ
945 651 1290 704 ποθεινότατον;

945 772 984 815 7.

272 857 315 896 K
316 851 489 910 ραυγὴν
522 852 792 910 Καλλιόπης.

200 995 263 1030 καὶ
288 996 388 1036 τίνες
413 994 454 1040 Β,
481 996 545 1031 sed
570 995 634 1030 VL
661 991 734 1031 κόὶν
760 1009 870 1041 τινες,
898 996 1022 1032 Dindf.
1049 997 1143 1032 coni
1170 996 1235 1032 καὶ
1259 998 1357 1033 πίον.
1387 1018 1430 1023 -
1459 998 1501 1032 V.
1523 1002 1544 1033 3
1571 997 1732 1035 coniecit

200 1043 390 1078 Hermann
415 1039 674 1089 μάρνανται
708 1044 794 1089 περὶ
826 1044 955 1080 τοῦδε·
991 1042 1033 1080 τὸ
1061 1042 1132 1090 γὰρ
1165 1058 1205 1090 φ.
1233 1038 1302 1080 ωκ’
1330 1042 1518 1091 απόλωλε,
1558 1045 1731 1092 Hartung

199 1091 406 1136 εἴρονται
431 1090 516 1134 περὶ
541 1093 615 1126 κτλ.
666 1091 828 1127 Dindorf
848 1092 957 1138 plura
982 1092 1162 1128 excidisse
1189 1092 1753 1129 existimat..

294 1139 352 1174 Fr.
380 1142 412 1174 6
462 1139 598 1176 Athen.
625 1139 692 1174 XV
720 1143 787 1175 702
815 1139 858 1175 C:
885 1137 992 1175 Κατα
1019 1137 1091 1198 γὰρ
1117 1137 1194 1175 τὸν
1220 1141 1431 1176 Χαλκοῦν
1459 1138 1730 1177 Διονύσιον·

203 1187 259 1221 Τί
279 1189 354 1221 κτλ.
382 1185 477 1222 Vide
497 1185 602 1222 Pind.
623 1187 666 1223 fr.
688 1190 744 1223 89.
765 1208 811 1213 -—
831 1187 873 1222 V
892 1191 922 1224 1.
944 1184 1207 1243 ἀρχομένοισιν
1227 1188 1269 1232 L,
1295 1184 1521 1242 ἀρχομένοις
1541 1188 1731 1225 ABCPVL
1791 1221 1794 1224 .

199 1235 238 1269 et
262 1232 654 1277 Eust.11.1164‚24.
693 1255 735 1260 -
769 1235 811 1270 V
840 1239 871 1271 2.
906 1233 1184 1270 ποθεινότατον
1216 1235 1320 1271 Eust.
1353 1235 1440 1281 epit.
1473 1236 1632 1272 Hoesch.
1659 1235 1731 1283 CL,

199 1278 459 1317 πιθανότατον
479 1262 594 1317 MPV.
635 1281 786 1317 conieci
812 1282 901 1318 olim
927 1279 949 1327 ἤ
977 1296 1011 1317 τι
1036 1280 1395 1329 ποθεινότερον,
1423 1284 1487 1320 sed
1512 1284 1637 1330 potius
1662 1284 1732 1320 im-

199 1329 366 1374 perfecta
391 1331 448 1365 est
472 1329 565 1365 haec
591 1329 736 1376 elegiae
762 1329 964 1376 particula,
998 1330 1035 1365 id
1062 1330 1162 1376 quod.
1188 1330 1339 1366 Pindari
1364 1331 1468 1367 locus
1493 1343 1649 1377 arguere
1674 1333 1731 1368 vi-

199 1377 317 1412 detur.
368 1376 551 1413 Existimo
577 1379 703 1413 autem
731 1377 823 1413 haec
849 1378 949 1424 apud
974 1378 1208 1414 Athenaeum
1236 1390 1310 1415 non
1329 1390 1394 1415 suo
1414 1378 1496 1415 loco
1521 1379 1608 1426 legi,
1635 1391 1731 1425 quae

200 1424 432 1460 commodius
457 1426 545 1470 posh
569 1424 790 1471 Ariphronis
815 1426 993 1471 hymnum
1019 1426 1240 1462 collocanda
1265 1437 1344 1462 esse
1372 1438 1516 1463 censeo.

294 1472 352 1507 Fr.
382 1476 412 1507 7.
463 1472 927 1509 Arisbot.Rheto1-.1112:
956 1478 1036 1509 οἱον
1065 1471 1263 1514 Διονύσιος
1288 1486 1562 1532 προσαγορευει
1588 1471 1607 1510 ὁ
1633 1478 1731 1511 Χαλ-

199 1520 290 1561 κοῦς
318 1516 360 1555 ἔν
387 1525 463 1561 τοῖς
490 1518 667 1565 ἐλεγείοις
691 1518 861 1566 κραυγὴν
893 1521 968 1567 (AC
996 1518 1165 1567 κραυγὴν
1196 1521 1275 1567 καὶ)
1302 1525 1344 1558 Κ.
1372 1520 1440 1567 τὴν
1472 1523 1640 1568 ποιησιν,
1673 1519 1732 1558 ὅτι

198 1581 314 1613 αμφω
343 1569 480 1613 φωναί.
531 1567 621 1614 Inep
624 1568 672 1604 tit
698 1568 743 1604 de
769 1568 829 1604 his
855 1569 970 1605 schol.
998 1569 1149 1605 Aristot.
1171 1568 1289 1605 Cram.
1310 1569 1378 1605 An.
1400 1570 1482 1606 Par.
1511 1570 1526 1604 Ι
1551 1574 1620 1606 303
1647 1581 1731 1607 con-

199 1615 356 1651 fundens
383 1616 482 1651 hune
507 1616 657 1661 poetam
684 1628 768 1652 cum
794 1616 971 1662 Dionysio
998 1617 1266 1662 Syracusarum
1285 1619 1452 1663 tyranno.
