1890 3216
766 203 1112 243 Amsrorsms.
1550 190 1560 199 ”
1618 203 1707 248 355

745 318 801 351 61.
828 294 936 361 (Eut
952 310 1134 361 Κύκνου.)
1643 318 1713 350 659

294 386 435 443 Θυμὸν
467 387 517 444 δὴ
550 387 717 433 Κύκνου
748 390 814 432 καὶ
845 387 1116 445 ὑπερφιάλους
1147 389 1325 440 ἐπινοίας

351 452 477 511 αἰθὴρ
508 453 685 511 λαμπρὸς
716 456 810 511 ἔχει,
842 460 953 511 σῶμα
986 455 1029 499 δὲ
1059 453 1207 511 τύμβος
1238 452 1317 498 ὅδε.

768 589 825 621 62.
853 581 953 630 (Ἐπὶ
976 581 1118 630 Ἀσίου.)

281 658 440 702 Ἵππων
473 657 698 702 ὠκυπόδων
729 658 868 715 ἐλατὴρ
898 656 1200 715 θρασυκάρδιος
1231 691 1241 703 .
1274 691 1283 700 .

353 739 1152 764 ιιιιιιιιιιιιι

602 852 661 886 63.
689 844 788 895 (Ἐπὶ
807 844 1016 885 Ἱπποθόου
1043 846 1105 884 καὶ
1134 847 1334 893 Πυλαίου.)

293 921 422 981 Νοότῳ
455 921 527 978 μὲν
558 920 737 978 μαλάχην
767 939 806 965 τε
835 922 903 964 καὶ
934 920 1159 976 ἀσφόδελον
1189 920 1416 976 πολύριζον,

350 987 484 1047 κόλπῳ
517 986 554 1030 δ’
591 985 828 1044 (Ἱππόθοόν
858 986 891 1030 τ’
925 986 998 1043 ἠδὲ
1029 984 1232 1042 Πύλαιον)
1265 988 1351 1044 ἔχω.

173 1187 218 1194 --
245 1161 453 1211 δορυσσόου
479 1165 541 1201 vel
567 1165 753 1210 δορυσσοῦ
781 1165 979 1201 emendavi
998 1176 1153 1212 pravam
1175 1177 1271 1211 quae
1291 1165 1454 1202 traditur
1473 1165 1716 1212 scripturam.

172 1212 366 1259 δορύσσοε,
393 1214 669 1256 Πενθεσιλείας
695 1213 776 1251 cod.
802 1213 907 1249 Harl.
933 1212 1180 1259 (Schneidew.
1207 1214 1508 1259 Πενθεσιλείης),
1535 1214 1657 1250 OEzetz.
1680 1215 1719 1250 et

171 1263 218 1299 Ir.
245 1263 313 1307 δορ
316 1259 428 1298 υσσόε
457 1263 724 1298 Πενθεσίλεια.
751 1282 796 1288 -
822 1261 867 1298 V.
895 1265 927 1297 2.
954 1259 1055 1298 ἐσαθ
1057 1261 1170 1319 ρῆσαι
1194 1261 1253 1307 Ir.‚
1281 1258 1460 1306 ἕσαθρεῖς
1486 1262 1626 1308 Tzetz.‚
1652 1262 1718 1298 καὶ

173 1307 273 1346 ἐσαθ
275 1308 375 1356 ρήσω
401 1309 519 1355 Harl.
545 1309 646 1346 sed
635 1322 676 1346 ιιι
701 1321 750 1347 m.
777 1306 1010 1356 άθρήσοντα.
1039 1330 1083 1336 -
1107 1290 1344 1356 Ἀμαζονίδος
1368 1309 1471 1345 Harl.
1499 1310 1539 1345 in
1563 1321 1632 1355 m.‚
1660 1321 1716 1347 ce-

172 1358 245 1394 teri
267 1355 298 1394 Ἀ
301 1358 527 1405 μαζονίδων.

268 1371 337 1452 Ep.
365 1409 420 1441 61.
472 1405 595 1442 Tzetz.
630 1406 828 1442 Antehom.
863 1409 943 1442 257.
971 1406 1016 1441 Ir.
1045 1409 1124 1442 111.
1154 1426 1197 1432 —
1224 1406 1268 1442 V.
1298 1409 1329 1441 1.
1357 1401 1633 1451 ὑπερφιάλους,
1669 1405 1715 1441 Ir.

173 1418 422 1500 ὑπερφιάλας.
473 1452 716 1489 Simillimum
742 1453 979 1511 epigramma.
1003 1453 1148 1512 legitur
1167 1454 1207 1490 in
1233 1453 1351 1489 attico
1377 1453 1492 1490 titulo
1519 1453 1620 1489 Diar.
1648 1453 1717 1488 Ar

173 1502 318 1538 chaeol
346 1504 450 1538 1856
480 1502 588 1537 139*:
622 1498 852 1559 Ευρυμαχου
878 1499 1007 1547 ψυχὴν
1033 1501 1098 1538 καὶ
1128 1498 1366 1548 ὑπερφίαλος
1392 1503 1568 1543 διανοίας
1593 1499 1717 1548 Αἰθὴρ

173 1546 288 1596 ὑγρὸς
316 1547 405 1595 ἐ’,χει
431 1549 539 1594 σῶμα
565 1547 608 1585 δὲ
635 1546 775 1598 τυμβος
801 1545 879 1586 ὅδε.

260 1597 336 1653 Ep.
364 1601 421 1633 62.
471 1596 601 1633 Eusth.
627 1596 670 1633 11.
697 1600 780 1642 356,
806 1601 870 1634 30:
908 1594 964 1633 Ου
991 1595 1114 1657 μάτην
1141 1595 1184 1634 δὲ
1217 1594 1309 1634 οὐδὲ
1335 1598 1410 1633 τῶν
1446 1598 1571 1633 ἵππων
1598 1593 1717 1633 αυτοῦ

175 1641 367 1704 ἐμνήσθη,
399 1641 482 1680 ἀλλ’
517 1639 576 1680 ὅτι
609 1641 740 1687 αὐτοῖς
772 1643 970 1686 πεποιθὼς
1005 1642 1025 1680 ὁ
1053 1643 1172 1687 ’Ἄσιος
1208 1642 1249 1682 ἐν
1281 1650 1359 1686 τοῖς
1375 1642 1477 1702 ἑξῆς
1510 1642 1559 1686 ὡς
1590 1647 1719 1685 καλοῖς

174 1690 457 1739 άφρονευσεται
487 1691 552 1728 καὶ
583 1697 772 1730 πεσεῖται·
797 1689 964 1729 Ἵππων
997 1689 1068 1730 nin.
1102 1691 1158 1730 ἑλ.
1189 1696 1260 1740 θρ.
1293 1690 1390 1729 κατὰ
1422 1691 1463 1730 τὸ
1504 1692 1558 1735 εἰς
1599 1689 1718 1728 αυτὸν

174 1737 405 1788 ἐπίγραμμα.
458 1740 735 1787 Redintegrant
760 1741 1012 1788 epigramma.

321 1854 326 1856 μ
379 1808 523 1849 Ἵππων
550 1809 761 1849 ωκυπόδων
788 1810 924 1871 ἐλατὴρ
938 1810 1235 1874 θρασυκάρδιος
1259 1809 1359 1861 ἥρως

452 1857 571 1910 ’Ἄσιος
590 1858 816 1908 Τρτακίδης
839 1857 949 1907 τήνδ’
979 1860 1087 1908 ἔλαχε
1115 1862 1315 1909 φθίμενος.

271 1932 338 1980 Ep.
367 1936 424 1969 63.
473 1931 646 1969 Eustabh.
679 1932 747 1969 Od.
777 1937 884 1979 1698,
919 1937 982 1970 25:
1022 1930 1071 1975 ὡς
1109 1934 1223 1989 δηλοῖ
1249 1934 1320 1969 καί
1347 1946 1383 1969 τι
1413 1933 1487 1969 τῶν
1522 1931 1625 1990 παρὰ
1664 1933 1716 1993 τῷ

176 1981 384 2039 Πορφυρίῳ
412 1977 724 2039 ἐπιγραμμάτων,
756 1962 884 2027 λέγον
893 1977 943 2023 ὡς
968 1978 1045 2017 άπό
1076 1979 1178 2022 τινοξ
1210 1978 1354 2027 τάφου,
1387 1976 1446 2017 ὅτι
1476 1977 1601 2029 νώτῳ
1636 1978 1718 2028 μὲν

177 2026 383 2076 μαλάχην
408 2028 485 2064 καὶ
511 2025 774 2074 ἀσφόδελον
799 2026 1067 2075 πολυριζον,
1099 2025 1251 2078 κόλπῳ
1278 2027 1327 2065 δὲ
1353 2026 1431 2065 τὸν
1458 2030 1592 2065 δεῖνα
1620 2028 1718 2075 ἔχω.

177 2079 300 2113 Αιιίιθα
333 2076 407 2113 huc
437 2076 568 2112 rettuli
601 2077 849 2124 epigramma,
881 2077 982 2123 quod
1014 2076 1154 2123 legitur
1186 2077 1224 2113 in
1257 2077 1386 2124 cippo,
1418 2077 1481 2122 qui
1514 2077 1650 2112 visitur
1680 2076 1719 2112 in

177 2124 329 2160 vasculo
355 2124 456 2170 picto
481 2123 520 2160 in
541 2124 699 2161 GraecIa
723 2135 862 2183 magna
886 2126 1035 2171 reperto
1062 2123 1277 2183 (Millingen
1301 2106 1389 2160 Ant'.
1417 2125 1525 2161 uncd.
1554 2136 1716 2162 monum.

176 2173 204 2208 iz.
231 2175 288 2208 36.
320 2172 413 2208 Mus.
440 2170 551 2208 Borb.
578 2171 630 2207 IX
656 2175 716 2218 28)
743 2171 865 2222 Νώτῳ
898 2172 996 2219 (μὲν)
1031 2170 1196 2230 μολόχην
1228 2185 1267 2208 τε
1301 2172 1367 2209 καὶ
1398 2169 1617 2218 άσφόδολον
1649 2185 1719 2208 πο-

176 2217 338 2265 λύριζον,
370 2216 508 2268 Κόλπῳ
544 2216 581 2255 δ’
611 2217 825 2256 Οἰδιπόδαν
842 2209 981 2257 Λαΐου
1013 2218 1100 2256 υΐόν
1134 2220 1174 2267 ἔχ
1178 2235 1219 2265 ω,
1250 2221 1354 2257 ratus
1378 2220 1620 2256 Eustathium
1645 2221 1718 2256 hoc

176 2267 300 2322 ipsum
326 2267 462 2313 Oedipi
486 2256 722 2314 epitaphium
752 2267 790 2303 in
822 2268 1020 2315 Porphyrii
1055 2269 1199 2315 sylloge
1226 2269 1444 2315 repperisse.
1497 2268 1570 2304 Sed
1603 2268 1718 2304 veris-

179 2316 273 2352 sime
299 2315 340 2352 E.
368 2314 515 2351 Curtius
542 2281 652 2352 CIpGr.
678 2315 731 2351 IV
755 2319 849 2352 8429
884 2316 1153 2353 animadvertit
1182 2317 1223 2352 in
1247 2316 1325 2363 Pep
1326 2317 1363 2352 lo
1389 2316 1571 2362 seriptum
1602 2315 1718 2352 fuisse
1749 2360 1752 2364 ι

176 2375 211 2401 v.
238 2367 259 2399 2
286 2360 494 2399 Ιππὸθοον
520 2363 651 2410 (addas
677 2360 728 2409 τ’)
765 2360 834 2410 ἠδὲ
862 2361 1033 2401 Πύλαιον
1059 2365 1199 2401 collato
1226 2364 1382 2401 Ausonii
1407 2375 1464 2411 ep.
1491 2363 1589 2410 XXI,
1616 2363 1717 2409 quod

178 2410 396 2448 inscribitur
421 2411 633 2457 Hippothoe
658 2414 692 2448 et
716 2411 852 2459 Pylaeo
876 2413 919 2448 in
942 2413 1046 2449 horto
1069 2413 1238 2458 sepultis.

371 2482 628 2530 Hippothoum
653 2481 882 2530 Pyleumque
908 2484 1012 2520 tenet
1036 2484 1178 2530 gremio
1203 2483 1335 2521 infima
1359 2484 1483 2530 tellus,

419 2531 588 2567 caulibus
614 2533 654 2567 et
677 2531 812 2568 malvis
837 2533 946 2579 terga
971 2542 1132 2578 superna
1158 2531 1290 2569 virent.

181 2605 220 2640 et
244 2614 340 2649 quae
361 2614 455 2648 seq.;
481 2613 643 2648 namque
669 2603 854 2639 Ausonius
873 2615 961 2639 usus
987 2606 1044 2639 est
1068 2604 1212 2649 sylloge
1238 2603 1517 2649 epitaphiorum
1543 2603 1603 2639 vel
1630 2603 1717 2639 Por-

180 2651 362 2698 phyriana
398 2651 459 2687 vel
497 2651 546 2686 ad
584 2651 744 2687 eundem
779 2651 932 2687 modum
966 2651 1157 2687 adornata.
1214 2650 1424 2686 Transtulit
1458 2651 1575 2696 igitur
1612 2651 1718 2697 Pepli

181 2701 341 2745 scriptor
365 2699 561 2744 antiquum
581 2699 815 2745 epigramma
839 2698 1052 2734 nominibus
1078 2698 1232 2735 mutatis
1258 2699 1306 2734 ad
1331 2697 1424 2734 belli
1451 2698 1605 2735 'lroiani
1630 2710 1717 2745 par-

179 2746 315 2792 ticipes
345 2747 493 2783 heroes.
533 2746 766 2792 epitaphium
799 2745 894 2782 illud
925 2746 1085 2782 fueritne
1115 2758 1138 2782 a
1168 2744 1354 2792 principio
1388 2745 1575 2792 Oedipodi
1606 2746 1718 2782 desti-

180 2796 311 2831 natum
343 2805 460 2830 necne
490 2794 531 2830 in
562 2794 686 2830 medio
718 2793 813 2829 relin
817 2805 907 2840 qu:o
935 2806 1022 2830 nam
1047 2794 1174 2840 potuit
1198 2793 1341 2829 vasculi
1366 2759 1508 2839 pictorp
1515 2794 1718 2841 Oedipodis

181 2853 317 2878 nomen
341 2842 381 2878 in
406 2842 530 2878 locum
552 2841 647 2878 alius
673 2842 796 2878 herois
817 2842 1053 2878 subsbituere.
1105 2841 1212 2885 Quod
1232 2840 1380 2876 Curtius
1401 2842 1624 2887 suspicatur,
1643 2842 1716 2877 for-

180 2891 281 2926 tasse
306 2889 548 2926 Eusssathium
574 2890 647 2926 duo
679 2889 827 2926 diversa
852 2888 1066 2944 epitaphia,
1093 2900 1252 2935 quorum
1286 2888 1424 2924 similia
1449 2889 1589 2925 fuerint
1614 2900 1718 2926 exor—

183 2937 258 2982 dia,
282 2939 424 2974 femere
449 2934 671 2982 confudisse,
698 2949 795 2974 vana
820 2940 877 2974 est
901 2936 1081 2993 suspicio·
1113 2948 1201 2973 nam
1228 2937 1449 2972 Eustabhius
1475 2948 1611 2973 nomeu
1637 2948 1718 2973 om-

180 2985 271 3021 uino
294 2984 455 3030 reticuit,
481 2985 526 3021 de
552 2985 749 3032 asphodeli
774 2986 920 3022 tantum
947 2985 1091 3022 satione
1116 2985 1156 3021 in
1182 2984 1363 3030 sepulcris
1390 2985 1507 3021 verba
1531 2985 1683 3021 faciens.

1360 3043 1434 3080 23*
