1890 3216
211 165 296 207 226
376 198 379 201 .
744 167 933 203 POETAE
960 168 1199 207 ELEGIACI.

331 274 570 331 Χαιρήσεις
600 276 651 331 τῇ
684 273 1189 334 πρόσθεπαροιχομένῃ
1223 276 1448 334 φιλότητι,

387 362 465 400 της
495 343 580 401 γὰρ
614 345 908 402 ἐπερχομένης
941 344 1085 390 οὐκέτ’
1122 350 1198 406 ἔσῃ
1219 352 1399 405 ταμίης.

328 451 430 507 Δὴν
464 451 539 507 δή,
572 460 671 507 παῖ,
705 455 829 508 φίλοι
863 447 999 509 ὦμεν·
1033 452 1165 497 ἔπειτ’
1200 453 1405 507 ἄλλοισιν
1438 454 1602 513 ὁμίλει,

385 517 501 579 ἦθος
533 525 646 579 ἔχων
680 524 856 579 δόλιον,
889 526 1061 576 πίστιος
1092 525 1346 571 ἀντίτυπον.

212 642 299 672 1245
329 627 506 672 Οὔποθ’
541 627 666 687 ὕδωρ
699 630 772 672 καὶ
804 633 892 687 πῦρ
926 632 1201 688 συμμίξεται·
1235 630 1346 676 οὐδέ
1374 631 1481 677 ποθ’
1517 631 1641 691 ἡμεῖς
1673 646 1743 679 560

384 700 530 743 πιστοὶ
565 698 631 744 ἐπ’
667 699 876 757 ἀλλήλοις
908 702 981 745 καὶ
1014 706 1138 759 φίλοι
1172 703 1407 760 ἐσσόμεθα.

330 806 585 864 Φρόντισον
619 810 751 865 ἔχθος
784 806 891 864 ἐμὸν
922 808 995 851 καὶ
1027 806 1296 866 ὑπέρβασιν,
1330 816 1428 854 ἴσθι
1460 811 1510 855 δὲ
1541 815 1695 873 θυμῷ,

384 876 443 930 ὥς
475 877 518 922 σ’
555 877 625 935 ἐφ’
661 877 898 937 ἁμαρτωλῇ
932 882 1109 936 τίσομαι
1143 878 1202 933 ὡς
1234 881 1442 938 δύναμαι.

325 991 438 1041 Παῖ,
472 984 528 1030 σὺ
562 985 642 1042 μὲν
676 984 821 1038 αὕτως
852 987 1002 1043 ἵππος,
1040 987 1131 1031 ἐπεὶ
1163 991 1338 1044 κριθῶν
1371 989 1632 1047 ἐκορέσθης,

812 1060 835 1084 ss
1104 1061 1127 1086 ²it

957 1090 980 1114 ἧς

206 1142 297 1174 1250
384 1124 520 1181 αὖθις
553 1128 622 1173 ἐπὶ
654 1127 883 1185 σταθμοὺς
914 1127 1081 1185 ἤλυθες
1112 1127 1371 1188 ἡμετέρους,

321 1199 509 1259 ἡνίοχόν
540 1218 586 1245 τε
617 1203 777 1245 ποθῶν
809 1199 987 1257 ἀγαθὸν
1024 1201 1217 1258 λειμῶνά
1249 1220 1294 1246 τε
1325 1202 1465 1247 καλόν

381 1273 554 1331 κρήνην
586 1289 630 1315 τε
663 1270 840 1330 ψυχρὴν
874 1270 1009 1316 ἄλσεά
1042 1289 1087 1316 τε
1120 1272 1284 1331 σκιερά.

312 1378 506 1436 Ὄλβιος,
539 1373 574 1440 ᾧ
606 1380 761 1431 παῖδές
791 1396 837 1422 τε
869 1383 993 1436 φίλοι
1024 1380 1097 1423 καὶ
1128 1379 1330 1437 μώνυχες
1361 1382 1485 1424 ἵπποι

379 1454 602 1508 θηρευταί
627 1468 673 1494 τε
705 1450 836 1502 κύνες
867 1450 940 1494 καὶ
974 1451 1091 1503 ξένοι
1123 1450 1383 1496 ἀλλοδαποί.

206 1571 292 1602 1255
309 1556 454 1610 Ὅστις
486 1556 543 1614 μὴ
577 1557 739 1609 παῖδας
771 1575 815 1602 τε
848 1562 972 1614 φιλεῖ
999 1558 1072 1601 καὶ
1106 1560 1313 1616 μώνυχας
1345 1560 1506 1611 ἵππους

377 1629 450 1673 καὶ
481 1628 640 1685 κύνας,
674 1628 839 1673 οὔποτέ
868 1631 914 1672 οἱ
942 1628 1089 1686 θυμὸς
1121 1631 1169 1674 ἐν
1201 1621 1474 1688 εὐφροσύνῃ.

309 1732 364 1780 ³52
395 1746 494 1793 παῖ,
527 1735 576 1789 ὃς
608 1739 815 1781 ι’κτίνοισι
847 1735 1252 1793 πολυπλάγκτοισιν
1285 1735 1439 1794 ὁμοῖος

379 1806 539 1866 ὀργήν,
572 1806 730 1852 ἄλλοτε
761 1817 874 1864 τοῖς,
908 1806 1064 1852 ἄλλοτε
1095 1817 1210 1852 τοῖσι
1242 1809 1404 1865 φιλέαι.

197 1926 325 1961 iuncta
351 1937 443 1969 esse,
470 1938 556 1962 nam
575 1926 724 1969 λέξουσι
743 1926 791 1961 ad
811 1923 959 1967 δειλοὺς
977 1922 1208 1971 ἀνθρώπους
1233 1927 1291 1961 est
1315 1926 1562 1961 referendum.
1601 1928 1731 1973 Itaque

198 1975 342 2019 ecloga
356 1986 440 2009 cum
467 1975 527 2009 hic
552 1974 701 2019 integra
726 1975 844 2019 exter,
871 1985 978 2008 suum
1004 1972 1150 2009 obtinet.
1172 1974 1312 2017 locum,
1339 1974 1436 2009 unde
1456 1975 1554 2010 male
1581 1975 1732 2010 sedulus

195 2022 326 2057 homo
324 2023 434 2067 prius
467 2021 654 2057 distichon
687 2022 783 2056 libro
808 2021 825 2055 I
849 2021 1016 2058 inseruit.
1051 2042 1093 2047 —
1129 2021 1174 2057 V.
1202 2022 1336 2056 1240b.
1370 2022 1489 2064 ξυνίει
1515 2021 1731 2068 Buttmann,

195 2070 392 2115 legebatur
424 2067 540 2112 ξύνιε.
573 2089 618 2095 ——
660 2069 700 2105 V.
730 2073 831 2104 1242.
870 2070 935 2114 τῆς
965 2066 1037 2114 γὰρ
1070 2066 1324 2115 ἐπερχομένης
1354 2069 1502 2114 scripsi,
1540 2071 1572 2104 A
1597 2083 1663 2115 της
1688 2071 1730 2106 δε

195 2130 494 2162 παρερχομενης,
526 2118 695 2162 poteram
728 2117 906 2152 leniorem
938 2117 1122 2152 medelam
1156 2116 1334 2152 adhibere
1360 2117 1426 2161 τῆς
1453 2116 1496 2152 δὲ
1529 2129 1730 2175 προσερχο-

195 2165 322 2209 μένης,
349 2165 414 2200 sed
440 2163 670 2219 ἐπέρχεσθαι
696 2175 753 2199 res
779 2164 926 2199 futurae
952 2164 1102 2209 proprie
1128 2164 1311 2209 dicuntur,
1338 2175 1412 2199 non
1438 2163 1729 2210 προσέρχεσθαι,

196 2212 227 2246 si
259 2214 359 2247 recte
392 2213 561 2255 memini,
594 2223 820 2269 quamquam
852 2212 953 2247 mala.
978 2211 1212 2246 imminentia
1243 2211 1469 2257 προσέρπειν
1495 2212 1570 2247 diei
1596 2212 1726 2248 solent.

194 2259 412 2294 Heimsoeth
439 2261 504 2304 τῆς
532 2258 573 2294 δέ
603 2256 688 2295 ποτ’
721 2258 925 2315 ἐρχομένης
956 2259 1139 2303 particula
1170 2270 1320 2304 prorsus
1346 2259 1582 2294 incommoda
1605 2259 1725 2295 illata.

196 2328 237 2331 -
260 2307 303 2341 V.
327 2311 428 2342 1243.
456 2307 543 2342 vide
569 2308 616 2342 ad
642 2319 676 2344 v.
697 2311 778 2342 597.
801 2328 844 2332 —
872 2305 943 2352 δὴν
970 2304 1034 2352 δή,
1059 2311 1146 2350 παῖ,
1172 2306 1322 2352 scripsi,
1349 2308 1381 2341 A
1407 2308 1478 2351 δην
1504 2307 1550 2352 δη
1577 2307 1652 2342 καὶ.
1679 2327 1723 2333 -

194 2354 238 2389 V.
267 2358 369 2390 1244.
408 2356 551 2394 πίστιος
586 2356 749 2414 anner,
787 2354 820 2388 A
850 2365 1009 2394 πιστεως
1047 2354 1089 2398 (ω
1115 2365 1185 2389 ras
1214 2366 1303 2390 corr.
1330 2354 1370 2388 in
1396 2356 1448 2399 ο)
1488 2354 1634 2389 Bekker
1667 2356 1727 2390 πί-

194 2413 308 2442 στεος.
330 2423 372 2427 -
396 2402 438 2437 V.
457 2406 558 2437 1246.
581 2399 643 2437 ἐπ’
650 2431 662 2459 ‚
686 2401 865 2437 Bekker⁷
851 2399 918 2446 ε’τ’,
944 2402 1030 2437 fort.
1052 2399 1104 2436 ἐν.
1124 2422 1171 2427 --
1191 2402 1234 2437 V.
1252 2406 1354 2437 1247.
1376 2400 1492 2447 ἔχθος
1511 2401 1668 2446 Bekker,
1694 2403 1726 2436 A

194 2452 332 2495 εχθρος
347 2451 380 2495 (ρ
396 2452 471 2504 σιξ).
495 2470 537 2474 -·
560 2449 624 2484 καὶ
644 2447 864 2495 ὑπέρβασιν,
885 2431 1109 2484 H⁷erwerdcn
1130 2445 1182 2483 δι’
1199 2446 1261 2484 ὑπ.
1283 2449 1481 2485 desiderat.
1498 2469 1540 2475 —
1563 2449 1604 2485 V.
1622 2429 1725 2485 12'49.

192 2498 323 2554 ἵππος,
351 2496 506 2532 coniioio
533 2498 670 2544 ι’ππῳ,
698 2498 742 2533 cf
764 2499 896 2532 Anacr.
917 2498 959 2532 f.r
984 2500 1026 2531 19
1046 2509 1079 2532 v.
1101 2499 1146 2531 14
1171 2497 1343 2541 γυναιξὶν
1369 2492 1501 2536 αὕτως.
1536 2496 1726 2531 Hermann

193 2541 322 2588 αυτός,
349 2541 419 2579 ἅθ’
449 2545 579 2588 ἰ”,ππος
606 2525 751 2579 A‘hrens
777 2540 847 2589 οὐχ
873 2542 922 2584 ὡς
947 2546 1076 2588 ἵππος,
1101 2543 1299 2589 Emperius
1325 2538 1435 2588 αὖθ’,
1461 2557 1528 2589 ως,
1554 2543 1726 2590 ΗΜί-»ιιηὲ

191 2605 278 2636 παι,
310 2589 355 2626 σὺ
386 2590 504 2627 λιπών
531 2572 579 2637 μ’
600 2589 667 2636 ὡς,
707 2592 876 2627 Schmidt
902 2589 951 2632 ὡς
976 2589 1110 2632 στατὸς
1133 2592 1186 2626 ιπ.
1236 2592 1328 2626 Post
1350 2572 1528 2626 indi’cavi
1539 2591 1724 2636 lacunam,

191 2651 278 2674 nam
308 2640 401 2675 haec
432 2637 503 2674 fuit
534 2639 735 2674 sententia·
773 2639 837 2675 ubi
870 2639 1026 2674 satiatus
1058 2649 1113 2684 es,
1146 2639 1335 2684 abrumpis
1367 2638 1518 2673 vincula
1550 2639 1589 2673 et
1618 2638 1723 2674 aufu-

191 2687 265 2731 gis:
301 2689 401 2731 post,
434 2686 499 2721 ubi
523 2686 642 2722 fames
667 2688 705 2722 te
731 2686 882 2731 premib,
917 2686 1016 2721 redis
1048 2687 1095 2721 ad
1119 2686 1320 2731 pristinum
1344 2685 1544 2721 dominum.
1595 2685 1723 2721 Heim-

192 2735 299 2770 soeth
325 2735 484 2791 σκιρτῶν
511 2731 615 2791 s’u093
635 2734 729 2769 nihil
761 2734 966 2770 desiderari
990 2733 1333 2777 arbitratus,i1;em
1358 2733 1489 2768 Hartel
1513 2730 1630 2773 αὐτὸς
1653 2730 1719 2785 ἄρ’

190 2783 303 2822 ἵππος
339 2783 400 2816 vel
434 2778 548 2822 αὐτός
578 2778 615 2827 γ’
653 2783 764 2822 ιππος
795 2781 965 2817 correxit.
998 2802 1041 2807 -—
1077 2781 1122 2819 V.
1151 2784 1252 2817 1252.
1290 2779 1424 2824 ἄλσεα,
1458 2781 1489 2814 Α
1514 2777 1641 2815 αλσεοι.
1675 2800 1720 2806 —

192 2829 234 2863 V.
265 2833 402 2864 1253—
406 2834 427 2864 4
453 2829 599 2864 Solonis
623 2832 726 2874 sunt,
752 2829 825 2864 vid.
853 2829 895 2864 fr.
921 2833 978 2872 23,
1004 2828 1068 2864 sed
1095 2840 1179 2863 cum
1203 2828 1386 2864 varietate
1411 2827 1496 2862 lect.
1546 2827 1720 2863 Fortasse

191 2876 318 2911 Solonz'
356 2877 470 2912 etiam
509 2876 710 2912 distichum
748 2876 958 2921 proximum
993 2876 1231 2911 tribuendum
1269 2877 1336 2911 est.
1377 2896 1419 2900 —
1458 2875 1502 2909 V.
1537 2878 1639 2910 1253.
1677 2869 1719 2922 ᾧ,

191 2925 221 2958 Α
255 2923 294 2958 ὠ.
328 2945 373 2949 ——
411 2924 453 2959 V
490 2928 591 2960 1257.
630 2920 672 2963 ὃς
708 2923 881 2959 ἰκτίνοισι
917 2924 1064 2969 scripsi,
1101 2922 1134 2957 A
1166 2921 1392 2969 κινδύνοισι,
1435 2922 1523 2957 item
1556 2903 1719 2958 v.125‘8’
