1890 3216
200 156 226 198 3
235 157 288 198 10
741 155 932 191 POETAE
958 155 1197 198 ELEGIACI.

932 276 1001 319 29.

273 361 335 402 Αἱ
364 357 550 415 Χάριτες
581 357 763 414 τέμενός
793 375 834 400 τι
866 360 1020 415 λαβεῖν
1053 356 1160 415 ὅπερ
1195 355 1294 414 οὐχὶ
1326 366 1518 402 πεσεῖται

333 431 560 486 ζητοῦσαι,
592 427 741 485 ψυχὴν
774 421 909 486 εὗρον
938 427 1297 486 Ἀριστοφάνους,

932 548 1000 591 30.
1665 560 1734 592 628

270 641 597 699 Ἀρχεάνασσαν
631 642 714 697 ὲχω
746 637 828 696 τὴν
861 641 907 684 ἐκ
939 643 1217 698 Κολοφῶνος
1249 642 1450 698 ἑταίρην,

334 715 385 770 ἧς
416 712 489 756 καὶ
524 711 591 756 ἐπὶ
625 713 820 769 ρυτιδων
851 710 1007 770 πικρὸς
1039 715 1214 756 ἐπεστιν
1247 716 1372 770 ἔρως·

274 787 300 829 o'c
337 784 476 828 δειλοὶ
509 782 718 840 νεότητος
750 781 1081 840 ἀπαντήσαντες
1112 785 1282 841 ἐκείνης

333 853 647 913 πρωτοπλόου,
681 852 741 898 δι’
778 852 885 911 ὅσης
916 853 1076 911 ἤλθετε
1107 858 1335 913 πυρκαϊῆς.

204 1035 327 1118 ἓξῗὲἷῗ
347 1031 770 1126 ἓῶῗῖἑῗῗὲἓξῗᾞξξο
788 1033 1223 1126 {iffiifflhssssiffbssss'igs‘ssss‘ff
1247 1035 1390 1128 5333?
1401 1035 1741 1129 12212222933312':

207 1129 329 1166 Sobrii
361 1127 563 1172 cavebunt,
601 1138 647 1163 ne
685 1129 732 1163 ab
767 1129 838 1164 hoc
870 1128 1000 1164 critico
1038 1130 1181 1175 potius,
1220 1141 1332 1174 quam
1364 1141 1387 1166 a
1417 1130 1540 1167 Plinio
1572 1141 1738 1167 errorum

207 1177 352 1223 laqueis
386 1175 612 1211 irretiantur.
664 1176 855 1211 Hactenus
886 1178 1013 1212 tamen
1044 1176 1268 1213 Benndorfio
1302 1178 1518 1222 obsequitur
1545 1177 1742 1214 Overbeck

206 1224 388 1270 (Schriftq
390 1223 514 1259 uellen
541 1236 570 1259 z.
598 1223 730 1258 Gesch.
758 1222 823 1259 der
848 1223 937 1259 bild.
959 1223 1048 1270 K.p
1051 1227 1174 1270 .‚417)
1200 1226 1243 1260 ut
1272 1225 1370 1271 apud
1396 1225 1559 1261 Plinium
1585 1225 1742 1261 Diodori

203 1284 338 1308 nomen
365 1271 403 1307 in
422 1270 547 1307 locum
569 1270 758 1316 Antipatri
777 1271 1051 1307 restituendum
1071 1274 1235 1308 censeat:
1263 1272 1369 1318 atqui
1387 1272 1572 1309 Diodorus
1590 1273 1742 1309 toreuta

204 1320 345 1366 pariter
370 1319 522 1364 ignotus
547 1317 656 1354 nobis
686 1320 743 1354 est
769 1320 882 1364 atque
902 1319 1017 1365 Antip
1019 1320 1110 1355 ater.
1152 1320 1254 1363 Quae
1274 1320 1401 1356 notavi
1422 1321 1467 1356 ad
1488 1321 1586 1356 hunc
1605 1321 1740 1364 locum,

206 1366 519 1424 quemadmodum
546 1366 637 1409 alia,
670 1366 845 1426 fugerunt
870 1366 1093 1403 Overbeckii
1109 1367 1366 1426 diligentlam.
1395 1388 1439 1394 —
1474 1367 1517 1403 V.
1545 1372 1576 1404 2.
1611 1367 1742 1404 Nauck
1803 1378 1806 1379 ⁷

205 1415 369 1451 tentavit
393 1412 460 1470 ἢν
471 1413 656 1460 γρύξῃς
691 1411 849 1459 ἐγερεῖς·
882 1411 1078 1459 ἄγρυπνον
1105 1411 1226 1451 ὕπνον
1254 1413 1350 1460 ε’,χει
1386 1415 1576 1450 Benndorf
1599 1413 1743 1462 ἐγερεῖς

205 1460 409 1517 ὀργίλον·
436 1457 559 1497 ὕπνον
586 1461 674 1506 ἔχει.
715 1461 787 1497 Sed
813 1461 993 1507 frigidum
1019 1463 1117 1498 hunc
1144 1464 1292 1508 poetam
1314 1463 1497 1508 corrigere
1523 1473 1597 1498 non
1623 1463 1742 1509 decet,

207 1511 281 1546 nisi
307 1510 406 1555 quod
433 1505 631 1554 ἄργυρος
657 1509 892 1544 scribendum
918 1508 1075 1546 videtur.

302 1573 358 1605 29.
409 1569 573 1604 Thomas
605 1568 703 1612 Mag.
735 1567 801 1605 vit.
834 1567 1076 1614 Aristophan.
1109 1582 1143 1615 p.
1174 1574 1240 1605 160
1278 1569 1392 1605 West.
1428 1569 1641 1627 Olympiod.
1675 1569 1742 1606 vit.

208 1617 376 1653 Platonis
401 1629 437 1662 p.
458 1619 544 1651 384.
572 1614 637 1650 καὶ
663 1614 878 1662 ἐπίγραμμα
906 1615 947 1651 δὲ
968 1617 1140 1652 τοιοῦτον
1167 1616 1220 1658 εἰς
1242 1613 1510 1662 Ἀριστοφάνην
1536 1614 1653 1658 αὐτὸς
1677 1630 1742 1654 πε-

210 1666 388 1722 ποίηκεν,
422 1664 487 1699 ubi
518 1663 606 1699 libri
631 1676 665 1700 v.
693 1667 714 1698 2
748 1664 941 1708 ζηλοῦσαι,
974 1667 1013 1699 et
1044 1664 1108 1700 vit.
1135 1665 1232 1701 Plat.
1261 1665 1293 1699 ΙΙ
1318 1664 1367 1700 ib.
1395 1669 1462 1700 391
1497 1665 1562 1700 ubi
1587 1665 1742 1711 legitur·

209 1709 303 1758 ὅπερ
342 1708 485 1757 ἤθελον
521 1708 666 1757 εὑρεῖν,
703 1709 910 1757 Λιζόμεναι
943 1710 1071 1757 ψυχὴν
1103 1715 1178 1749 κτλ.
1230 1712 1282 1748 Cf.
1316 1712 1447 1747 Iriarte
1473 1716 1545 1748 98.
1578 1711 1740 1759 Dignum

210 1760 451 1806 praeconium
477 1770 553 1794 non
577 1759 699 1794 minus
726 1770 768 1794 eo
795 1759 860 1804 qui
885 1759 1059 1794 laudatur
1085 1772 1197 1805 quam
1224 1761 1289 1805 qui
1315 1760 1441 1795 edixit.

305 1822 361 1855 30.
413 1818 547 1854 Athen.
575 1817 661 1852 XIII
687 1830 720 1863 p.
749 1818 877 1853 5890:
913 1815 933 1853 ὁ
969 1817 1010 1853 δὲ
1044 1816 1158 1859 καλὸς
1183 1816 1297 1876 ἡμῶν
1315 1816 1475 1854 Πλάτων
1508 1816 1578 1876 οὔτε
1601 1816 1742 1864 Ἀρχεά-

210 1877 352 1902 νασσαν
379 1863 447 1909 τὴν
475 1867 726 1910 Κολοφωνίαν
755 1862 907 1910 ἑταίραν
934 1862 1080 1911 ἠγάπα,
1108 1863 1157 1906 ὡς
1181 1866 1245 1902 καὶ
1273 1864 1383 1921 ᾄδειν
1410 1865 1463 1907 εἰς
1489 1863 1608 1912 αὐτὴν
1633 1865 1743 1903 τάδε·

207 1910 479 1959 Ἀρχεάνασσαν
511 1915 586 1948 κτλ,
635 1912 742 1948 Adde
774 1912 883 1958 Diog
909 1913 1031 1949 Laert.
1067 1914 1119 1949 IlI
1146 1918 1201 1949 31.
1253 1903 1304 1949 A¹t
1333 1914 1372 1949 in
1402 1914 1554 1951 Anthol,
1580 1913 1650 1949 VII
1674 1918 1743 1950 217

211 1973 234 1996 a
258 1973 306 1996 m.
334 1972 404 1996 sec.
450 1961 664 2006 Asclepiadi
688 1960 877 1996 tribuitur.
923 1960 976 1996 Cf.
1003 1961 1134 1997 Iriarte
1163 1966 1240 1997 104.
1285 1961 1527 2007 Epigramma
1551 1962 1744 2007 haudqua-

211 2020 323 2054 quam
349 2019 515 2044 amorem
541 2019 584 2044 ac
607 2019 834 2054 propensum
854 2008 1019 2044 animum
1038 2009 1181 2054 prodit,
1205 2020 1326 2055 neque
1346 2008 1432 2045 inde
1450 2009 1553 2045 fama
1572 2010 1631 2044 est
1649 2011 1744 2054 orta,

210 2057 407 2092 Platonem
432 2055 712 2091 Archeanassae
738 2055 1004 2092 consuetudine
1030 2069 1137 2092 usum
1163 2068 1255 2101 esse,
1286 2057 1351 2092 sed
1375 2057 1504 2092 fictum
1529 2068 1552 2092 a
1576 2057 1742 2103 maligno

210 2103 379 2148 homine,
412 2102 570 2139 fortasse
600 2103 847 2149 peripatetico
878 2104 1123 2150 philosopho,
1159 2105 1205 2140 ad
1231 2104 1531 2140 commenticiam
1561 2103 1666 2140 illam
1691 2105 1744 2140 fa.-

211 2163 312 2187 mam
346 2150 627 2194 stabiliendam3
665 2162 752 2186 nam
782 2151 882 2196 quod
906 2151 1122 2188 Athenaeus
1153 2152 1354 2188 acerrimus
1378 2152 1546 2188 Platonis
1572 2152 1744 2188 adversa-

213 2200 288 2234 rius
313 2199 401 2234 huic
425 2179 648 2244 philosoph’o
674 2198 818 2243 tribuit,
843 2199 940 2235 hane
961 2198 1210 2256 suspicionem
1230 2200 1340 2246 plane
1361 2200 1566 2235 confirmat.
1582 2220 1623 2225 —
1651 2200 1695 2235 V.
1712 2204 1743 2235 1.

208 2243 480 2292 Ἀρχεάνασσαν
499 2246 624 2290 Anth„
652 2247 766 2282 ceteri
782 2227 1086 2292 Ἄρχαιάνασσαν.
1112 2268 1151 2273 ——
1172 2244 1252 2293 τὴν,
1279 2248 1357 2283 cod.
1379 2247 1457 2283 Pal.
1479 2244 1560 2283 τάν,
1582 2268 1624 2273 -
1647 2243 1744 2283 ἑταί-

215 2340 435 2401 ρην,Α111,11.
462 2341 502 2376 P.
531 2307 704 2386 ἑταίράν,
736 2341 816 2377 cod.
843 2341 942 2377 Mon.
971 2341 1077 2388 Diog.
1105 2342 1183 2378 Pal.
1210 2354 1263 2388 pr.
1293 2339 1457 2388 ἕταῖραν.
1485 2363 1528 2368 -
1555 2342 1597 2377 V.
1624 2345 1657 2377 2.

212 2403 258 2430 ας
282 2389 394 2424 Anth.
422 2391 461 2424 et
486 2388 587 2424 Suid.
615 2389 721 2424 codd.
749 2393 783 2446 4
796 2401 830 2425 v.
857 2387 968 2449 ρυτίς.
1008 2410 1053 2415 -
1090 2389 1154 2425 καὶ
1182 2386 1242 2425 ἐπὶ
1258 2387 1448 2450 ρυτίὸων,
1482 2400 1541 2435 ap.
1567 2389 1654 2425 Ath.
1681 2356 1745 2425 ΑΒ,

212 2437 277 2473 καὶ
303 2434 583 2482 άπορρντῖδων,
615 2437 643 2471 Ρ
670 2436 734 2472 καὶ
760 2433 838 2471 απὸ
866 2434 1044 2493 ρυτίὸων,
1077 2436 1102 2472 C
1129 2434 1224 2472 κᾶπὶ
1248 2435 1419 2483 Ἆιτίδων.
1448 2458 1491 2462 -
1523 2434 1656 2482 πικρὸς
1681 2435 1744 2472 (ξ’-π

214 2497 315 2520 εστιν
343 2483 435 2530 ἔρως
460 2484 607 2529 Athen,
636 2495 861 2544 quamquam
887 2481 1019 2542 δριμις
1044 2485 1157 2530 paulo
1182 2485 1323 2541 aptius,
1350 2485 1456 2530 Diog.
1484 2483 1586 2527 ἕζετο
1613 2482 1746 2530 δριμὺς

217 2531 320 2577 ε’,ρως
346 2531 458 2567 Anth.
481 2531 582 2568 Suid.
599 2513 628 2567 ὁ
655 2535 793 2577 γλυκυς
819 2529 914 2575 ἕζετ’
943 2531 1045 2576 ἔρως.
1067 2553 1110 2558 -
1137 2532 1179 2568 V.
1201 2537 1233 2568 3.
1261 2546 1298 2577 α,
1324 2543 1382 2577 ap.
1404 2531 1513 2577 Diog.
1535 2532 1614 2567 cod.
1637 2532 1742 2567 Cant.

214 2580 325 2615 Vind.
352 2573 407 2615 εὖ.
444 2600 488 2605 —-
521 2580 634 2614 Anth.
663 2580 742 2614 cod.
770 2580 808 2614 P.
836 2580 922 2624 post
947 2593 981 2615 v.
1008 2584 1028 2615 2
1055 2579 1171 2637 epigr.
1199 2583 1286 2636 218,
1317 2592 1351 2615 v.
1379 2583 1411 2615 3.
1438 2583 1459 2614 4
1485 2579 1630 2622 inserit,
1663 2580 1744 2615 tum

156 2633 160 2636 ’
213 2628 324 2672 longe
351 2627 461 2662 aliter
480 2627 515 2662 h.
537 2639 570 2662 v,
591 2627 759 2662 exhibet:
785 2640 831 2667 ας
856 2626 944 2662 νέον
970 2623 1065 2685 ἥβης
1090 2623 1214 2668 ἄνθος
1238 2623 1315 2662 άπὸ
1342 2625 1554 2672 δρέψαντες
1579 2624 1744 2673 ἐρασταί,

213 2673 462 2731 πρωτοβόλου
481 2676 610 2714 δισσας
636 2674 852 2719 (m.sec.61.'
870 2670 972 2719 ὅσης)
999 2671 1053 2720 ἤλ.
1074 2687 1196 2719 nvom,
1222 2674 1287 2710 sed
1312 2673 1417 2709 iuxta
1442 2673 1480 2708 in
1505 2685 1621 2719 mai-‚g
1647 2688 1743 2719 πρω-

214 2721 375 2757 τοπλόου
403 2720 532 2767 διόσης
557 2719 612 2766 ἥλ.
634 2735 757 2767 avon„
783 2733 827 2758 ac
852 2723 1046 2767 praeterea
1072 2735 1119 2757 m.
1146 2733 1215 2757 sec.
1242 2722 1280 2757 in
1305 2721 1493 2769 superiore
1519 2733 1633 2768 mang.
1661 2734 1695 2757 v.
1722 2727 1743 2757 3

216 2772 254 2804 et
274 2774 295 2804 4
322 2770 456 2815 repetit
482 2770 795 2825 quemadmodum
816 2769 915 2815 apud
934 2769 1043 2814 Diog.
1068 2769 1254 2815 leguntur.
1292 2769 1345 2804 Cf.
1365 2765 1509 2803 Finsler
1526 2769 1572 2804 de
1594 2770 1743 2806 Anthol,

214 2830 249 2862 p.
279 2822 334 2853 76,
368 2838 411 2843 --
451 2816 493 2852 V.
523 2821 554 2852 4.
589 2814 834 2862 πρωτοπλόου
860 2816 968 2862 Diog.
995 2820 1033 2852 et
1058 2818 1127 2852 cod
1153 2817 1230 2852 Pal.
1256 2829 1303 2853 m.
1332 2827 1402 2851 sec.
1435 2815 1474 2851 in
1506 2828 1553 2851 m.
1580 2816 1744 2861 Anthol,

215 2865 280 2899 ubi
293 2864 420 2920 vulgo
445 2862 1289 2922 πρωτοβόλου,Α1111.πρωτοπόρου.ΒὶΙῂὶιογ
1313 2861 1547 2910 πυρσοβόλου
1574 2863 1744 2901 coniecit..

217 2933 257 2938 —
286 2909 442 2958 ἤλθετε,
468 2922 525 2958 ap.
552 2912 639 2948 Ath.
666 2912 759 2948 PVL
790 2908 916 2957 ἥκετε,
942 2922 1013 2948 om.
1041 2912 1081 2948 B.
