1890 3216
790 208 1147 247 ARCHILOCHUS.
1652 211 1740 255 435

835 332 928 375 188.
965 332 1100 386 [1643

316 428 498 471 Eusml.
526 432 623 480 711,
651 431 724 469 32:
759 405 879 484 Λέγει
911 427 947 470 δ’
983 427 1101 480 αὐτὸς
1134 427 1262 485 (haud
1293 432 1412 472 dubie
1445 433 1739 485 Aristophanes

195 489 311 547 Byz.)
342 493 409 534 καὶ
439 490 508 543 τὰς
539 491 722 546 πρόκας
752 492 845 549 παρ’
876 492 1084 552 Ἀρχιλόχῳ
1117 495 1181 536 ἐπὶ
1212 492 1365 549 ἐλάφου
1397 502 1612 549 τεθεῖσθαι,
1644 500 1738 552 παρ’

195 550 228 615 ᾧ
258 559 328 599 καί
354 575 411 608 τις
443 556 509 600 διὰ
543 561 692 601 δειλίαν
723 558 1047 615 προσωνομάσθη
1079 559 1208 615 πρόξ.

838 692 933 734 189.
967 692 1103 746 [165]
1670 706 1740 738 730

317 787 446 829 Tzetz.
466 788 665 839 Lycophr.
688 791 762 829 91:
795 786 1076 843 Πύγαργον,
1109 787 1239 831 δειλὸν
1265 787 1290 844 ἢ
1317 788 1479 844 αἰσχρὸν
1510 787 1535 844 ἢ
1562 788 1739 846 ἅρπαγα·

196 851 270 892 εἰσὶ
317 848 393 906 γ’ὰρ
434 850 754 908 μελάμπυγοι,
797 851 1041 909 πύγαργοι
1086 856 1171 908 εἴδη
1215 850 1341 897 ἆετῶν
1384 851 1470 897 κατ’
1515 851 1740 911 Ἀρχίλοχον

197 916 297 973 (vit.
332 921 356 959 3
386 912 626 974 Ἀρχέλαον),
658 921 737 959 nisi
770 921 873 960 forte
906 924 1065 962 tantum
1098 922 1145 963 fr.
1182 924 1266 962 110
1298 924 1488 974 respexit.

837 1061 1104 1116 190.[121]

314 1159 506 1209 Hesych.:
552 1159 881 1212 Πυρριχίζειν·
919 1156 991 1212 τὴν
1029 1157 1213 1202 ἐνόπλιον
1246 1158 1409 1214 ὄρχησιν
1445 1161 1512 1202 καὶ
1546 1158 1739 1203 σύντονον

193 1224 432 1277 πυρρίχην
463 1223 607 1278 ἔλεγον.
652 1225 699 1276 ⁰¹53
728 1222 800 1277 μὲν
832 1219 911 1266 ἀπὸ
950 1228 1156 1280 Πυρρίχου
1187 1229 1257 1267 τοῦ
1297 1224 1471 1280 Κρητός,
1513 1228 1554 1268 οἱ
1583 1226 1625 1268 δὲ
1657 1222 1737 1268 ἀπὸ

193 1291 262 1330 τοῦ
295 1286 493 1342 διάπυρον
525 1286 644 1341 εἶναι,
684 1290 726 1331 οἵ
754 1288 798 1330 δὲ
836 1285 915 1331 ἀπὸ
949 1289 1116 1345 Πύρρου
1147 1295 1217 1333 τοῦ
1251 1287 1473 1346 Ἀχιλλέως·
1511 1291 1738 1346 ἐφησθέντα

193 1351 270 1409 γὰρ
299 1357 352 1412 τῷ
384 1349 634 1408 Εὐρυπύλου
666 1353 779 1412 φόνῳ
813 1351 1062 1410 ὀρχήσασθαι
1099 1356 1224 1410 φησὶν
1258 1352 1498 1412 Ἀρχίλοχος·
1539 1355 1640 1400 ὅθεν
1669 1358 1738 1399 καὶ

194 1416 216 1460 ὃ
249 1422 465 1475 Πυρρίχιος
495 1418 599 1471 ποὺς
631 1417 864 1475 ὠνομάσθη.

926 1541 1020 1585 191.

315 1638 614 1678 Choeroboscus
639 1652 677 1689 p.
699 1640 755 1678 83
784 1634 844 1693 (et
863 1635 989 1692 315):
1022 1634 1252 1692 εὑρίσκομεν
1284 1637 1327 1680 δὲ
1359 1639 1423 1680 καὶ
1455 1639 1519 1681 ἐπὶ
1549 1643 1619 1694 τῆς
1650 1654 1735 1682 στα·

196 1705 327 1755 φυλῆς
359 1699 425 1743 διὰ
457 1705 527 1743 τοῦ
559 1718 590 1743 ω
621 1699 833 1768 λεγόμενον
864 1700 975 1757 ρώξ,
1007 1700 1157 1758 ρωγὸς
1188 1701 1295 1757 παρὰ
1323 1699 1545 1762 Ἀρχιλόχῳ.
1578 1725 1582 1729 ’

835 1845 918 1888 192
966 1843 1101 1901 [168]
1140 1857 1146 1861 ·

313 1943 558 1993 Hesychius:
591 1939 823 1996 Σάλπιγξ·
857 1939 1162 1997 σιγηνοσοὶλπιγξ
1189 1940 1391 1996 (Meineke
1417 1942 1735 2000 εἰρηνοσοὲλπιγξ)

193 2001 283 2046 ἀντὶ
311 2009 382 2047 τοῦ
411 2008 548 2060 κῆρυξ.
587 2006 689 2057 τινὲς
721 2006 764 2048 δὲ
795 2005 909 2061 ὄρνιν
939 2006 1074 2049 ποιόν·
1105 2008 1173 2048 καὶ
1204 2006 1375 2063 ὄργανον
1406 2008 1638 2063 πολεμικόν,
1669 2011 1736 2052 καὶ

192 2073 418 2113 θαλασσίαν
449 2070 660 2127 σάλπιγγα·
692 2067 788 2126 παρ’
820 2068 1029 2130 Ἀρχιλόχῳ
1063 2072 1106 2114 δὲ
1137 2071 1205 2115 τὸν
1237 2071 1442 2128 στρόμβον.

829 2215 925 2257 193.
960 2215 1095 2268 [169.]

314 2312 562 2362 Hesychius:
590 2309 916 2365 Σκελήπερον·
950 2309 1112 2365 νήπιον·
1139 2307 1371 2367 Ἀρχίλοχος.
1412 2317 1626 2368 Sopingius
1653 2316 1734 2358 σκέ-

194 2379 348 2429 ληθρον
380 2378 491 2427 conL,
523 2378 567 2417 L.
593 2378 768 2418 Dindorf
790 2375 1016 2431 σκελιφρόν,
1047 2379 1322 2420 Schneidewin
1347 2379 1572 2433 σκελεφρόν.
1611 2383 1734 2423 Servo

194 2444 301 2493 apud
332 2443 524 2483 Plautum
554 2444 597 2483 in
629 2444 770 2495 Milite,
802 2445 871 2495 qni
896 2445 1018 2496 vulgo
1043 2444 1246 2485 Sceledrus
1269 2447 1428 2499 dicitur,
1459 2448 1621 2488 videtur
1646 2449 1732 2489 Sce-

193 2509 292 2558 lepri
321 2522 468 2548 nomen
499 2509 636 2550 fuisse.

830 2627 1099 2681 194.[170]

314 2713 427 2766 Epst.
461 2712 533 2751 Od.
568 2714 693 2764 1828,
729 2716 800 2753 11:
831 2711 898 2753 καὶ
929 2713 1149 2766 λιμοκίμβιξ
1181 2711 1224 2753 δὲ
1255 2709 1277 2754 ὃ
1308 2707 1426 2762 αὐτὸς
1456 2717 1733 2770 κυμινοκίμβιξ

195 2773 261 2818 διὰ
299 2774 553 2831 σμικρότητα·
591 2777 657 2818 καὶ
695 2775 993 2832 ρυποκόνὸυλος
1029 2778 1096 2818 καὶ
1134 2780 1487 2833 συκοτραγίδης
1522 2779 1630 2835 παρὰ
1655 2779 1731 2823 Ἱπ-

193 2839 369 2884 πώνακτι
400 2842 466 2883 καὶ
491 2839 701 2900 Ἀρχιλόχῳ
740 2840 806 2883 διὰ
843 2840 884 2884 τὸ
917 2838 1065 2893 εὐτελὲς
1095 2846 1165 2885 τοῦ
1196 2841 1412 2897 βρώματος.
1461 2859 1553 2886 nam
1584 2849 1730 2888 Eusta-

194 2909 304 2949 thius
336 2909 522 2949 ultimum
555 2911 712 2948 tantum
745 2910 984 2950 vocabulum
1017 2924 1063 2949 ex
1095 2911 1394 2962 iambographis
1425 2913 1590 2962 petiisse
1622 2914 1730 2954 vide-

193 2975 278 3024 tur,
310 2974 467 3024 reliqua
497 2975 736 3014 comicorum
768 2977 978 3026 poetarum
1012 2979 1116 3015 sunt.

1371 3043 1445 3079 28*
