1890 3216
219 173 305 215 384
804 173 1153 222 IAMBOGRABHI.

291 281 338 323 ἐν
370 283 526 339 πεδίῳ·
560 281 723 336 ξιφέων
757 279 806 323 δὲ
836 279 1119 324 πολύστονον
1151 283 1321 323 ἔσσεται
1354 282 1504 337 ἔργον·

347 350 509 406 ταύτης
539 349 625 408 γὰρ
657 359 796 394 κεῖνοι
830 353 1039 407 δαίμονες
1070 349 1155 394 εἰσὶ
1187 349 1329 407 μάχης

243 434 263 464 5
292 420 502 465 δεσπόται
535 419 733 478 Εὐβοίης
764 423 1060 478 δουρικλυτοί.

892 518 931 561 4.
966 518 1072 571 [49.]

288 597 401 642 Ἀλλ’
437 597 538 655 ἄγε,
572 596 656 642 σὺν
688 597 874 642 κώθωνι
905 601 1020 655 θοῆς
1052 598 1126 642 διὰ
1159 600 1350 656 σέλματα
1381 599 1494 656 νηόςἵ

351 673 485 726 φοίτα
516 669 590 714 καὶ
622 674 788 714 κοίλων
819 668 990 726 πώματ’
1026 668 1190 727 ἄφελκε
1220 670 1394 727 κάδων,

289 739 416 798 ἄγρει
449 738 489 784 δ’
527 739 655 786 οἶνον
689 739 889 799 ἐρυθρὸν
921 738 1008 786 άπὸ
1041 741 1219 799 τρυγός·
1252 742 1359 786 οὐδὲ
1390 742 1475 801 γὰρ
1507 740 1632 799 ἡμεῖς

350 811 515 868 νήφειν
548 813 596 856 ἐν
628 814 805 869 φυλακῇ
838 814 944 870 τῇδε
977 812 1280 869 δυνησόμεθα.

881 909 919 951 5.
954 910 1088 963 [144]

297 978 405 1032 Διεξ
438 981 640 1034 σωλῆνος
672 979 715 1030 ἐς
745 976 894 1034 ἄγγος.

896 1075 934 1117 6.
968 1075 1074 1129 [51.]

291 1155 462 1200 Ἀσπίδι
494 1156 575 1213 μὲν
606 1139 763 1200 Σαΐων
795 1174 859 1209 τις
890 1154 1147 1213 ἀγάλλεται,
1180 1154 1238 1213 ἣν
1269 1155 1386 1214 παρὰ
1420 1156 1582 1218 θάμνῳ

352 1231 476 1280 ε”ντος
508 1226 750 1285 ἀμώμητον
781 1227 998 1271 κάλλιπον
1034 1225 1117 1285 οὐκ
1149 1228 1336 1272 ἐθέλων·
1683 1241 1750 1273 685

294 1297 430 1351 αὐτὸς
462 1297 503 1342 δ’
541 1299 758 1355 ἐξέφυγον
789 1297 994 1342 θανάτου
1024 1300 1165 1350 τέλος·
1199 1296 1328 1350 άσπὶς
1361 1300 1504 1356 ἐκείνη

353 1371 535 1428 ἐρρέτω·
569 1370 739 1422 ἐξαῦτις
769 1368 985 1426 κτήσομαι
1018 1368 1072 1413 οὐ
1105 1374 1255 1414 κακίω.

222 1499 366 1556 τρόπον
391 1501 537 1545 τοῦτον,
564 1497 632 1545 οὐχ
658 1496 725 1534 ὑπ’
750 1497 911 1557 Ἀράβων
938 1498 1202 1545 διδαχθέντες,
1229 1497 1278 1541 ὡς
1300 1499 1394 1535 ε’νιοι
1413 1501 1640 1546 νομίζουσιν,
1666 1497 1756 1535 ουδὲ

224 1545 385 1588 Μυσοὺς
418 1546 663 1593 ζηλώσαντες,
696 1544 779 1582 ἄλλ’
808 1544 916 1587 ὄντες
947 1549 1143 1592 πολεμικοὶ
1172 1548 1235 1583 καὶ
1268 1545 1477 1604 αγχέμαχοι
1508 1548 1573 1583 καὶ
1598 1544 1756 1593 μάλιστα

224 1594 272 1641 δὴ
299 1592 452 1631 πάντων
480 1594 534 1635 εἰς
559 1599 689 1653 χεῖρας
712 1592 903 1630 ὠθεῖσθαι
929 1599 1007 1635 τοῖς
1034 1593 1219 1636 ἐναντίοις
1238 1593 1519 1641 μεμαθηκότες,
1546 1592 1595 1635 ὡς
1619 1607 1758 1641 μαρτυ-

224 1648 289 1686 ρεῖ
308 1643 374 1678 καὶ
396 1640 646 1699 Ἀρχίλοχος
672 1640 713 1677 ἐν
739 1639 989 1682 τούτοις·οὔ
1015 1655 1074 1678 τοι
1099 1646 1172 1678 κτλ.
1200 1663 1244 1668 -
1274 1643 1314 1678 V.
1337 1646 1367 1679 1.
1395 1639 1470 1688 ἐπὶ,
1497 1641 1758 1678 Schneidewin

226 1690 290 1726 ἔτι.
318 1711 362 1716 —
389 1688 629 1734 τανύσσεται,
655 1689 693 1724 ia
717 1692 919 1725 τανίσεται.
954 1711 993 1715 —
1028 1692 1209 1736 θαμεῖαι,
1241 1690 1355 1736 vulgo
1380 1690 1555 1736 θαμειαί,
1581 1689 1756 1734 quemad-

222 1738 376 1773 modum
395 1737 612 1773 Aristarcho
639 1738 678 1771 et
696 1737 935 1773 Ascalonitae
960 1736 1122 1782 placuit,
1150 1718 1216 1773 sed
1240 1737 1320 1772 iure
1347 1737 1570 1796 Pamphilus
1589 1738 1757 1772 tenorem

222 1789 386 1831 θαμεῖαι
410 1784 662 1844 praeoptavit,
696 1784 769 1821 vid.
797 1785 872 1820 sch.
898 1784 939 1819 Il.
969 1789 996 1819 A
1022 1788 1077 1820 52.
1106 1806 1149 1810 —
1178 1785 1220 1819 V.
1241 1789 1274 1820 3.
1301 1783 1460 1830 ἔσσεται,
1485 1784 1524 1820 ia
1549 1782 1684 1820 ἔσεται.
1712 1804 1755 1809 -

224 1833 267 1868 V.
295 1837 327 1867 4.
353 1837 492 1877 κεῖνοι,
519 1833 545 1868 C
573 1829 723 1867 ἐκεῖνοι.
761 1853 798 1857 —-
845 1834 1024 1875 δαίμονες
1049 1833 1170 1876 Babx,
1201 1832 1315 1878 vulgo
1342 1813 1540 1878 δαήμονες.
1568 1851 1613 1858 -
1651 1831 1696 1867 V
1723 1834 1755 1867 5.

226 1877 391 1928 Εὐβοίης
418 1879 694 1922 Schneidewin,
721 1880 833 1924 vulgo
861 1877 1037 1925 Εὐβοιᾞας

317 1927 374 1962 Fr.
401 1931 434 1963 4.
486 1926 620 1963 Athen.
650 1907 701 1961 XI
726 1929 795 1962 483
818 1927 866 1962 D:
904 1924 1151 1983 Μνημονεύει
1186 1923 1306 1962 αὐτοῦ
1341 1926 1422 1984 (τοῦ
1458 1923 1654 1971 κώθωνος)
1691 1924 1758 1960 καὶ

221 1972 470 2032 Ἀρχίλοχος
496 1971 543 2009 ἐν
571 1971 797 2030 ἐλεγείοις
823 1971 871 2014 ὡς
896 1975 1075 2034 ποτηρίου
1103 1971 1239 2014 ούτως·
1264 1970 1365 2009 Ἀλλ’
1393 1987 1446 2018 ay
1456 1986 1473 2008 ε
1494 1975 1569 2008 κτλ.
1591 1993 1635 1999 -
1662 1972 1706 2008 V.
1724 1977 1756 2008 1.

222 2019 311 2057 Ἀλλ’
340 2019 407 2066 α”γε
430 2021 504 2063 VL,
530 2017 624 2056 ἄλλά
650 2033 688 2055 τε
710 2020 815 2056 ΑΒΡ.
836 2042 878 2047 —-
907 2022 949 2057 V.
971 2025 1003 2057 4.
1031 2019 1072 2057 εν
1096 2020 1170 2066 VL,
1177 2019 1266 2072 μέν
1287 2020 1391 2057 ΑΒΡ.
1418 2041 1464 2047 —-
1490 2021 1640 2068 φυλακῇ
1666 2019 1756 2067 τῇδε

223 2069 331 2112 PVL,
358 2069 530 2113 φυλακῆς
554 2068 644 2112 τῆδε
671 2068 714 2104 Β

319 2117 376 2151 Fr.
406 2120 437 2151 5.
488 2116 546 2150 Et.
574 2116 731 2158 Μ.324,
759 2120 819 2151 14:
852 2113 875 2160 ἡ
903 2113 942 2159 ἐξ
968 2114 1168 2162 πρόθεσις,
1202 2113 1294 2151 ὅταν
1324 2113 1419 2163 αὐτῇ
1447 2112 1653 2170 σύμφωνον
1679 2111 1756 2150 ἔπι-

225 2162 403 2221 φέρηται,
443 2161 572 2208 τρέπει
598 2160 639 2198 τὸ
667 2164 685 2205 ξ
713 2162 766 2203 εἰς
791 2177 824 2198 κ.
852 2167 929 2198 Δεῖ
960 2163 1002 2199 δὲ
1038 2166 1285 2208 προσθεῖναι,
1322 2152 1433 2209 χωρ’ὶς
1465 2163 1502 2199 εί
1531 2162 1580 2209 μὴ
1614 2158 1756 2209 εὑρεθῇ

225 2225 317 2257 μετα
344 2209 614 2255 παρέλκοντος·
643 2214 723 2246 οἱον
750 2207 800 2250 ὡς
823 2224 900 2255 παρ
940 2207 1149 2258 Ἀρχιλόχῳ·
1183 2209 1280 2253 διεξ
1307 2211 1400 2254 (cod.
1427 2210 1525 2247 Flor.
1551 2207 1649 2255 διεκ)
1675 2221 1757 2244 σω-

223 2259 378 2303 λῆνος.
435 2257 721 2315 Redintegravit
762 2258 1022 2293 Schneidewin
1067 2270 1136 2303 ope
1181 2257 1304 2294 Schol
1335 2258 1442 2293 Hom.
1469 2258 1510 2293 11.
1538 2261 1561 2292 Ι
1584 2261 1621 2292 7:
1665 2253 1758 2303 μετὰ

224 2306 317 2351 γοῦν
351 2306 416 2351 τῆς
441 2302 505 2340 διὰ
539 2299 634 2340 οὖσα
660 2302 683 2350 ἡ
711 2302 750 2348 ἐξ
778 2301 822 2341 οὗ
847 2304 976 2351 τρέπει
1008 2303 1049 2340 τὸ
1078 2307 1114 2348 ξ·
1141 2303 1238 2348 διεξ
1275 2306 1478 2350 σωλῆνος
1509 2303 1576 2345 εἰς
1607 2316 1756 2349 αγγος.

225 2353 364 2399 Scripsi
391 2350 428 2393 ἐς
452 2365 578 2398 αγγος.

319 2401 378 2435 Fr.
400 2405 431 2435 6.
471 2400 569 2435 Plut.
595 2400 732 2436 Lacon.
752 2400 836 2435 inst.
859 2404 923 2435 34.
947 2396 1211 2458 Ἀρχίλοηχον
1225 2397 1293 2435 τὸν
1318 2397 1491 2458 ποιητὴν
1504 2397 1546 2435 ἐν
1570 2398 1756 2434 Λακεδαί-

225 2461 312 2505 μονι
336 2445 543 2504 γενόμενον
569 2443 687 2492 αὐτῆς
719 2460 818 2503 ωρας
851 2444 1027 2491 εδίωξαν,
1063 2445 1161 2482 διότι
1193 2444 1412 2504 ἐπέγνωσαν
1443 2444 1562 2482 αὐτὸν
1599 2458 1757 2490 πεποιη-

224 2493 334 2538 κότα,
361 2493 410 2535 ὡς
435 2493 621 2554 κρεῖττόν
633 2491 734 2530 ἔστιν
759 2491 967 2541 ἀποβαλεῖν
992 2492 1037 2529 τὰ
1058 2490 1166 2539 οπλα,
1191 2491 1214 2539 ἢ
1235 2491 1468 2530 αποθανεῖν·
1493 2492 1695 2529 Ἀσπίδι.

226 2540 416 2579 ἐθέλων
444 2539 578 2582 ἀσπὶς
593 2539 792 2599 ἐκείνη.
845 2570 852 2576 .
879 2542 1032 2577 κακίω.
1070 2541 1169 2577 Etv.
1192 2546 1223 2577 1.
1243 2545 1264 2577 2
1284 2540 1391 2577 affert
1412 2541 1546 2577 Strabo
1565 2540 1600 2576 X
1630 2552 1666 2586 p.
1685 2519 1756 2575 457

225 2590 289 2625 ubi
314 2587 446 2625 ἀσπίδι
473 2617 480 2625 .
509 2617 516 2623 .
544 2617 551 2625 .
579 2586 750 2625 ἀνείλετο
782 2589 857 2633 (vel
883 2586 1076 2633 ανείλατο,
1102 2586 1304 2646 αφείλατο,
1329 2586 1516 2646 οἶγείλετο)
1551 2584 1620 2633 τὴν
1652 2584 1756 2632 παρὰ

224 2636 362 2685 θάμνῳ
390 2639 479 2682 (tres
505 2637 610 2672 codd.
635 2635 803 2693 θαμνον)
831 2639 869 2671 et
893 2637 962 2672 XII
987 2641 1073 2681 549,
1108 2636 1173 2671 ubi
1204 2633 1347 2672 ασπίδα
1373 2664 1380 2671 .
1409 2665 1417 2673 .
1443 2665 1451 2672 .
1478 2633 1647 2671 ανείλετο
1687 2633 1756 2679 (sic

225 2684 336 2730 Epit„
364 2696 435 2720 om.
457 2684 578 2729 codd.)
604 2682 673 2729 τὴν
698 2683 785 2729 περὶ
819 2681 984 2729 θάμνον.
1022 2685 1162 2719 Auctor
1186 2683 1251 2719 vit.
1271 2682 1378 2718 Arati
1402 2695 1438 2728 p.
1459 2687 1526 2718 521
1555 2683 1755 2718 Westerm.

227 2734 264 2767 et
289 2732 484 2789 Aristoph.
503 2731 588 2767 Pac.
614 2744 648 2768 v.
678 2735 769 2767 1298
795 2731 859 2766 ubi
884 2731 977 2767 dicit
1002 2731 1136 2767 schola
1171 2727 1377 2776 Ἀρχιλόχου
1409 2728 1485 2766 ἐστὶ
1509 2728 1551 2766 τὸ
1579 2730 1755 2786 δίστιχον.

287 2774 444 2819 ,Οὗτος
470 2775 489 2813 ὁ
513 2776 761 2835 Ἀρχίλοχος
788 2775 949 2824 ἐξῆλθεν
976 2777 1030 2820 εἰς
1053 2776 1220 2837 πόλεμον
1246 2776 1287 2813 ἐν
1312 2778 1355 2824 τῇ
1383 2775 1475 2835 πρὸς
1493 2773 1756 2842 Σαΐουςμαχῃ

227 2825 319 2882 (ἔστι
345 2825 386 2861 δε
401 2825 531 2882 ἔθνος
557 2823 741 2882 Θράκης),
773 2825 838 2860 καὶ
870 2825 1060 2874 φοβηθεὶς
1092 2824 1229 2870 ἔφυγε,
1262 2823 1375 2870 ῥίψας
1402 2821 1541 2860 ἑαυτου
1566 2837 1613 2860 τα
1641 2826 1756 2859 οπλα·

227 2871 344 2908 αὑτὸν
371 2867 439 2908 οὖν
465 2863 678 2930 διαβάλλων
702 2872 816 2918 λέγει.
848 2894 895 2899 -
932 2874 971 2909 V.
1000 2877 1030 2910 1.
1062 2873 1111 2908 M.
1139 2872 1309 2908 Schmidt
1333 2872 1493 2908 coniecit
1517 2868 1661 2907 ἀσπίδα
1678 2884 1756 2929 μεν

228 2921 357 2955 Σαΐων
383 2934 437 2961 τις
462 2918 647 2966 αγηλάτω.
669 2941 712 2946 —
741 2918 782 2955 V.
804 2924 836 2955 2.
865 2919 969 2961 ἔντος
994 2920 1153 2964 Brunck,
1179 2918 1293 2965 vulgo
1315 2916 1431 2960 ἐντός.
1451 2940 1496 2945 -
1523 2919 1567 2955 V.
1588 2923 1620 2955 3.
1640 2915 1756 2959 αὐτὸς
