1890 3216
822 201 1089 240 HIPPONAX.
1645 199 1731 242 461

888 314 926 358 2.
962 313 1037 368 [5.]
1667 320 1736 353 752

279 400 436 441 Κίκων
469 393 510 441 δ’
548 394 571 441 6
605 393 908 455 πανδάλητος,
943 394 1146 455 ἄμμορος
1177 396 1339 452 καύηξ,

278 468 458 514 τοιόνδε
491 468 669 527 δάφνης
700 467 872 513 κλάδον
906 471 1020 527 ἔχων
1052 503 1061 512 .
1095 504 1103 512 .
1138 502 1146 512 .
1180 502 1188 511 .

872 614 910 658 3.
945 614 1052 668 [44.]

281 677 539 756 Κοραξιᾷιὸν
572 696 654 754 μὲν
687 694 968 755 ἠμφιεσμένη
1001 698 1161 748 λῶπος.

189 852 491 902 μαντεύσασθαι.
542 852 660 889 Brink
685 853 724 889 in
750 851 1001 909 Hipponactis
1028 852 1197 888 versibus
1232 851 1387 888 novavit
1418 851 1597 888 audacter
1623 852 1737 898 δεῦρο

189 915 253 950 μοι
279 903 557 949 σκαπερδεῦντι
583 899 642 937 Σύ
669 902 920 948 συμμαχῆσαι.

285 962 343 999 Fr
373 967 405 1000 2.
457 962 610 999 Tzetzes
637 962 751 1007 Exeg.
773 961 879 997 Iliad.
902 965 958 1004 76,
980 965 1018 997 8:
1045 956 1093 1006 ἣν
1111 957 1306 1018 (δάφνην)
1334 958 1373 995 οἴ
1396 958 1510 1017 ἱερεῖς
1537 959 1603 995 τοῦ
1630 956 1737 1005 ἡλίου

188 1007 274 1057 ἤτοι
299 1007 454 1067 μάντεις
478 1010 544 1047 καὶ
571 1007 698 1056 μάγοι,
723 1008 802 1050 οἷος
827 1003 875 1054 ἦν
901 989 967 1044 καὶ
993 1006 1013 1044 6
1040 1005 1208 1054 Χρύσης,
1243 1005 1548 1066 στεφανούμενοι
1581 1005 1738 1065 ἐπορεύ-

189 1071 294 1095 οντο·
321 1056 455 1100 καθὼς
468 1059 594 1116 δηλοῖ
615 1058 681 1094 καὶ
709 1054 934 1100 Ιππῶναξ,
970 1053 1017 1093 ἐν
1049 1057 1106 1105 τῷ
1141 1053 1258 1092 κατὰ
1291 1055 1535 1092 Βουπάλου
1571 1053 1738 1104 ἰάμβῳ·

189 1107 343 1143 Κίκων
382 1102 419 1142 δ’
461 1103 480 1142 6
521 1102 817 1164 πανδάλητος
854 1103 891 1142 ἅ.
925 1119 958 1141 κ.
992 1094 1142 1140 τοιόνδε
1178 1118 1214 1140 τι
1251 1101 1406 1150 δάφνας
1439 1103 1622 1150 κατέχων.
1672 1103 1738 1139 ubi

189 1155 338 1201 glossae
363 1156 534 1191 Κίκων·
561 1151 686 1201 ὄνομα
712 1151 882 1213 μάντεως
908 1155 947 1189 et
971 1150 1109 1210 καύης,
1141 1150 1265 1210 λάρος.
1315 1152 1437 1189 Affert
1466 1152 1625 1188 eundem
1659 1163 1738 1188 ver—

190 1215 273 1239 sum
298 1203 348 1239 ad
371 1203 536 1260 Lycoph.
564 1206 652 1238 424:
678 1199 801 1247 καύηξ
828 1200 870 1238 δὲ
898 1199 917 1237 6
945 1199 1057 1246 λάρος
1082 1199 1179 1237 κατὰ
1206 1200 1389 1242 Αἰνιᾶνας
1416 1199 1739 1246 (0011(1.Αἰγιαίας

189 1251 252 1288 vel
285 1248 481 1292 Αἰλιάνας
520 1251 649 1295 itaque
688 1249 842 1291 Αἰνιὲας
873 1248 1033 1294 conieci,
1072 1249 1148 1286 vid.
1176 1249 1277 1285 Diar.
1306 1249 1432 1307 Anjziq.
1462 1252 1554 1285 1845
1580 1261 1616 1294 p.
1646 1251 1740 1293 180),

191 1313 242 1341 ως
267 1311 360 1346 φησι
385 1299 451 1335 καὶ.
471 1297 679 1342 Ἱππῶναξ·
706 1299 834 1334 Κίκων
861 1298 956 1343 (cod.
985 1297 1079 1334 Gud.
1101 1294 1259 1344 Κήμων)
1287 1294 1324 1333 δ’
1354 1294 1374 1333 6
1401 1295 1644 1357 πανδάλητος
1668 1294 1739 1356 ἄμ-

189 1360 305 1405 μονος
329 1345 464 1394 καύηξ,
492 1348 557 1383 sed
584 1347 688 1383 codd.
716 1343 848 1392 καύης.
876 1347 915 1403 et
940 1346 995 1382 sic
1020 1347 1150 1403 aperte
1175 1345 1276 1381 idem
1297 1345 1344 1381 ad
1364 1359 1397 1382 v.
1421 1349 1506 1381 741:
1534 1358 1644 1386 ουτος
1662 1343 1740 1402 μὲν

190 1393 326 1441 Καύηξ
353 1396 480 1442 φησίν,
507 1392 527 1431 ὃ
556 1393 598 1431 δὲ
619 1392 809 1438 Ιππῶναξ
835 1392 956 1440 καύης
976 1393 1078 1440 λέγει
1098 1390 1243 1430 οὑτοσί·
1271 1395 1399 1429 Κίκων
1427 1390 1513 1429 δ’ὁ
1542 1391 1736 1450 πανδάλη-

191 1457 254 1486 τος
286 1442 375 1490 (Ciz.
401 1443 478 1480 Vit.
508 1447 525 1478 1
553 1440 836 1501 πανδαύλητος,
869 1443 946 1478 Vit.
973 1446 1005 1478 2.
1034 1446 1054 1478 3
1080 1440 1360 1488 πανδάληκτος)
1394 1455 1574 1488 αμμωρος
1605 1438 1736 1486 καύης,

190 1489 324 1549 Καύης
356 1490 399 1527 δὲ
426 1489 446 1526 ὁ
481 1488 595 1538 λάρος
626 1487 712 1527 κατ’
749 1471 931 1531 Αἰνιᾶνάς
962 1487 1072 1526 ἐστιν.
1102 1511 1144 1516 -
1172 1490 1216 1527 V.
1246 1493 1277 1527 1.
1310 1487 1432 1536 καύηξ
1465 1489 1616 1536 scripsi,
1651 1499 1740 1524 nam

191 1537 323 1585 καύης,
350 1539 523 1599 quamvis
548 1539 774 1575 testificetur
793 1539 958 1583 Tzetzes,
977 1538 1115 1575 idonea
1140 1537 1368 1574 auctoritate
1396 1537 1631 1583 destitutum,
1658 1537 1744 1572 ubi«

190 1586 495 1672 233182¹31⁷3105
498 1584 739 1681 “.²1“{..;?3{.
751 1586 1245 1681 liffiffssgm.f²¹g?{m⁵ffissss.²55
1270 1586 1546 1680 ἑὲεθΕἷίἥῇἕέ,
1567 1584 1743 1669 ἒῖῗεῖἑῃέ

189 1683 859 1778 {35:32321335..¹2:¹¹..Jff2323332‘
868 1683 1099 1768 &6533
1123 1682 1740 1777 {assjgozffiffibffssssrrigffinss‘2235

191 1779 360 1826 δήλητος,
388 1779 453 1816 sed
478 1779 573 1816 mihi
597 1779 723 1826 potius
750 1780 848 1815 lauri
866 1779 971 1815 notio
991 1779 1213 1815 delitescere
1232 1778 1444 1823 videbatur,
1470 1778 1598 1836 itaque
1624 1790 1739 1813 παν-

191 1827 277 1864 δαν
286 1841 458 1874 χνωτος
483 1827 629 1864 conieci
662 1828 832 1875 (propius
864 1827 1012 1864 accedit
1042 1823 1312 1884 πανδαύκητος
1342 1827 1404 1863 vel
1434 1806 1739 1872 πανδαύχνητος,

190 1876 256 1913 sed
288 1875 430 1912 formae
465 1876 554 1912 illae
585 1887 660 1912 non
701 1876 793 1912 satis
831 1876 993 1921 firmae),
1024 1876 1049 1911 i.
1077 1887 1107 1912 e.
1140 1872 1440 1921 πανδάφνωτος,
1471 1875 1549 1910 vid.
1581 1874 1739 1909 Ahrens.

191 1924 287 1961 Dial.
314 1923 401 1961 Dor.
435 1927 523 1968 532,
555 1925 594 1959 id
629 1924 731 1970 quod
764 1924 938 1960 Meineke
976 1922 1248 1969 comprobavit.
1299 1924 1439 1959 Verum
1478 1933 1599 1968 neque
1642 1922 1740 1957 solet

190 1972 345 2009 Tzetzes
370 1972 588 2018 interpretis
606 1982 761 2008 munere
780 1971 890 2018 fungi
910 1982 1030 2017 neque
1051 1971 1381 2017 interpretamenti
1401 1970 1565 2016 speciem
1587 1970 1740 2006 omnino

190 2020 360 2056 referunt
384 2020 453 2056 illa
476 2020 602 2064 verba,
628 2020 760 2065 itaque
786 2019 859 2066 ipsi
885 2019 1118 2077 Hipponacti
1149 2019 1292 2064 tribuo,
1326 2019 1516 2073 corrigens
1549 2015 1737 2054 τοιόνδε

192 2066 374 2125 δάφνης
398 2065 569 2103 κλάδον
597 2067 645 2114 ἔχ
654 2081 712 2103 ων
733 2067 812 2104 sive
833 2064 964 2103 κλῶν’
996 2066 1044 2113 ἕχ
1052 2080 1110 2102 ων
1130 2067 1258 2103 malis:
1285 2067 1404 2103 oratio
1425 2066 1513 2102 est
1503 2079 1581 2112 1mp
1585 2066 1739 2110 erfecta,

192 2127 235 2152 ac
261 2117 409 2152 τοιονδε
436 2127 510 2152 11011
536 2116 585 2151 ad
611 2082 752 2151 κλάδον
780 2114 820 2162 ἔχ
823 2128 876 2150 ων
901 2115 1149 2158 referendum,
1176 2115 1241 2151 sed
1260 2116 1308 2150 ad
1328 2114 1495 2159 verbum,
1503 2114 1623 2174 ⁷'quod
1650 2115 1736 2149 sub-

192 2165 430 2210 sequebatur,
455 2164 562 2200 velut
588 2130 820 2209 §aeontgsvf
828 2163 900 2198 nisi
924 2162 1022 2199 forte
1049 2142 1288 2198 scrib’endum
1313 2159 1459 2199 τοιόνδ’
1497 2161 1584 2208 ἔφη
1619 2159 1740 2207 δάφ-

192 2224 297 2259 νῃσι
323 2208 451 2258 κρᾶτ’
480 2210 576 2257 ἔχων
603 2209 777 2258 (θάλλον)
803 2211 848 2246 ut
871 2208 914 2246 τὸ
941 2211 1063 2256 κρᾶτα
1094 2211 1388 2257 iambographus
1421 2210 1576 2254 dixerit,
1607 2221 1737 2255 quem-

192 2260 392 2296 admodum
417 2259 651 2316 So3phocles
684 2259 785 2304 quod
817 2258 849 2294 si
881 2259 940 2294 cui
975 2258 1193 2313 displiceat,
1225 2258 1366 2305 poterit
1391 2257 1551 2294 στεπτὸν
1585 2258 1734 2294 addere.

192 2307 272 2344 Nec
297 2304 540 2352 πανδάλητος
571 2310 685 2353 poeta
718 2306 888 2353 scripsit,
921 2307 987 2343 sed
1018 2307 1062 2342 ut
1093 2306 1227 2363 opinor
1259 2303 1581 2353 παμφαλητός,
1621 2307 1736 2343 verbo

191 2356 406 2402 παμφαλᾶν
430 2355 550 2391 utitur
574 2357 689 2410 poeta
713 2355 812 2391 infra
835 2354 880 2390 fr.
909 2358 998 2400 130,
1024 2351 1331 2401 παμφαλώμενος
1361 2354 1523 2401 passive
1544 2354 1641 2390 dixit
1667 2354 1738 2399 Ly—

191 2405 332 2450 cophro
361 2407 471 2447 1433,
498 2404 556 2439 est
579 2403 698 2449 lgitur
728 2401 981 2449 παμφαλητὸς
1011 2402 1035 2438 1.
1062 2414 1096 2448 q.
1124 2403 1381 2448 περίβλεπτος.
1434 2402 1581 2439 Nomen
1606 2403 1735 2437 Κίκων

115 2453 118 2458 ’
191 2452 349 2510 respicit
374 2450 1044 2509 011001οὒ000.ΕΡὶιῙι.Ι73εΧωρὶς
1068 2451 1135 2486 τοῦ
1162 2452 1290 2487 Κίκων
1317 2452 1499 2491 Κίκωνος.
1525 2451 1639 2486 τοῦτο
1664 2447 1736 2509 γὰρ

191 2497 327 2558 κύριον
360 2498 430 2546 μὲν
463 2495 508 2535 ὂν
542 2496 724 2544 φυλάττει
755 2497 797 2535 τὸ
830 2503 873 2544 ὦ,
907 2464 1006 2534 οἶονρ
1020 2499 1148 2534 Κίκων
1182 2499 1460 2545 (1.Κίκωνος),
1499 2495 1659 2534 §euxine
1693 2496 1735 2533 δε

191 2545 400 2594 λεγόμενον
426 2545 557 2593 τρέπει
582 2546 624 2583 τὸ
653 2551 681 2582 ὦ
709 2546 763 2587 εἰς
789 2551 808 2583 ὃ
838 2527 879 2582 ἐν
905 2547 948 2594 τῇ
975 2547 1121 2594 γενικῇ.
1170 2546 1277 2582 Adde
1304 2527 1521 2582 013111.ᾏο
1543 2545 1609 2581 Ox.
1636 2546 1652 2580 I
1678 2550 1736 2590 30,

195 2600 250 2634 16.
302 2596 477 2632 Ceterum
515 2596 588 2630 huc
623 2593 790 2630 referunt
818 2583 997 2641 Hesychii
1028 2595 1212 2640 glossam.
1246 2595 1390 2630 Kt'nmv·
1424 2591 1444 2630 6
1478 2595 1606 2629 Κίκων
1637 2590 1736 2639 Ἀμυ-

191 2641 340 2685 θάονος
364 2637 422 2689 ἦν,
450 2640 565 2679 οὐδὲν
591 2644 716 2678 αἴσιον
749 2643 1016 2688 προθεσπίζων
1049 2641 1311 2678 Schneidewin
1343 2644 1382 2677 et
1412 2641 1601 2686 Meineke,
1634 2642 1736 2676 recte

192 2694 236 2727 ut
259 2691 421 2737 videtur,
448 2692 513 2727 sed
538 2702 613 2726 non
640 2691 750 2727 credo
775 2690 815 2726 in
838 2690 898 2726 his
923 2690 1040 2736 ipsius
1061 2689 1309 2747 Hipponactis
1328 2701 1476 2726 versum
1503 2689 1737 2733 delitescere,

193 2740 299 2776 velut
334 2739 449 2775 Brink
488 2738 637 2785 scripsit
673 2739 801 2775 Κίκων
837 2734 925 2774 δ’.
947 2767 955 2775 .
977 2765 984 2773 .
1023 2736 1161 2795 καύης,
1200 2738 1419 2796 προσῆλθεν
1458 2735 1574 2773 οὐδὲν
1610 2738 1735 2772 αἴσιον

184 2788 472 2833 προθεσπίζων,
498 2789 537 2823 et
562 2787 680 2823 multo
707 2785 872 2822 deterius
898 2786 1072 2831 Hartung
1095 2782 1328 2831 Ἀμυθάονος
1352 2790 1459 2831 παις,
1493 2786 1618 2821 αἴσιον
1644 2798 1735 2831 προ-

191 2836 386 2879 θεσπίζων
411 2836 540 2871 Κίκων
567 2832 586 2871 6
614 2836 726 2870 πανδ.
754 2832 789 2870 α”.
816 2848 850 2871 κ.

289 2893 777 2932 Fr.3.'1'zetz.chi1.x
808 2897 896 2929 378.
928 2892 1024 2939 Περὶ
1056 2890 1168 2940 ἐρίων
1199 2893 1381 2950 Κοραξῶν
1414 2890 1455 2930 ἐν
1494 2906 1653 2940 πρωτω
1685 2891 1734 2930 δε

194 2940 342 2990 ἰάμβῳ
363 2939 590 2986 Ιππῶναξ
611 2937 732 2982 οὕτως
750 2942 877 2987 εἴρηκε
898 2940 1020 2989 μέτρῳ
1040 2941 1170 2988 χωλῶν
1190 2939 1354 2989 ἰάμβων·
1382 2944 1483 2988 Κορ.
1505 2944 1580 2977 κτλ.
1624 2929 1732 2978 Haud

193 2991 324 3036 procul
350 2990 398 3026 ab
423 2991 496 3027 hoo
521 2991 604 3027 1000
630 2989 796 3026 abfuisse
822 2988 973 3025 videtur
996 2978 1041 3026 fr.
1068 2993 1125 3026 65.
