1890 3216
784 154 1140 195 ARCHILOGHUS.
1646 117 1729 202 3⁶91

855 268 924 312 28.
958 268 1065 323 [17.]

266 351 381 406 Οίην
414 349 662 406 Λυκάμβεω
694 352 833 395 παῖδα
867 348 951 408 τὴν
982 347 1242 409 ὑπερτέρην.

819 470 887 514 29.
922 472 980 525 [7.
1014 471 1099 525 13.]

251 562 451 623 ’Ἑχουσα
482 562 659 610 θαλλὸν
691 568 912 623 μυρσίνης
943 564 1145 623 ἐτέρπετο

264 638 403 695 ῥοδῆς
433 653 479 681 τε
508 635 649 682 καλὸν
682 635 847 693 ἄνθος,
879 634 907 695 ἡ
941 637 994 682 δέ
1023 638 1069 681 οἰ
1097 636 1213 694 κόμη

263 707 414 767 ὤμους
443 711 694 762 κατεσκίαζε
724 708 799 753 καὶ
831 708 1098 767 μετάφρενα.

854 829 922 873 30.
958 828 1060 888 [12]

616 910 966 970 Ἐσμυρισμένας
995 910 1138 969 κόμας

206 996 212 999 ’
261 985 335 1030 καὶ
366 987 556 1043 στῆθος,
589 981 649 1037 ὥς
680 981 738 1029 ἂν
768 983 843 1028 καὶ
874 984 1020 1042 γέρων
1050 982 1292 1042 ἠράσσατο.

188 1169 263 1203 κτλ.
291 1185 334 1192 -
362 1164 407 1201 V.
430 1168 461 1200 1.
488 1161 576 1205 τοὺς
601 1161 671 1210 μὲν
698 1161 854 1208 αἰτίους,
880 1162 915 1197 N
940 1175 1028 1204 τους
1053 1175 1123 1209 μεν
1149 1174 1276 1208 σιτοις,
1303 1161 1387 1198 edd.
1414 1163 1506 1199 vett.
1532 1161 1620 1204 τοὺς
1673 1176 1728 1198 αι-

186 1214 308 1259 τίους,
342 1212 443 1249 unde
467 1213 683 1259 μεταιτίους
707 1211 799 1247 olim
831 1210 984 1246 conieci.
1019 1231 1063 1236 ——
1102 1210 1146 1247 V.
1173 1215 1206 1247 2.
1240 1222 1397 1256 σημαινε
1426 1209 1461 1244 N
1486 1212 1525 1246 et
1550 1210 1606 1247 ed.
1684 1211 1732 1256 d.,

188 1260 383 1298 CHMAIN
407 1260 577 1305 BP2GR,
612 1259 776 1307 σημαίνῃ
802 1259 847 1304 D,
879 1256 1045 1305 πήμαινε
1073 1259 1154 1294 edd.
1181 1259 1273 1295 vett.
1300 1278 1344 1284 —
1379 1256 1498 1302 σφέας
1522 1259 1593 1304 P2,
1630 1259 1731 1304 quod

188 1307 450 1346 Schneidewin
469 1307 647 1353 coniecit,
673 1307 787 1353 vulgo
813 1318 914 1351 σφας
932 1306 995 1342 vel
1014 1307 1123 1352 σφᾶς.
1145 1327 1188 1331 -
1217 1302 1334 1351 ὄλλυ’,
1362 1302 1489 1341 ὄλλυσ’
1509 1307 1574 1350 Pl,
1602 1317 1674 1344 om.
1693 1307 1728 1344 S.

186 1357 413 1401 Verborum,
445 1367 541 1401 quae
573 1355 613 1391 in
637 1352 717 1391 νύω
744 1354 899 1400 cadunt,
933 1354 1076 1390 formae
1109 1365 1203 1400 quas
1235 1353 1377 1400 excipit
1400 1354 1530 1390 littera
1556 1359 1593 1399 ἓ,
1625 1354 1732 1391 velut

188 1401 315 1451 ὅλλυε,
354 1400 554 1451 ὄλλύεμεν,
593 1400 743 1439 ὀλλύετε
779 1402 903 1438 minus
934 1401 1114 1447 usitatae,
1153 1401 1255 1448 apud
1285 1401 1504 1446 Euripidem
1536 1401 1633 1439 Med.
1661 1406 1730 1438 746

188 1450 307 1500 ὄμνυς
325 1463 394 1499 pro
413 1448 510 1499 ὄμνυ
537 1451 763 1488 auctoritaie
790 1451 903 1493 caret,
930 1461 953 1485 a
981 1451 1032 1485 ud
1058 1449 1263 1486 Sizobaeum
1282 1448 1333 1484 VI
1354 1453 1400 1485 30
1426 1449 1526 1494 quod
1551 1449 1591 1485 in
1610 1450 1730 1486 Phoe-

188 1500 336 1537 nioidae
361 1500 530 1536 versibus
555 1498 707 1545 scripsit
732 1496 908 1534 Gaisford
962 1495 1109 1533 δείκνυ’
1137 1499 1180 1533 ut
1209 1497 1356 1533 hiatum
1391 1493 1542 1533 ἐδείκνυ
1569 1493 1649 1544 ἅμα
1675 1510 1731 1534 re-

188 1549 368 1592 moveret,
385 1547 691 1595 improbandum3
718 1546 815 1582 corri
843 1557 884 1582 as
906 1544 1035 1605 &leym
1057 1542 1208 1581 ἐδείκνυ
1228 1542 1273 1581 θ’
1295 1541 1323 1580 οἵ
1329 1557 1388 1591 μα
1412 1543 1532 1590 λέγων
1551 1542 1597 1581 τὰ
1617 1542 1731 1591 τραύ-

187 1558 961 1686 ffiddffidfffhffismssfflassfissffkffi32²3
973 1592 1574 1677 :zsspffgffi’efflssfflefflffssssss’
1598 1604 1730 1677 ἓῖἓίἲζ

186 1692 288 1740 apud
306 1691 574 1738 Epicharmum
601 1687 726 1737 ὤμνυε
753 1691 793 1726 et
817 1691 968 1726 δείκνυε
995 1653 1198 1735 ἔξωροι-αδ.)
1230 1654 1425 1735 leguntssn
1457 1688 1550 1724 item
1604 1669 1731 1725 abrius'

188 1744 246 1785 50,
272 1745 294 1776 6
320 1735 441 1786 ὦμνυ’
469 1736 493 1784 ἡ
520 1735 558 1775 δ’
588 1739 627 1775 ei}
649 1738 700 1775 ib.
726 1751 761 1775 v.
789 1741 834 1774 10
861 1734 1029 1774 ἐδείκνυ’
1059 1730 1104 1773 οὗ
1130 1735 1292 1783 scripsit.
1331 1757 1375 1762 —
1415 1733 1539 1782 ὥσπερ
1573 1732 1730 1783 ὀλλύεις,

186 1788 360 1835 Hartnng
385 1784 436 1829 ὡς
460 1784 671 1824 ἀπολλύων.

283 1835 343 1872 Fr.
369 1832 426 1872 ¹28.
474 1834 599 1871 Schol.
624 1834 735 1870 Hom.
760 1834 802 1870 Π.
829 1836 849 1870 λ
870 1837 956 1870 ⁷86:
987 1830 1033 1868 Ἡ
1057 1832 1190 1878 διπλῆ,
1216 1827 1275 1868 ὅτι
1296 1829 1546 1878 Ἀρχίλοχος
1571 1828 1730 1878 ὑπερτέ-

187 1896 260 1930 ραν
284 1879 354 1930 τὴν
379 1881 570 1929 νεωτέραν
597 1879 769 1926 ἐδέξατο’
798 1882 912 1927 Οἴην
939 1884 1015 1917 κτλ.
1041 1877 1128 1916 ἀντὶ
1153 1881 1220 1916 τοῦ
1252 1877 1333 1926 τὴν
1369 1878 1612 1926 νεωτέραν.
1657 1884 1730 1916 Λυ-

187 1929 342 1981 κάμβεω
368 1930 550 1977 Elmsley‚
576 1930 690 1977 vulgo
716 1926 949 1979 Λυκάμβεος.

283 1979 343 2015 Fr.
369 1982 426 2016 29.
478 1978 661 2015 Coniunxi
691 1978 765 2014 duo
795 1977 930 2032 fragm.
961 1977 1002 2012 in
1033 1988 1168 2023 unum,
1201 1987 1298 2022 quae
1323 1976 1370 2012 de
1395 1975 1567 2012 Neobule
1601 1977 1730 2022 aperte

188 2027 291 2063 dicta
315 2027 419 2063 sunia:
471 2026 548 2062 rius
568 2025 679 2063 affert
698 2027 919 2062 Ammomus
939 2037 974 2071 p.
992 2028 1076 2060 123:
1098 2020 1231 2060 Ῥόδον
1257 2023 1322 2059 καὶ
1348 2020 1514 2070 ᾇοδωνιά
1542 2022 1608 2058 καὶ
1633 2020 1726 2080 ῥόδῆ

188 2072 389 2121 διαφέρειῆ
416 2071 533 2121 &osona
565 2072 636 2120 μὲν
666 2070 739 2120 γὰρ
771 2070 814 2110 τὸ
847 2069 987 2119 ἄνθος,
1020 2068 1186 2118 ροδωνιὰ
1214 2070 1256 2107 δὲ
1282 2068 1302 2107 ὃ
1330 2068 1462 2117 τόπος,
1497 2068 1591 2116 ᾇοδῆ
1617 2069 1660 2107 δὲ
1686 2084 1729 2106 το

189 2118 324 2168 φυτόν.
358 2118 578 2168 Ἀρχίλοχος·
600 2119 738 2167 ἔχουσα
758 2150 767 2159 .
784 2149 814 2158 ..
836 2117 969 2162 ἄνθος.
1008 2119 1115 2155 Adde
1135 2119 1291 2155 Philem.
1312 2131 1348 2165 p.
1370 2123 1416 2155 63
1437 2120 1476 2155 ot
1493 2117 1729 2165 Moschopul.

189 2170 255 2207 ubi
280 2166 468 2216 «ἐφείπετο
498 2180 568 2216 pro
601 2166 778 2215 ἐτέρπετο
809 2168 965 2216 legitur,
998 2170 1037 2204 et
1067 2167 1239 2204 Favorin.
1267 2179 1301 2203 v.
1338 2164 1463 2212 ’όδον,
1499 2166 1731 2202 Bachmanni

188 2217 258 2254 An.
278 2217 314 2253 Π
333 2221 403 2254 379
434 2216 501 2254 ubi
528 2213 719 2263 ἐφείπετο.
740 2237 783 2243 -—
810 2216 854 2253 V.
878 2220 896 2252 1
925 2215 1036 2252 affert
1054 2214 1171 2251 etiam
1190 2214 1315 2252 Schol.
1366 2215 1488 2250 heocr.
1508 2213 1561 2250 IV
1580 2218 1626 2250 45
1652 2213 1732 2258 (ubi

191 2265 297 2303 codd.
323 2266 475 2325 praebet
498 2265 533 2301 Κ
557 2265 728 2311 μυρίνης)
755 2265 794 2300 et
817 2264 941 2310 Etym.
967 2263 1017 2299 Μ.
1043 2267 1125 2308 441,
1150 2266 1207 2299 49.
1243 2283 1287 2288 -
1321 2262 1363 2298 V.
1391 2266 1412 2298 2
1439 2261 1590 2298 inikium
1615 2259 1731 2307 ῥοδῆς

191 2327 230 2350 τε
257 2327 291 2351 κ.
319 2326 355 2349 α.
382 2313 519 2349 Athen.
545 2312 580 2347 11
605 2315 650 2348 52
667 2312 696 2348 F
729 2313 768 2348 et
792 2311 896 2347 Euat.
923 2310 990 2347 od.
1020 2314 1130 2355 1963,
1155 2314 1201 2346 49
1237 2309 1316 2357 (ubi
1334 2323 1380 2346 τε
1408 2312 1507 2355 om.).
1559 2308 1731 2345 Ceterum

194 2361 455 2398 Schneidewin
480 2358 626 2406 ἆοδέης.
657 2381 700 2386 -
733 2359 924 2396 Posterius
948 2357 992 2394 fr.
1020 2358 1130 2395 affert
1155 2358 1283 2404 Synes.
1303 2357 1418 2394 Laud.
1440 2356 1543 2394 Calv.
1567 2370 1601 2404 p.
1623 2360 1668 2393 75
1682 2357 1729 2392 B:

191 2409 256 2446 καὶ
294 2406 314 2445 ὁ
354 2406 548 2449 κάλλιστος
586 2407 752 2454 ποιητῶν
782 2404 945 2453 Ἀρχίλο
982 2420 1029 2448 ος
1066 2403 1271 2447 ἐπαινέσας
1308 2403 1429 2451 αὐτὴν
1466 2403 1549 2452 (τὴν
1581 2402 1731 2463 κόμην),

192 2454 350 2494 ἐπαινεῖ
364 2454 434 2504 μὲν
453 2449 573 2492 οὖσαν
599 2455 771 2500 (fortasse
793 2451 844 2496 ὡς
863 2451 926 2500 ἂν)
952 2419 995 2492 ἐν
1021 2451 1209 2500 ἑταίρας
1234 2450 1388 2500 σώματι,
1407 2451 1510 2499 λέγει
1528 2450 1571 2488 δὲ
1593 2464 1729 2493 ουτως·

185 2501 233 2541 Ἡ
256 2503 304 2541 δέ
330 2507 406 2542 κτλ.
432 2525 476 2531 -
504 2504 548 2540 V.
575 2507 608 2539 3.
635 2503 856 2546 κατεσκίαζε
883 2502 1051 2548 Bentley,
1076 2502 1191 2549 vulgo
1218 2498 1472 2544 κατασκιάζει.
1516 2500 1572 2535 Ex
1598 2500 1731 2535 eodem

191 2553 264 2590 hoc
289 2552 454 2589 carmine
478 2552 635 2588 fortasse
660 2550 834 2597 petitum,
859 2551 960 2596 quod
985 2549 1139 2586 Lucian.
1166 2550 1293 2585 Amor.
1320 2560 1350 2585 c.
1371 2552 1392 2584 3
1419 2547 1624 2606 significat:
1652 2545 1729 2582 ἴλα-

191 2600 256 2646 ραὶ
287 2599 358 2648 μὲν
389 2600 463 2636 τῶν
489 2596 669 2646 ὀμμάτων
695 2596 740 2634 αἴ
763 2597 871 2646 βολαὶ
900 2597 1068 2644 τακερῶς
1099 2593 1392 2643 ἇνυγραίνοντο,
1429 2609 1497 2641 την
1529 2591 1663 2640 φωνὴν
1689 2591 1725 2630 δ’

191 2649 276 2695 ἴσην
302 2649 346 2696 τῇ
372 2644 579 2694 Αυκᾶμβου
605 2649 658 2682 &v
685 2646 770 2691 ατρὶ
794 2642 931 2682 λεπτὸν
956 2642 1179 2706 «ἐφηδύνων.

287 2697 347 2733 Fr.
374 2700 430 2733 30.
474 2695 610 2731 Aizhen.
674 2694 706 2729 V
733 2693 861 2730 6880:
887 2693 952 2729 καὶ
977 2692 1142 2739 αλλαχοῦ
1168 2688 1207 2727 δ’
1235 2687 1465 2738 (Ἀρχίλοχος)
1492 2688 1583 2735 ἔφη·
1615 2685 1729 2736 Ἐσμ.

191 2747 268 2781 κτλ.
289 2764 334 2770 -
358 2744 404 2780 V.
427 2748 458 2780 1.
485 2739 774 2790 ἐσμυρισμένας,
800 2741 830 2776 Β
849 2739 1089 2787 μυριχμένας,
1115 2731 1326 2776 Ἧαξοίίὠᾶ
1353 2735 1617 2784 ἐσμυρισμένη,
1641 2737 1728 2774 fort.

193 2788 546 2839 ἐσμυριγμέναι,
578 2789 673 2826 conf.
699 2789 880 2835 Hesych.:
914 2786 1198 2835 ἔσμυριγμέναι,
1226 2784 1509 2833 μεμυρισμέναι.
1542 2805 1590 2811 -
1626 2784 1668 2822 V.
1696 2789 1729 2823 2.

191 2835 400 2885 ἠράσσατο,
432 2839 581 2876 Renner
604 2835 788 2884 ἠρήσατο,
821 2835 883 2872 cui
905 2847 981 2872 non
1005 2834 1358 2882 obtemperandum
1389 2845 1479 2870 nam
1504 2832 1657 2869 Lucian.
1684 2832 1731 2869 de

193 2887 265 2942 dea.
283 2887 393 2971 Sfyria
411 2898 441 2923 c.
459 2890 502 2924 17
528 2886 560 2923 si
585 2882 765 2932 ἠρήσατο,
790 2895 859 2920 nec
878 2880 1045 2931 ἠράσατο
1065 2882 1224 2929 scripsit,
1249 2893 1384 2929 parum
1409 2880 1576 2927 locuples
1601 2882 1731 2917 auctor

194 2945 273 2971 ems
315 2945 452 2972 ormae.
