1890 3216
906 799 981 843 VI.
1648 808 1717 842 790

652 930 1240 981 HERMIPPUS.

755 1074 1145 1121 TPIMETP-A.

934 1177 970 1219 1.

293 1276 424 1317 Schol.
445 1276 571 1316 Arist.
591 1277 697 1316 Plut.
722 1278 826 1316 701:
858 1273 942 1315 ἐπεὶ
967 1274 1033 1315 καὶ
1051 1271 1278 1328 ’Ἕρμιππος
1305 1274 1348 1315 ἕν
1373 1278 1425 1332 τῷ
1451 1271 1593 1330 πρώτῳ
1621 1269 1716 1328 (om.

173 1339 293 1397 Ven.)
325 1339 480 1399 ἰάμβῳ
501 1344 592 1382 τῶν
612 1341 878 1395 τριμέτρων
896 1339 1137 1396 Ἀσκληπιοῦ
1157 1340 1221 1381 καὶ
1242 1342 1472 1394 Λαμπετίας
1490 1343 1559 1393 τῆς
1577 1336 1717 1381 Ἡλίου

175 1404 445 1462 (Λαμπετείας
475 1410 545 1449 τοῦ
572 1404 691 1448 Ἰλίου
722 1405 842 1462 Ven.)
881 1407 981 1463 λέγει
1019 1404 1223 1461 Μαχάονα
1254 1406 1321 1447 καὶ
1358 1407 1622 1459 Ποδαλείριον
1651 1405 1718 1446 καὶ

169 1469 283 1515 Ἰασὼ
314 1472 381 1514 καὶ
411 1470 646 1514 Πανάκειαν
676 1473 742 1514 καὶ
774 1475 928 1529 Αἴγλην
959 1470 1168 1526 νεωτάτην.

926 1629 966 1670 2.

272 1721 362 1776 Τὰς
394 1724 681 1781 λευκερίνεως
713 1721 763 1767 δὲ
795 1722 929 1780 χωρὶς
961 1721 1157 1780 ἰσχάδας.

186 1674 209 1682 l

930 1879 968 1922 3.

295 1978 426 2019 Schol.
451 1979 576 2018 Arist.
605 1978 679 2018 Av.
709 1980 843 2018 1150:
875 1974 896 2019 ὁ
929 1976 972 2018 δὲ
1004 1972 1258 2031 ὑπαγωγεύς,
1291 1973 1344 2024 ὥς
1374 1991 1494 2026 τινες,
1526 1976 1719 2029 σιδηροῦν

176 2058 212 2082 τι
243 2039 331 2084 οἷον
362 2043 564 2094 πτυΐδιον,
604 2036 634 2099 ᾧ
666 2046 833 2096 χρῶνται
871 2044 913 2084 οἶ
945 2044 1134 2084 κονιαταί.
1186 2043 1227 2083 οἰ
1255 2039 1299 2081 δὲ
1331 2040 1531 2094 ἐργαλεῖον
1562 2042 1717 2082 οἰκοδο-

177 2104 314 2160 μικόν,
346 2101 377 2164 ᾧ
408 2103 690 2149 ἀπευθύνουσι
720 2105 789 2157 τὰς
820 2109 1018 2157 πλίνθους
1048 2105 1147 2160 πρὸς
1184 2104 1372 2159 ἀλλήλας·
1410 2103 1511 2154 τινὲς
1548 2104 1591 2146 δὲ
1623 2103 1718 2147 αὐτὸ

175 2169 426 2225 παρᾶξυστον
469 2176 675 2214 καλοῦσιν·
719 2174 755 2214 εἰ
797 2170 849 2226 μὴ
887 2171 965 2226 ἄρα
1003 2169 1133 2225 πηλόν
1170 2189 1258 2213 τινα
1294 2169 1503 2226 ὑπογωγέα
1539 2175 1719 2212 καλοῦσι·

176 2241 357 2279 τοιοῦτον
387 2235 462 2292 γάρ
493 2254 527 2278 τι
552 2236 780 2292 ’Έρμιππος
811 2238 854 2279 ἕν
884 2243 966 2287 τοῖς
1009 2236 1291 2291 Τριμέτροις
1328 2237 1541 2290 ἐμφανίζει.
1603 2239 1718 2290 Ipsos

177 2317 319 2344 versus
351 2305 529 2345 servavit
561 2305 670 2345 Suid.
702 2320 738 2346 v.
770 2300 1022 2358 ὑπαγωγεύς·
1056 2335 1064 2344 .
1092 2336 1100 2344 .
1130 2334 1138 2343 .
1170 2303 1213 2344 οἱ
1235 2302 1278 2344 δὲ
1302 2300 1432 2356 πηλόν
1455 2320 1555 2354 τινα,
1581 2302 1719 2354 καθὼς

178 2369 245 2411 καὶ
264 2364 510 2422 ’Ἕρμιππος
536 2367 701 2413 Ξύνεστι
726 2366 801 2424 γὰρ
821 2366 871 2422 δὴ
899 2367 1003 2424 (hoo.
1024 2370 1112 2409 add.
1132 2370 1298 2419 ABVE,
1324 2371 1446 2420 vulgo
1467 2367 1563 2423 om.)
1591 2370 1720 2426 δεσμῷ

102 2448 106 2453 ·
178 2433 251 2488 μὲν
281 2431 450 2477 οὖδενί·,
469 2438 568 2476 τοῖσι
599 2431 637 2475 δ’
674 2431 730 2490 (A
761 2439 842 2484 τοῖς
874 2431 938 2488 δ’)
976 2431 1227 2489 ’ὗπαγωγεῦσι
1257 2439 1338 2484 τοῖς
1375 2434 1518 2476 ἑαυτοῦ
1548 2433 1719 2488 τρόποις.

178 2503 288 2543 Forb.
321 2501 591 2541 scribendum:

393 2592 559 2639 Ξύνεστι
589 2592 664 2650 γὰρ
696 2592 752 2648 δὴ
786 2595 970 2651 δεσμίῳ
1003 2593 1074 2647 μὲν
1105 2592 1260 2647 οὐδενί,

394 2657 587 2714 μόνοισι
619 2657 659 2701 δ’
693 2656 948 2716 ὖπαγωγεῦσι
977 2665 1058 2709 τοῖς
1089 2657 1212 2702 αὑτοῦ
1242 2657 1412 2715 τρόποις.

276 2824 563 2870 Hermippus.
606 2824 710 2859 Fr.2.
750 2822 884 2860 Athen.
912 2824 964 2860 111
991 2823 1090 2860 760:
1117 2822 1367 2869 Λευκερινεός
1392 2822 1437 2860 δέ
1462 2838 1496 2860 τι
1517 2821 1620 2866 εἶδός
1639 2822 1717 2861 ἐστι

179 2872 307 2918 συκῆς,
338 2872 403 2908 καὶ
427 2873 515 2912 ἴσως
546 2867 642 2917 αὕτη
670 2868 770 2908 ἐστὶν
802 2868 826 2918 ἡ
852 2869 898 2907 τὰ
929 2869 1046 2908 λευκὰ
1073 2872 1171 2907 σῦκα
1197 2871 1378 2917 φέρουσα.
1405 2870 1652 2918 Μνημονεύει
1677 2870 1716 2908 δ’

180 2915 297 2965 αὐτῆς
314 2915 525 2966 ’Ἑρμιππος
550 2916 591 2955 ἐν
619 2916 782 2967 Ἰάμβοις
801 2915 935 2960 οὕτως·
962 2917 1028 2960 τὰς
1053 2918 1299 2964 λευκερινεὼς
1324 2918 1366 2955 δὲ
1394 2917 1476 2966 (τὰς
1495 2918 1537 2956 δὲ
1557 2923 1588 2957 λ.
1607 2918 1650 2956 δὲ
1670 2920 1716 2966 Β)

181 2980 212 3012 χ.
241 2965 264 3003 ἰ.
291 2987 334 2993 -
361 2968 607 3013 λευκερίνεως
631 2968 788 3003 accentu
814 2967 953 3004 reiecto
978 2967 1149 3003 Meineke
1176 2967 1278 3004 Com.
1306 2968 1321 3002 I
1347 2980 1382 3014 p.
1410 2971 1467 3003 97.
