1890 3216
193 149 278 191 136
721 146 914 183 ΡΟΕΤΑΕ
940 146 1179 201 ELEGIVACI.

293 255 596 313 Τεθνάμεναι,
628 257 729 310 φίλε
761 253 940 311 Κύρνε,
972 256 1164 313 πενιχρῷ
1198 253 1405 311 βέλτερον
1431 251 1583 311 ἀνδρί,

348 324 374 383 ἢ
409 325 534 380 ζώειν
565 327 730 382 χαλεπῇ
762 320 1022 382 τειρόμενον
1053 327 1193 382 πενίῃ.

195 481 296 517 Stob.
325 501 366 505 —-
395 479 575 524 χαλεπῆς,
609 479 750 524 χαλεπῆ
782 490 837 524 pr.
863 479 906 514 A.
934 499 978 503 —
1004 479 1049 513 V.
1077 482 1155 515 181.
1188 476 1423 524 τεθνάμεναι
1454 478 1502 522 Α,
1534 476 1722 514 τεθναναι

193 527 281 572 bcfg
284 539 335 570 m,
373 526 562 562 τεθνᾶναι
594 527 723 569 dehln,
761 525 799 560 in
827 525 856 560 O
883 537 987 561 evan.
1027 547 1070 552 ——
1111 525 1225 574 657.th
1256 526 1296 563 O.
1335 547 1379 552 -
1413 527 1456 563 V.
1492 531 1568 563 182.
1603 523 1722 571 ζώειν,

197 573 283 618 ζώει
308 575 333 610 1.
347 595 401 599 ·—-
434 573 478 608 V
507 577 704 609 183—186
736 573 775 618 ip
778 585 816 608 66
843 573 1022 608 Stobaeus
1053 572 1160 609 affert
1185 574 1283 608 LXX
1309 578 1348 609 9·
1376 572 1450 609 Θεό
1453 575 1596 619 γνιδος;
1622 573 1722 609 idem

195 634 283 658 vero
316 633 359 656 ex
393 621 639 679 Xenophonte
677 620 785 656 affert
816 624 1089 656 v.183-190
1120 620 1343 656 LXXXVIII
1377 625 1436 656 14:
1475 621 1724 666 Ξενοφῶντος

197 668 238 706 ἐκ
264 670 330 705 τοῦ
357 668 443 713 περὶ
477 666 690 713 Θεόγνιδος.
741 668 999 713 Xenophontis
1031 669 1091 703 1110
1116 669 1211 703 liber
1234 680 1417 713 nusquam
1447 668 1537 703 alibi
1565 680 1723 704 comme·

195 718 377 760 moratur
411 716 569 751 Heiland
601 716 790 751 existimat
819 715 917 750 hunc
949 715 1073 751 locum
1106 727 1150 750 ex
1181 716 1327 761 integro
1359 715 1475 751 etiam
1506 717 1594 751 tunc
1629 712 1722 751 ἄπο-

199 777 520 810 μνημονευματων
547 774 673 821 opere5
684 764 847 808 petitum
871 774 967 806 esse,
1000 774 1070 807 ego
1103 763 1269 808 suspicor
1294 763 1472 818 scriptum
1505 763 1594 798 olim
1627 774 1723 799 esse:

200 812 450 856 Ξενοφῶντος
474 822 497 846 *
522 822 544 845 20<
570 823 592 846 ³0<
618 821 640 846 *
662 808 979 850 Ἀντισθένους
1004 808 1046 846 ἐκ
1072 810 1140 845 τοῦ
1166 811 1253 855 περὶ
1275 808 1490 855 Θεόγνιδος,
1518 810 1725 846 cuiusmodi

198 870 338 895 errores
364 858 576 903 frequentes
601 858 640 893 in
667 858 844 900 8101066ος
873 858 998 893 confer
1016 858 1123 903 Diog.
1145 858 1267 893 Laert.
1288 857 1340 893 VI
1362 861 1415 901 15,
1443 857 1509 893 ubi
1533 857 1722 894 Antisthe-

197 907 253 942 nis
278 907 393 942 libros
418 907 601 941 recenset:
633 906 719 950 περὶ
752 903 995 962 δικαιοσύνης
1027 905 1091 940 καὶ
1109 902 1302 962 ἀνδρείας
1333 902 1602 950 προτρεπτικὸς
1625 906 1726 951 πρῶ-

197 967 270 994 τος
296 950 483 998 δεύτερος,
508 954 638 998 τρίτος,
664 953 750 999 περὶ
786 950 991 997 Θεόγνιδος
1017 951 1063 988 δ’.
1090 950 1132 997 ε’,
1163 952 1363 998 potuitque
1387 953 1630 988 Antisthenes
1661 964 1727 988 no-

198 1001 357 1037 bilitatis
383 1002 590 1036 contemtor
614 1001 707 1036 11660
733 1000 909 1043 scribere3
935 1011 1020 1035 nam
1048 981 1242 1036 continent
1264 1000 1360 1035 nihil
1381 1000 1456 1035 fere
1475 1000 1589 1044 aliud,
1598 1011 1727 1057 quam

199 1049 299 1105 quod
324 1048 540 1083 Antistheni
564 1048 754 1109 placuisse
782 1047 967 1092 Diogenes
994 1048 1044 1082 VI
1071 1051 1113 1082 11
1141 1047 1251 1083 dicit:
1286 1045 1512 1083 ἀπεδείκνυε
1545 1044 1633 1088 τοὺς
1658 1060 1727 1083 αυ-

199 1094 287 1137 zoin,-
321 1093 492 1140 εὐγενεῖς
523 1093 610 1136 τοὺς
641 1095 706 1130 καὶ
738 1093 949 1139 ἐναρέτους.
998 1095 1093 1130 Utut
1124 1096 1196 1137 est,
1229 1107 1251 1130 a
1283 1094 1473 1130 Socratico
1503 1095 1728 1154 philosopho

199 1145 292 1179 11660
317 1143 487 1189 profecta
513 1154 592 1178 esse
619 1143 784 1200 apparet
818 1142 1014 1201 Leguntur
1039 1144 1165 1177 autem
1185 1122 1238 1177 ibi
1257 1138 1603 1199 11660;Θεόγνιδός
1629 1139 1729 1178 ἔστιν
1774 1146 1776 1148 ’

202 1190 272 1236 ἔπη
298 1191 365 1226 τοῦ
392 1189 615 1247 Μεγαρέως·
644 1184 766 1230 Οὗτος
791 1188 832 1224 δὲ
860 1186 879 1225 ὁ
910 1186 1065 1246 ποιητὴς
1086 1189 1176 1246 περὶ
1208 1187 1365 1230 οὐδενὸς
1390 1187 1502 1230 α”λλου
1528 1186 1640 1234 λόγον
1665 1202 1729 1225 πε-

201 1239 366 1284 ποίηται,
392 1234 414 1283 ἢ
441 1238 527 1293 περὶ
552 1234 687 1282 ἀρετῆς
712 1238 777 1272 καὶ
802 1237 937 1277 κακίας
962 1233 1179 1281 ἀνθρώπων
1205 1236 1269 1272 καὶ
1297 1235 1396 1272 ε’στιν
1421 1233 1444 1281 ἡ
1471 1237 1618 1291 ποίησις
1643 1235 1729 1282 σύγ·

200 1299 352 1332 γραμμα
383 1285 470 1328 περὶ
504 1281 737 1342 ἀνθρώπων,
771 1281 893 1328 ῶσπερ
926 1285 1048 1325 εἴτις
1080 1282 1233 1324 ἱππικὸς
1267 1280 1319 1319 ὢν
1355 1282 1609 1342 συγγράψειεν
1644 1284 1730 1329 περὶ

202 1333 366 1390 ἴππικῆς.
413 1331 460 1367 H
482 1326 550 1367 οὖν
588 1330 712 1390 ἀρχή
733 1346 796 1378 μοι
822 1333 934 1367 δοκεῖ
957 1332 1022 1375 τῆς
1052 1329 1238 1389 ποιήσεως
1268 1330 1394 1389 ὀρθῶς
1426 1330 1542 1376 ε’χειν·
1573 1328 1732 1389 ἄρχεται

201 1378 273 1438 γὰρ
299 1381 446 1424 πρῶτον
472 1377 548 1415 απὸ
575 1380 641 1415 τοῦ
670 1373 713 1415 εὖ
739 1378 939 1431 γενέσθαι·
967 1377 1066 1435 ᾤετο
1091 1377 1179 1435 γὰρ
1190 1376 1275 1414 οὔτε
1311 1376 1518 1437 ἄνθρωπον
1544 1391 1629 1414 ουτε
1659 1379 1731 1414 τῶν

203 1426 322 1464 ἄλλων
351 1425 465 1462 οὗδεν
491 1423 539 1461 ἂν
565 1423 718 1472 αγαθόν
746 1431 855 1468 εἰναι,
877 1426 913 1461 εί
931 1426 979 1471 μὴ
1000 1424 1045 1461 τὰ
1066 1424 1296 1471 γεννήσοντα
1316 1423 1449 1483 ἀγαθὰ
1471 1427 1540 1471 εἴη.
1573 1423 1731 1469 ’Ἑδοξεν

204 1471 272 1512 οὖν
299 1472 400 1522 αὐτῷ
428 1476 708 1532 παραδείγμασι
733 1479 811 1514 τοῖς
837 1471 961 1514 ἄλλοις
987 1471 1093 1516 ζώοις
1118 1472 1341 1530 χρήσασθαι,
1367 1471 1437 1509 ὅσα
1443 1472 1512 1529 μὴ
1540 1472 1622 1518 εἰκῆ
1649 1472 1731 1518 τρέ-

204 1536 328 1568 φεται,
348 1519 442 1558 αλλα
464 1519 556 1567 μετὰ
577 1521 708 1567 τέχνης
729 1521 867 1557 ε’καστα
887 1519 1158 1565 θεραπεύεται,
1177 1517 1279 1561 ὅπως
1298 1518 1548 1566 γενναιότατα
1570 1519 1734 1556 ἔσονται.

205 1573 326 1616 Δηλοῖ
346 1567 384 1606 δ’
413 1584 454 1606 εν
488 1571 609 1605 τοισδε
642 1583 719 1610 τοις
751 1568 895 1605 ἔπεσιν
930 1566 1135 1614 Κριοὺς
1187 1568 1364 1614 ,γένος
1418 1569 1549 1603 Ταῦτα
1581 1565 1627 1603 τὰ
1661 1566 1732 1624 ἔπη

203 1617 304 1664 λέγει
329 1614 417 1674 τούς
442 1613 672 1660 ἀνθρώπους
697 1613 767 1652 οὐκ
795 1614 1023 1652 ἐπίστασθαι
1047 1595 1164 1659 (adde.
1191 1612 1354 1661 ὀρθῶς)
1388 1615 1527 1673 γεννᾶν
1557 1612 1595 1658 ἐξ
1622 1613 1732 1660 οἷλλή-

204 1670 290 1721 λων,
316 1679 414 1700 κατα
441 1666 641 1719 γίγνεσθαι
665 1661 706 1699 τὸ
740 1663 850 1709 γένος
883 1664 958 1698 τῶν
990 1660 1207 1707 ἀνθρώπων
1238 1662 1373 1698 κάκιον
1405 1660 1467 1698 ἀεὶ
1502 1660 1736 1722 μιγνύμενον

204 1711 245 1748 τὸ
283 1717 408 1758 χεῖρον
440 1713 489 1759 τῷ
523 1712 682 1756 βελτίονι
714 1713 797 1771 (scr.
825 1710 1115 1766 μιγνυμένου
1138 1711 1218 1746 τοῦ
1251 1712 1460 1767 χείρονος
1491 1711 1540 1757 τῷ
1576 1712 1633 1757 β..)
1686 1708 1736 1746 Οἵ

206 1761 247 1797 δε
274 1759 403 1796 πολλοὶ
430 1749 475 1796 ἐκ
499 1758 642 1794 τούτων
668 1759 741 1793 τῶν
769 1756 868 1794 ἐπῶν
902 1759 1047 1793 οἴονται
1078 1755 1145 1794 τὸν
1178 1756 1336 1803 ποιητὴν
1369 1746 1733 1815 πολυπραγμοσύνην

206 1811 290 1853 (601.
317 1803 737 1852 φιλοχρημοσύνην)
770 1806 844 1840 τῶν
870 1803 1084 1846 ανθρώπων
1110 1810 1351 1861 κατηγορεῖν,
1383 1804 1448 1840 καὶ
1480 1802 1566 1839 ἀντὶ
1591 1817 1733 1849 χρημα-

204 1869 278 1891 των
305 1853 484 1913 αγὲνειαν
510 1854 574 1889 καὶ
601 1855 739 1888 κακίαν
766 1850 1174 1888 αντικαταλλαττεσθαι
1208 1850 1356 1893 εἰδότας
1389 1852 1603 1897 (legendum
1629 1852 1733 1887 vide-

205 1906 266 1938 tur
292 1900 342 1943 ῶς
366 1899 449 1937 αντὶ
475 1915 528 1947 χρ
556 1898 590 1936 οἳ
614 1915 646 1936 κ.
668 1914 700 1936 κ.
722 1897 1133 1936 ἆντικαταλλαττεσθαι
1153 1897 1422 1944 εἰωθώτων),
1450 1897 1533 1945 ἐμοὶ
1559 1897 1599 1934 δὲ
1628 1900 1741 1934 δοκει

207 1948 366 2005 ἄγνοιαν
392 1953 616 1994 κατηγορεῖν
642 1948 727 1991 περὶ
752 1946 818 1983 τὸν
845 1945 971 1983 αὐτῶν
999 1949 1090 1995 βίον.
1142 1948 1270 1992 Itaque
1298 1948 1389 1983 haec
1416 1948 1504 1982 erat
1519 1947 1642 1991 prima
1661 1947 1734 1982 ele—

207 1999 281 2044 gia,
308 2008 402 2051 quae
428 1997 602 2032 continuo
629 1996 840 2041 excipiebat
863 1996 1083 2040 prooemium
1109 1995 1220 2040 (unde
1247 1996 1303 2029 est
1327 2007 1360 2029 v
1383 1998 1548 2037 19—26).
1570 2015 1611 2019 —
1634 1994 1735 2029 Haec

209 2046 298 2081 olim
325 2044 464 2090 scripsi.
517 2046 546 2078 A
579 2043 826 2088 Xenophonte
861 2044 954 2078 haec
986 2042 1108 2077 aliena
1139 2053 1219 2077 esse
1251 2041 1508 2085 manifestum3
1540 2052 1659 2086 neque
1692 2052 1735 2076 ex

208 2093 407 2128 subditicio
443 2091 569 2136 aliquo
607 2091 703 2126 libro
735 2091 853 2136 petita
884 2101 964 2126 esse
996 2089 1189 2132 credibile,
1229 2089 1411 2134 siquidem
1452 2089 1517 2134 qui
1555 2087 1738 2124 eiusmodi

207 2140 336 2176 fraude
362 2138 419 2174 usi
445 2142 541 2183 sunt,
566 2138 606 2173 id
630 2138 707 2173 fere
733 2140 906 2184 egerunt,
939 2138 981 2172 ut
1011 2136 1148 2172 famam
1180 2137 1226 2171 de
1260 2137 1451 2172 simultate
1477 2136 1736 2181 Xenophontis

209 2200 292 2223 cum
318 2187 474 2222 Platone
501 2187 729 2221 exornarent.
782 2185 854 2220 Sed
885 2186 983 2229 quod
1010 2184 1222 2219 Antistheni
1248 2184 1420 2228 attribui,
1452 2183 1527 2218 iam
1559 2186 1734 2226 retracto,

209 2246 327 2280 neque
354 2235 451 2269 enim
478 2233 556 2268 61116
574 2233 754 2268 libroium
776 2197 914 2278 eelogiqs
933 2244 1019 2267 usus
1039 2234 1097 2266 est
1116 2231 1306 2267 Stobaeus
1359 2231 1517 2266 Omnino
1537 2212 1734 2275 inscriptio

207 2282 296 2318 libri
321 2281 407 2326 περὶ
434 2278 640 2326 Θεόγνιδος
666 2280 711 2315 de
743 2280 835 2315 vitio
868 2281 1060 2325 suspecta,
1091 2289 1226 2314 nomen
1262 2275 1486 2332 Θεόγνιδος,
1520 2289 1603 2312 011111
1634 2277 1737 2312 aliud

209 2329 433 2365 vocabulum
459 2328 720 2372 intercidisset,
746 2339 963 2387 perperam
966 2327 1143 2363 iteratum
1163 2337 1207 2361 ex
1225 2326 1407 2371 principio
1435 2326 1544 2360 huius
1571 2325 1737 2370 eclogae,

210 2378 338 2435 itaque
373 2376 467 2411 nihil
503 2377 687 2435 superstes
721 2375 791 2410 nisi
825 2373 866 2410 ἐκ
897 2375 964 2410 τοῦ
998 2374 1100 2418 περὶ,
1136 2373 1199 2409 sed
1231 2373 1476 2418 probabiliter
1507 2371 1737 2418 redintegres

211 2421 572 2469 (Ἀριστοτέλους)
600 2420 641 2458 ἐκ
667 2423 733 2458 τοῦ
759 2422 845 2466 περὶ
871 2419 1103 2468 (εὐγενείας).
1154 2421 1242 2456 Post
1268 2420 1524 2465 Xenophontis
1556 2420 1738 2465 eclogam,

211 2483 307 2517 quae
332 2470 524 2506 intercidit
557 2470 654 2515 (fort.
681 2469 821 2515 Agesil.
848 2482 878 2505 0.
906 2474 944 2512 1,
970 2471 1005 2513 2)
1037 2468 1191 2504 inseruit
1223 2468 1405 2503 Stobaeus
1437 2467 1560 2503 locum
1593 2478 1637 2503 ex
1667 2468 1739 2502 hoc

212 2518 428 2554 Aristotelio
455 2518 616 2562 dialogo,
643 2529 714 2561 quo
741 2528 828 2552 usus
855 2518 913 2552 est
935 2497 1156 2559 identidem,
1187 2526 1306 2559 neque
1341 2515 1544 2559 quidquam
1577 2513 1677 2549 inest
1700 2514 1739 2549 in

212 2567 283 2602 1160
320 2566 471 2610 ecloga,
508 2565 608 2608 quod
645 2564 846 2599 Aristotele
885 2564 933 2599 sit
962 2543 1174 2608 indignuni,
1206 2561 1426 2607 praesertim
1459 2563 1489 2596 si
1525 2561 1739 2597 memineris

213 2613 354 2659 dialogi
390 2613 609 2666 scriptorem
646 2612 769 2647 varias
807 2611 1134 2647 sermocinantium
1165 2610 1369 2645 sententias
1401 2609 1584 2645 exhibere.
1636 2608 1738 2651 Quae

213 2661 374 2696 Leutsch
399 2661 439 2695 in
464 2659 558 2695 Phil.
586 2663 642 2703 29,
670 2662 737 2694 519
759 2670 833 2703 seq.
860 2658 1071 2704 proposuit,
1084 2657 1342 2703 improbanda
1367 2658 1468 2691 sunt:
1496 2668 1583 2691 nam
1609 2666 1738 2709 quam-

213 2708 269 2744 vis
301 2709 339 2744 et
375 2708 453 2753 ipse
489 2708 559 2742 1100
593 2707 677 2742 loco
713 2705 923 2741 Aristotelis
961 2707 1128 2750 eclogam
1162 2705 1340 2740 insertam
1370 2703 1483 2739 fuisse
1521 2703 1738 2757 suspicetur,

214 2758 339 2791 tamen
354 2754 527 2800 plurima,
543 2765 646 2799 quae
656 2754 719 2788 hic
736 2754 921 2810 leguntur,
945 2752 1135 2788 Aristoteli
1153 2751 1342 2786 abiudicat
1356 2754 1394 2786 et
1407 2750 1553 2786 novicio
1567 2749 1741 2795 scriptori

216 2802 405 2839 attribuit·
440 2813 560 2846 neque
591 2802 692 2836 reete
724 2797 844 2857 αρχὴν
877 2802 941 2845 τῆς
971 2799 1157 2846 ποιήσεως
1189 2798 1377 2834 exordium
1409 2797 1551 2852 elegiae
1582 2797 1739 2832 alicuius

215 2851 493 2895 interpretatur,
518 2850 556 2884 id
582 2849 680 2894 quod
700 2861 908 2893 ποιηματος
927 2848 1002 2883 dici
1021 2848 1237 2893 oportebat:
1263 2856 1348 2880 nam
1363 2845 1495 2890 poesis,
1514 2845 1557 2879 ut
1575 2842 1740 2879 Lucilius

216 2898 455 2942 testificatur,
488 2902 546 2932 est
570 2907 661 2942 opus
686 2900 816 2940 totum,
848 2899 889 2931 ut
920 2899 995 2932 tota
1021 2896 1121 2930 Ilias
1145 2896 1255 2929 unast
1286 2891 1465 2933 σύνθεσις
1493 2895 1561 2927 aut
1591 2892 1739 2937 (patris)
