<?xml version="1.0" encoding="UTF-8"?>
<!DOCTYPE html PUBLIC "-//W3C//DTD XHTML 1.0 Transitional//EN"
    "http://www.w3.org/TR/xhtml1/DTD/xhtml1-transitional.dtd">
<html xmlns="http://www.w3.org/1999/xhtml" xml:lang="en" lang="en">
 <head>
  <title>
</title>
<meta http-equiv="Content-Type" content="text/html;charset=utf-8" />
  <meta name='ocr-system' content='tesseract 3.04.00' />
  <meta name='ocr-capabilities' content='ocr_page ocr_carea ocr_par ocr_line ocrx_word'/>
</head>
<body>
  <div class='ocr_page' id='page_1' title='image "./poetaelyricigrae02berguoft_0135.png"; bbox 0 0 1890 3216; ppageno 0'>
   <div class='ocr_carea' id='block_1_1' title="bbox 803 208 1696 253">
    <p class='ocr_par' dir='ltr' id='par_1_1' title="bbox 803 208 1696 253">
     <span class='ocr_line' id='line_1_1' title="bbox 803 208 1696 253; baseline 0.008 -7"><span class='ocrx_word' id='word_1_1' title='bbox 803 208 1003 246; x_wconf 78' lang='lat' dir='ltr'><strong>THEOGN</strong></span> <span class='ocrx_word' id='word_1_2' title='bbox 1007 210 1060 247; x_wconf 88' lang='lat' dir='ltr'><em>IS.</em></span> <span class='ocrx_word' id='word_1_3' title='bbox 1610 211 1696 253; x_wconf 80' lang='grc'>125</span> 
     </span>
    </p>
   </div>
   <div class='ocr_carea' id='block_1_2' title="bbox 39 316 1425 448">
    <p class='ocr_par' dir='ltr' id='par_1_2' title="bbox 39 316 1425 448">
     <span class='ocr_line' id='line_1_2' title="bbox 123 316 1425 382; baseline 0 -18"><span class='ocrx_word' id='word_1_4' title='bbox 123 380 133 382; x_wconf 58' lang='lat'>-</span> <span class='ocrx_word' id='word_1_5' title='bbox 227 317 451 374; x_wconf 65' lang='grc' dir='ltr'><em>ἆλλίλους</em></span> <span class='ocrx_word' id='word_1_6' title='bbox 482 316 523 362; x_wconf 92' lang='grc' dir='ltr'><em>δ’</em></span> <span class='ocrx_word' id='word_1_7' title='bbox 560 316 790 364; x_wconf 76' lang='grc' dir='ltr'><em>ἀπατῶσιν</em></span> <span class='ocrx_word' id='word_1_8' title='bbox 817 316 884 363; x_wconf 82' lang='grc' dir='ltr'><em>ἐπ’</em></span> <span class='ocrx_word' id='word_1_9' title='bbox 920 316 1157 376; x_wconf 78' lang='grc' dir='ltr'><em>ἀλλήλοισι</em></span> <span class='ocrx_word' id='word_1_10' title='bbox 1189 322 1425 376; x_wconf 77' lang='grc' dir='ltr'><strong><em>γελῶντες,</em></strong></span> 
     </span>
     <span class='ocr_line' id='line_1_3' title="bbox 39 388 1345 448; baseline -0.001 -11"><span class='ocrx_word' id='word_1_11' title='bbox 39 395 44 400; x_wconf 71' lang='grc'><em>’</em></span> <span class='ocrx_word' id='word_1_12' title='bbox 154 403 205 437; x_wconf 78' lang='grc'><em>60</em></span> <span class='ocrx_word' id='word_1_13' title='bbox 287 389 390 436; x_wconf 78' lang='grc' dir='ltr'><em>οὔτε</em></span> <span class='ocrx_word' id='word_1_14' title='bbox 421 392 572 435; x_wconf 83' lang='grc' dir='ltr'><em>κακῶν</em></span> <span class='ocrx_word' id='word_1_15' title='bbox 597 391 777 448; x_wconf 76' lang='grc' dir='ltr'><em>γνώμας</em></span> <span class='ocrx_word' id='word_1_16' title='bbox 809 390 978 443; x_wconf 82' lang='grc' dir='ltr'><em>εἰδότες</em></span> <span class='ocrx_word' id='word_1_17' title='bbox 1010 388 1105 436; x_wconf 79' lang='grc' dir='ltr'><em>οὔτ’</em></span> <span class='ocrx_word' id='word_1_18' title='bbox 1142 389 1345 448; x_wconf 75' lang='grc' dir='ltr'><em>ἀγαθῶν.</em></span> 
     </span>
    </p>
   </div>
   <div class='ocr_carea' id='block_1_3' title="bbox 155 534 1545 1100">
    <p class='ocr_par' dir='ltr' id='par_1_3' title="bbox 227 534 1456 666">
     <span class='ocr_line' id='line_1_4' title="bbox 227 534 1456 593; baseline 0.001 -13"><span class='ocrx_word' id='word_1_19' title='bbox 227 534 422 592; x_wconf 82' lang='grc' dir='ltr'><em>Μηδένα</em></span> <span class='ocrx_word' id='word_1_20' title='bbox 452 537 597 579; x_wconf 89' lang='grc' dir='ltr'><em>τῶνδε</em></span> <span class='ocrx_word' id='word_1_21' title='bbox 630 538 766 593; x_wconf 93' lang='grc' dir='ltr'><em>φίλον</em></span> <span class='ocrx_word' id='word_1_22' title='bbox 798 537 949 592; x_wconf 84' lang='grc' dir='ltr'><em>ποιεῦ,</em></span> <span class='ocrx_word' id='word_1_23' title='bbox 981 538 1273 593; x_wconf 84' lang='grc' dir='ltr'><em>Πολυπαΐδη,</em></span> <span class='ocrx_word' id='word_1_24' title='bbox 1306 534 1456 581; x_wconf 78' lang='grc' dir='ltr'><em>ἀστῶν</em></span> 
     </span>
     <span class='ocr_line' id='line_1_5' title="bbox 287 608 1168 666; baseline 0.001 -15"><span class='ocrx_word' id='word_1_25' title='bbox 287 608 335 652; x_wconf 82' lang='grc' dir='ltr'><em>ἐκ</em></span> <span class='ocrx_word' id='word_1_26' title='bbox 366 609 543 664; x_wconf 73' lang='grc' dir='ltr'><em>θυμοῦ,</em></span> <span class='ocrx_word' id='word_1_27' title='bbox 575 610 724 664; x_wconf 82' lang='grc' dir='ltr'><em>χρειής</em></span> <span class='ocrx_word' id='word_1_28' title='bbox 756 608 904 652; x_wconf 81' lang='grc' dir='ltr'><em>εἵνεκα</em></span> <span class='ocrx_word' id='word_1_29' title='bbox 935 610 1168 666; x_wconf 80' lang='grc' dir='ltr'><em>μηδεμιῆς·</em></span> 
     </span>
    </p>

    <p class='ocr_par' dir='ltr' id='par_1_4' title="bbox 226 676 1475 810">
     <span class='ocr_line' id='line_1_6' title="bbox 226 676 1475 737; baseline 0.001 -13"><span class='ocrx_word' id='word_1_30' title='bbox 226 676 341 724; x_wconf 73' lang='grc' dir='ltr'><em>ἄλλα</em></span> <span class='ocrx_word' id='word_1_31' title='bbox 376 677 498 723; x_wconf 85' lang='grc' dir='ltr'><em>δόκει</em></span> <span class='ocrx_word' id='word_1_32' title='bbox 531 677 613 736; x_wconf 73' lang='grc' dir='ltr'><em>μὲν</em></span> <span class='ocrx_word' id='word_1_33' title='bbox 645 682 783 723; x_wconf 83' lang='grc' dir='ltr'><em>πᾶσιν</em></span> <span class='ocrx_word' id='word_1_34' title='bbox 815 678 902 724; x_wconf 84' lang='grc' dir='ltr'><em>ἀπὸ</em></span> <span class='ocrx_word' id='word_1_35' title='bbox 935 679 1140 737; x_wconf 76' lang='grc' dir='ltr'><strong><em>γλώσσης</em></strong></span> <span class='ocrx_word' id='word_1_36' title='bbox 1172 684 1303 736; x_wconf 81' lang='grc' dir='ltr'><strong><em>φίλος</em></strong></span> <span class='ocrx_word' id='word_1_37' title='bbox 1336 678 1475 737; x_wconf 88' lang='grc' dir='ltr'><em>εἶναι,</em></span> 
     </span>
     <span class='ocr_line' id='line_1_7' title="bbox 286 750 1287 810; baseline 0.002 -15"><span class='ocrx_word' id='word_1_38' title='bbox 286 753 432 810; x_wconf 78' lang='grc' dir='ltr'><em>χρῆμα</em></span> <span class='ocrx_word' id='word_1_39' title='bbox 465 750 515 795; x_wconf 74' lang='grc' dir='ltr'><em>δὲ</em></span> <span class='ocrx_word' id='word_1_40' title='bbox 547 752 766 809; x_wconf 79' lang='grc' dir='ltr'><em>συμμίξῃς</em></span> <span class='ocrx_word' id='word_1_41' title='bbox 797 751 956 808; x_wconf 90' lang='grc' dir='ltr'><em>μηδενὶ</em></span> <span class='ocrx_word' id='word_1_42' title='bbox 988 750 1094 809; x_wconf 88' lang='grc' dir='ltr'><em>μηδ’</em></span> <span class='ocrx_word' id='word_1_43' title='bbox 1131 750 1287 797; x_wconf 78' lang='grc' dir='ltr'><em>ὁτιοῦν</em></span> 
     </span>
    </p>

    <p class='ocr_par' dir='ltr' id='par_1_5' title="bbox 155 821 1462 884">
     <span class='ocr_line' id='line_1_8' title="bbox 155 821 1462 884; baseline 0.001 -15"><span class='ocrx_word' id='word_1_44' title='bbox 155 835 201 869; x_wconf 83' lang='grc'><em>65</em></span> <span class='ocrx_word' id='word_1_45' title='bbox 228 826 496 869; x_wconf 80' lang='grc' dir='ltr'><em>σπουδαῖον·</em></span> <span class='ocrx_word' id='word_1_46' title='bbox 528 822 681 882; x_wconf 73' lang='grc' dir='ltr'><em>γνώσῃ</em></span> <span class='ocrx_word' id='word_1_47' title='bbox 714 821 800 881; x_wconf 77' lang='grc' dir='ltr'><em>γὰρ</em></span> <span class='ocrx_word' id='word_1_48' title='bbox 834 821 1027 881; x_wconf 78' lang='grc' dir='ltr'><em>ὀϊζυρῶν</em></span> <span class='ocrx_word' id='word_1_49' title='bbox 1060 824 1228 883; x_wconf 78' lang='grc' dir='ltr'><em>φρένας</em></span> <span class='ocrx_word' id='word_1_50' title='bbox 1259 822 1462 884; x_wconf 76' lang='grc' dir='ltr'><em>ἀνδρῶν,</em></span> 
     </span>
    </p>

    <p class='ocr_par' dir='ltr' id='par_1_6' title="bbox 287 892 1348 953">
     <span class='ocr_line' id='line_1_9' title="bbox 287 892 1348 953; baseline -0.002 -12"><span class='ocrx_word' id='word_1_51' title='bbox 287 893 347 949; x_wconf 77' lang='grc' dir='ltr'><em>ῶς</em></span> <span class='ocrx_word' id='word_1_52' title='bbox 379 908 490 952; x_wconf 89' lang='grc' dir='ltr'><em>σφιν</em></span> <span class='ocrx_word' id='word_1_53' title='bbox 523 892 589 940; x_wconf 80' lang='grc' dir='ltr'><em>ἐπ’</em></span> <span class='ocrx_word' id='word_1_54' title='bbox 626 897 826 953; x_wconf 77' lang='grc' dir='ltr'><em>ἔργοισιν</em></span> <span class='ocrx_word' id='word_1_55' title='bbox 857 898 1003 947; x_wconf 81' lang='grc' dir='ltr'><em>πίστις</em></span> <span class='ocrx_word' id='word_1_56' title='bbox 1034 893 1102 938; x_wconf 85' lang='grc' dir='ltr'><em>ἔπ’</em></span> <span class='ocrx_word' id='word_1_57' title='bbox 1139 893 1348 952; x_wconf 81' lang='grc' dir='ltr'><em>οὐδεμία,</em></span> 
     </span>
    </p>

    <p class='ocr_par' dir='ltr' id='par_1_7' title="bbox 225 965 1545 1100">
     <span class='ocr_line' id='line_1_10' title="bbox 225 965 1545 1024; baseline 0 -12"><span class='ocrx_word' id='word_1_58' title='bbox 225 965 340 1012; x_wconf 79' lang='grc' dir='ltr'><strong><em>ἀλλὰ</em></strong></span> <span class='ocrx_word' id='word_1_59' title='bbox 371 967 535 1020; x_wconf 87' lang='grc' dir='ltr'><em>δόλους</em></span> <span class='ocrx_word' id='word_1_60' title='bbox 565 965 604 1011; x_wconf 88' lang='grc' dir='ltr'><em>τ’</em></span> <span class='ocrx_word' id='word_1_61' title='bbox 640 965 811 1019; x_wconf 79' lang='grc' dir='ltr'><em>ἀπάτας</em></span> <span class='ocrx_word' id='word_1_62' title='bbox 841 981 888 1010; x_wconf 88' lang='grc' dir='ltr'><em>τε</em></span> <span class='ocrx_word' id='word_1_63' title='bbox 919 970 1221 1019; x_wconf 88' lang='grc' dir='ltr'><em>πολυπλοκίας</em></span> <span class='ocrx_word' id='word_1_64' title='bbox 1251 965 1290 1010; x_wconf 83' lang='grc' dir='ltr'><em>τ’</em></span> <span class='ocrx_word' id='word_1_65' title='bbox 1326 967 1545 1024; x_wconf 84' lang='grc' dir='ltr'><em>ἐφίλησαν</em></span> 
     </span>
     <span class='ocr_line' id='line_1_11' title="bbox 286 1037 1216 1100; baseline -0.001 -16"><span class='ocrx_word' id='word_1_66' title='bbox 286 1037 453 1096; x_wconf 80' lang='grc' dir='ltr'><em>οὕτως,</em></span> <span class='ocrx_word' id='word_1_67' title='bbox 486 1038 547 1092; x_wconf 78' lang='grc' dir='ltr'><em>ὡς</em></span> <span class='ocrx_word' id='word_1_68' title='bbox 577 1037 741 1097; x_wconf 73' lang='grc' dir='ltr'><em>ἄνδρες</em></span> <span class='ocrx_word' id='word_1_69' title='bbox 772 1038 925 1096; x_wconf 85' lang='grc' dir='ltr'><em>μηκέτι</em></span> <span class='ocrx_word' id='word_1_70' title='bbox 957 1037 1216 1100; x_wconf 78' lang='grc' dir='ltr'><em>σςοξόμενοι.</em></span> 
     </span>
    </p>
   </div>
   <div class='ocr_carea' id='block_1_4' title="bbox 0 0 145 1031">
    <p class='ocr_par' dir='ltr' id='par_1_8' title="bbox 0 0 145 1031">
     <span class='ocr_line' id='line_1_12' title="bbox 0 0 145 1031; baseline 0 0"><span class='ocrx_word' id='word_1_71' title='bbox 0 0 145 1031; x_wconf 95' lang='lat' dir='ltr'><em> </em></span> 
     </span>
    </p>
   </div>
   <div class='ocr_carea' id='block_1_5' title="bbox 156 1180 1544 1314">
    <p class='ocr_par' dir='ltr' id='par_1_9' title="bbox 156 1180 1544 1314">
     <span class='ocr_line' id='line_1_13' title="bbox 227 1180 1544 1245; baseline -0.001 -17"><span class='ocrx_word' id='word_1_72' title='bbox 227 1182 438 1241; x_wconf 84' lang='grc' dir='ltr'><em>Μήποτε,</em></span> <span class='ocrx_word' id='word_1_73' title='bbox 472 1182 648 1242; x_wconf 80' lang='grc' dir='ltr'><em>Κύρνε,</em></span> <span class='ocrx_word' id='word_1_74' title='bbox 680 1185 802 1245; x_wconf 79' lang='grc' dir='ltr'><em>κακῷ</em></span> <span class='ocrx_word' id='word_1_75' title='bbox 834 1186 1023 1235; x_wconf 86' lang='grc' dir='ltr'><em>πίσυνος</em></span> <span class='ocrx_word' id='word_1_76' title='bbox 1054 1182 1244 1240; x_wconf 84' lang='grc' dir='ltr'><em>βούλευε</em></span> <span class='ocrx_word' id='word_1_77' title='bbox 1276 1181 1362 1228; x_wconf 80' lang='grc' dir='ltr'><em>σὺν</em></span> <span class='ocrx_word' id='word_1_78' title='bbox 1394 1180 1544 1243; x_wconf 80' lang='grc' dir='ltr'><em>ἀνδρί,</em></span> 
     </span>
     <span class='ocr_line' id='line_1_14' title="bbox 156 1250 1373 1314; baseline -0.002 -12"><span class='ocrx_word' id='word_1_79' title='bbox 156 1269 202 1302; x_wconf 85' lang='grc'><em>70</em></span> <span class='ocrx_word' id='word_1_80' title='bbox 289 1250 380 1301; x_wconf 79' lang='grc' dir='ltr'><em>εὖτ’</em></span> <span class='ocrx_word' id='word_1_81' title='bbox 417 1252 474 1300; x_wconf 76' lang='grc' dir='ltr'><em>ἂν</em></span> <span class='ocrx_word' id='word_1_82' title='bbox 506 1257 758 1300; x_wconf 80' lang='grc' dir='ltr'><em>σπουδαῖον</em></span> <span class='ocrx_word' id='word_1_83' title='bbox 789 1253 954 1313; x_wconf 77' lang='grc' dir='ltr'><em>πρῆγμ’</em></span> <span class='ocrx_word' id='word_1_84' title='bbox 993 1256 1153 1314; x_wconf 83' lang='grc' dir='ltr'><em>ἐθέλῃς</em></span> <span class='ocrx_word' id='word_1_85' title='bbox 1182 1256 1373 1313; x_wconf 82' lang='grc' dir='ltr'><em>τελέσαι,</em></span> 
     </span>
    </p>
   </div>
   <div class='ocr_carea' id='block_1_6' title="bbox 90 1431 1703 2823">
    <p class='ocr_par' dir='ltr' id='par_1_10' title="bbox 152 1431 1703 1722">
     <span class='ocr_line' id='line_1_15' title="bbox 250 1431 1702 1495; baseline 0.001 -23"><span class='ocrx_word' id='word_1_86' title='bbox 250 1435 297 1472; x_wconf 90' lang='lat' dir='ltr'><em>V.</em></span> <span class='ocrx_word' id='word_1_87' title='bbox 322 1440 379 1473; x_wconf 85' lang='lat'><em>59.</em></span> <span class='ocrx_word' id='word_1_88' title='bbox 406 1432 615 1481; x_wconf 74' lang='grc' dir='ltr'><em>ἀπατῶσιν,</em></span> <span class='ocrx_word' id='word_1_89' title='bbox 635 1431 857 1477; x_wconf 87' lang='grc' dir='ltr'><em>απατῶντες</em></span> <span class='ocrx_word' id='word_1_90' title='bbox 882 1435 935 1480; x_wconf 89' lang='lat' dir='ltr'><em>el,</em></span> <span class='ocrx_word' id='word_1_91' title='bbox 958 1437 1047 1471; x_wconf 88' lang='lat' dir='ltr'>tunc</span> <span class='ocrx_word' id='word_1_92' title='bbox 1067 1435 1226 1482; x_wconf 80' lang='grc' dir='ltr'><em>γελῶσιν</em></span> <span class='ocrx_word' id='word_1_93' title='bbox 1248 1435 1504 1482; x_wconf 88' lang='lat' dir='ltr'>scribendum,</span> <span class='ocrx_word' id='word_1_94' title='bbox 1525 1437 1702 1495; x_wconf 88' lang='lat' dir='ltr'>quemad-</span> 
     </span>
     <span class='ocr_line' id='line_1_16' title="bbox 152 1481 1702 1542; baseline 0 -22"><span class='ocrx_word' id='word_1_95' title='bbox 152 1484 307 1522; x_wconf 86' lang='lat' dir='ltr'><strong>modum</strong></span> <span class='ocrx_word' id='word_1_96' title='bbox 320 1484 430 1541; x_wconf 60' lang='lat' dir='ltr'>infra,</span> <span class='ocrx_word' id='word_1_97' title='bbox 449 1483 587 1529; x_wconf 88' lang='lat' dir='ltr'>idque&#39;</span> <span class='ocrx_word' id='word_1_98' title='bbox 576 1495 701 1541; x_wconf 77' lang='lat' dir='ltr'>ipsum</span> <span class='ocrx_word' id='word_1_99' title='bbox 715 1485 896 1542; x_wconf 82' lang='lat' dir='ltr'>praestat.</span> <span class='ocrx_word' id='word_1_100' title='bbox 918 1504 962 1509; x_wconf 93' lang='lat'>—</span> <span class='ocrx_word' id='word_1_101' title='bbox 977 1483 1022 1519; x_wconf 91' lang='lat' dir='ltr'><em>V.</em></span> <span class='ocrx_word' id='word_1_102' title='bbox 1038 1488 1093 1520; x_wconf 89' lang='grc'><em>60.</em></span> <span class='ocrx_word' id='word_1_103' title='bbox 1109 1485 1228 1519; x_wconf 85' lang='lat' dir='ltr'>Poeta</span> <span class='ocrx_word' id='word_1_104' title='bbox 1243 1483 1391 1519; x_wconf 84' lang='lat' dir='ltr'>videtur</span> <span class='ocrx_word' id='word_1_105' title='bbox 1404 1484 1594 1531; x_wconf 80' lang='lat' dir='ltr'><strong>scripsisse</strong></span> <span class='ocrx_word' id='word_1_106' title='bbox 1615 1481 1702 1520; x_wconf 83' lang='grc' dir='ltr'><em>οὔτ’</em></span> 
     </span>
     <span class='ocr_line' id='line_1_17' title="bbox 153 1528 1703 1590; baseline -0.001 -21"><span class='ocrx_word' id='word_1_107' title='bbox 153 1529 317 1579; x_wconf 72' lang='grc' dir='ltr'><em>ἀγαθῶν</em></span> <span class='ocrx_word' id='word_1_108' title='bbox 350 1529 504 1578; x_wconf 73' lang='grc' dir='ltr'><em>γνώμην</em></span> <span class='ocrx_word' id='word_1_109' title='bbox 540 1528 684 1572; x_wconf 83' lang='grc' dir='ltr'><em>εἰδότες</em></span> <span class='ocrx_word' id='word_1_110' title='bbox 716 1528 802 1567; x_wconf 78' lang='grc' dir='ltr'><em>οὔτε</em></span> <span class='ocrx_word' id='word_1_111' title='bbox 838 1532 980 1567; x_wconf 80' lang='grc' dir='ltr'><em>κακῶν.</em></span> <span class='ocrx_word' id='word_1_112' title='bbox 1013 1552 1058 1558; x_wconf 89' lang='lat'>—</span> <span class='ocrx_word' id='word_1_113' title='bbox 1090 1531 1133 1567; x_wconf 91' lang='lat' dir='ltr'><em>V.</em></span> <span class='ocrx_word' id='word_1_114' title='bbox 1162 1535 1219 1567; x_wconf 81' lang='lat'><em>62.</em></span> <span class='ocrx_word' id='word_1_115' title='bbox 1239 1533 1395 1590; x_wconf 84' lang='grc' dir='ltr'><em>χρείης</em></span> <span class='ocrx_word' id='word_1_116' title='bbox 1427 1533 1554 1578; x_wconf 82' lang='grc' dir='ltr'><em>χρειῆς</em></span> <span class='ocrx_word' id='word_1_117' title='bbox 1578 1532 1629 1579; x_wconf 93' lang='lat' dir='ltr'><em>A,</em></span> <span class='ocrx_word' id='word_1_118' title='bbox 1661 1535 1703 1568; x_wconf 91' lang='lat' dir='ltr'>ut</span> 
     </span>
     <span class='ocr_line' id='line_1_18' title="bbox 153 1560 1702 1639; baseline -0.002 -22"><span class='ocrx_word' id='word_1_119' title='bbox 153 1581 304 1628; x_wconf 82' lang='grc' dir='ltr'><em>χρειοῦς</em></span> <span class='ocrx_word' id='word_1_120' title='bbox 330 1580 451 1639; x_wconf 85' lang='lat' dir='ltr'>possis</span> <span class='ocrx_word' id='word_1_121' title='bbox 478 1579 669 1626; x_wconf 81' lang='lat' dir='ltr'>suspicari.</span> <span class='ocrx_word' id='word_1_122' title='bbox 704 1598 747 1605; x_wconf 77' lang='lat'><em>-—</em></span> <span class='ocrx_word' id='word_1_123' title='bbox 781 1580 929 1623; x_wconf 77' lang='grc' dir='ltr'><em>εἵνεκα,</em></span> <span class='ocrx_word' id='word_1_124' title='bbox 964 1575 1106 1615; x_wconf 83' lang='grc' dir='ltr'><em>ὀυνεκα</em></span> <span class='ocrx_word' id='word_1_125' title='bbox 1141 1581 1190 1626; x_wconf 87' lang='grc' dir='ltr'><em>Α,</em></span> <span class='ocrx_word' id='word_1_126' title='bbox 1228 1578 1341 1615; x_wconf 78' lang='grc' dir='ltr'><em>ἕνεκα</em></span> <span class='ocrx_word' id='word_1_127' title='bbox 1368 1560 1524 1636; x_wconf 75' lang='lat' dir='ltr'>bcfmqt.</span> <span class='ocrx_word' id='word_1_128' title='bbox 1559 1599 1601 1606; x_wconf 87' lang='lat'>—</span> <span class='ocrx_word' id='word_1_129' title='bbox 1635 1594 1702 1627; x_wconf 85' lang='grc' dir='ltr'><em>μη-</em></span> 
     </span>
     <span class='ocr_line' id='line_1_19' title="bbox 154 1623 1699 1675; baseline 0 -11"><span class='ocrx_word' id='word_1_130' title='bbox 154 1629 300 1675; x_wconf 84' lang='grc' dir='ltr'><em>δεμιῆς,</em></span> <span class='ocrx_word' id='word_1_131' title='bbox 325 1625 376 1674; x_wconf 85' lang='grc' dir='ltr'><em>μὴ</em></span> <span class='ocrx_word' id='word_1_132' title='bbox 398 1626 440 1663; x_wconf 88' lang='grc' dir='ltr'><em>δε</em></span> <span class='ocrx_word' id='word_1_133' title='bbox 469 1627 556 1674; x_wconf 86' lang='grc' dir='ltr'><em>μιῆς</em></span> <span class='ocrx_word' id='word_1_134' title='bbox 575 1627 626 1673; x_wconf 88' lang='lat' dir='ltr'><em>A,</em></span> <span class='ocrx_word' id='word_1_135' title='bbox 653 1623 703 1673; x_wconf 87' lang='grc' dir='ltr'><em>μὴ</em></span> <span class='ocrx_word' id='word_1_136' title='bbox 731 1625 774 1663; x_wconf 86' lang='grc' dir='ltr'><em>δε</em></span> <span class='ocrx_word' id='word_1_137' title='bbox 801 1627 889 1674; x_wconf 81' lang='grc' dir='ltr'><em>μιᾶς</em></span> <span class='ocrx_word' id='word_1_138' title='bbox 914 1626 956 1663; x_wconf 93' lang='grc' dir='ltr'><em>Ο.</em></span> <span class='ocrx_word' id='word_1_139' title='bbox 985 1649 1028 1653; x_wconf 89' lang='grc'>-</span> <span class='ocrx_word' id='word_1_140' title='bbox 1055 1627 1099 1662; x_wconf 94' lang='lat' dir='ltr'><em>V.</em></span> <span class='ocrx_word' id='word_1_141' title='bbox 1125 1631 1180 1663; x_wconf 89' lang='grc'><em>63</em></span> <span class='ocrx_word' id='word_1_142' title='bbox 1208 1625 1326 1673; x_wconf 87' lang='grc' dir='ltr'><em>δόκει,</em></span> <span class='ocrx_word' id='word_1_143' title='bbox 1353 1624 1510 1673; x_wconf 84' lang='grc' dir='ltr'><em>δόκεῖΙ,</em></span> <span class='ocrx_word' id='word_1_144' title='bbox 1536 1629 1650 1664; x_wconf 80' lang='grc' dir='ltr'><em>δοκεῖ</em></span> <span class='ocrx_word' id='word_1_145' title='bbox 1669 1639 1699 1663; x_wconf 87' lang='lat' dir='ltr'><em>e.</em></span> 
     </span>
     <span class='ocr_line' id='line_1_20' title="bbox 155 1675 1699 1735; baseline 0 -23"><span class='ocrx_word' id='word_1_146' title='bbox 155 1697 195 1705; x_wconf 85' lang='lat'><em>-—</em></span> <span class='ocrx_word' id='word_1_147' title='bbox 228 1676 272 1712; x_wconf 90' lang='lat' dir='ltr'><strong>V.</strong></span> <span class='ocrx_word' id='word_1_148' title='bbox 299 1679 356 1711; x_wconf 84' lang='lat'><em>65.</em></span> <span class='ocrx_word' id='word_1_149' title='bbox 383 1676 607 1721; x_wconf 83' lang='grc' dir='ltr'><em>σπουδαῖον,</em></span> <span class='ocrx_word' id='word_1_150' title='bbox 634 1676 854 1711; x_wconf 85' lang='grc' dir='ltr'><em>σπουδαίων</em></span> <span class='ocrx_word' id='word_1_151' title='bbox 863 1675 920 1735; x_wconf 75' lang='lat'><em>0⁸,</em></span> <span class='ocrx_word' id='word_1_152' title='bbox 940 1696 983 1701; x_wconf 87' lang='lat'><em>—-</em></span> <span class='ocrx_word' id='word_1_153' title='bbox 1005 1675 1048 1711; x_wconf 92' lang='lat' dir='ltr'><em>V.</em></span> <span class='ocrx_word' id='word_1_154' title='bbox 1070 1679 1127 1711; x_wconf 91' lang='lat'><em>66.</em></span> <span class='ocrx_word' id='word_1_155' title='bbox 1154 1687 1258 1721; x_wconf 90' lang='grc' dir='ltr'><em>σφιν,</em></span> <span class='ocrx_word' id='word_1_156' title='bbox 1278 1688 1346 1720; x_wconf 89' lang='grc' dir='ltr'><em>φιν</em></span> <span class='ocrx_word' id='word_1_157' title='bbox 1365 1675 1466 1733; x_wconf 89' lang='lat' dir='ltr'>fmqt</span> <span class='ocrx_word' id='word_1_158' title='bbox 1491 1677 1528 1721; x_wconf 86' lang='lat' dir='ltr'><em>(a</em></span> <span class='ocrx_word' id='word_1_159' title='bbox 1547 1689 1595 1713; x_wconf 92' lang='lat' dir='ltr'><em>m.</em></span> <span class='ocrx_word' id='word_1_160' title='bbox 1618 1679 1699 1722; x_wconf 87' lang='lat' dir='ltr'><strong>pr..)</strong></span> 
     </span>
    </p>

    <p class='ocr_par' dir='ltr' id='par_1_11' title="bbox 153 1704 1701 2152">
     <span class='ocr_line' id='line_1_21' title="bbox 154 1704 1700 1781; baseline 0 -21"><span class='ocrx_word' id='word_1_161' title='bbox 154 1719 312 1769; x_wconf 48' lang='grc' dir='ltr'><em>-ἔπῇ</em></span> <span class='ocrx_word' id='word_1_162' title='bbox 351 1719 414 1760; x_wconf 77' lang='grc' dir='ltr'><em>ἐπ’</em></span> <span class='ocrx_word' id='word_1_163' title='bbox 447 1723 532 1769; x_wconf 92' lang='lat' dir='ltr'><em>AO,</em></span> <span class='ocrx_word' id='word_1_164' title='bbox 572 1704 651 1759; x_wconf 77' lang='grc' dir='ltr'><em>ἔστ’</em></span> <span class='ocrx_word' id='word_1_165' title='bbox 685 1723 824 1769; x_wconf 85' lang='lat' dir='ltr'>bcfmq,</span> <span class='ocrx_word' id='word_1_166' title='bbox 860 1720 920 1759; x_wconf 76' lang='grc' dir='ltr'><em>,ξ”ν</em></span> <span class='ocrx_word' id='word_1_167' title='bbox 954 1734 1048 1759; x_wconf 87' lang='lat' dir='ltr'>corr.</span> <span class='ocrx_word' id='word_1_168' title='bbox 1073 1735 1116 1781; x_wconf 77' lang='lat' dir='ltr'><em>‚g·</em></span> <span class='ocrx_word' id='word_1_169' title='bbox 1150 1723 1322 1769; x_wconf 91' lang='lat' dir='ltr'>Hartung</span> <span class='ocrx_word' id='word_1_170' title='bbox 1355 1720 1417 1759; x_wconf 77' lang='grc' dir='ltr'><em>ἔτ’</em></span> <span class='ocrx_word' id='word_1_171' title='bbox 1456 1723 1616 1770; x_wconf 74' lang='lat' dir='ltr'><strong>scripsit.</strong></span> <span class='ocrx_word' id='word_1_172' title='bbox 1656 1745 1700 1750; x_wconf 91' lang='lat'><strong>—</strong></span> 
     </span>
     <span class='ocr_line' id='line_1_22' title="bbox 154 1736 1701 1829; baseline -0.001 -20.999"><span class='ocrx_word' id='word_1_173' title='bbox 154 1745 298 1819; x_wconf 78' lang='grc' dir='ltr'><em>έ-ργοισι</em></span> <span class='ocrx_word' id='word_1_174' title='bbox 303 1752 372 1829; x_wconf 59' lang='lat' dir='ltr'><em>”et</em></span> <span class='ocrx_word' id='word_1_175' title='bbox 388 1767 479 1807; x_wconf 78' lang='grc' dir='ltr'><em>οὐδὲ</em></span> <span class='ocrx_word' id='word_1_176' title='bbox 506 1771 574 1817; x_wconf 87' lang='grc' dir='ltr'><em>μία</em></span> <span class='ocrx_word' id='word_1_177' title='bbox 593 1771 636 1806; x_wconf 90' lang='grc' dir='ltr'><em>Α.</em></span> <span class='ocrx_word' id='word_1_178' title='bbox 664 1791 709 1796; x_wconf 84' lang='grc'><em>--</em></span> <span class='ocrx_word' id='word_1_179' title='bbox 737 1771 782 1806; x_wconf 93' lang='lat' dir='ltr'><em>V.</em></span> <span class='ocrx_word' id='word_1_180' title='bbox 788 1736 859 1807; x_wconf 79' lang='lat' dir='ltr'><strong>q67.</strong></span> <span class='ocrx_word' id='word_1_181' title='bbox 887 1769 1023 1812; x_wconf 87' lang='grc' dir='ltr'><em>δόλους</em></span> <span class='ocrx_word' id='word_1_182' title='bbox 1048 1768 1083 1806; x_wconf 81' lang='grc' dir='ltr'><em>τ’</em></span> <span class='ocrx_word' id='word_1_183' title='bbox 1112 1771 1184 1817; x_wconf 88' lang='lat' dir='ltr'>elr,</span> <span class='ocrx_word' id='word_1_184' title='bbox 1211 1754 1346 1812; x_wconf 88' lang='grc' dir='ltr'><em>δόλους</em></span> <span class='ocrx_word' id='word_1_185' title='bbox 1371 1771 1497 1807; x_wconf 87' lang='lat' dir='ltr'>ceteri.</span> <span class='ocrx_word' id='word_1_186' title='bbox 1519 1792 1563 1797; x_wconf 85' lang='lat'><em>—</em></span> <span class='ocrx_word' id='word_1_187' title='bbox 1590 1775 1701 1807; x_wconf 88' lang='grc' dir='ltr'><em>πολυ-</em></span> 
     </span>
     <span class='ocr_line' id='line_1_23' title="bbox 153 1784 1700 1876; baseline -0.001 -20"><span class='ocrx_word' id='word_1_188' title='bbox 153 1821 313 1861; x_wconf 84' lang='grc' dir='ltr'><em>πλοκίοις</em></span> <span class='ocrx_word' id='word_1_189' title='bbox 333 1815 372 1854; x_wconf 80' lang='grc' dir='ltr'><em>τ’</em></span> <span class='ocrx_word' id='word_1_190' title='bbox 377 1784 675 1876; x_wconf 87' lang='grc' dir='ltr'><em>,πολυπλοκέας</em></span> <span class='ocrx_word' id='word_1_191' title='bbox 701 1815 757 1855; x_wconf 81' lang='grc' dir='ltr'><em>ἔτ’</em></span> <span class='ocrx_word' id='word_1_192' title='bbox 779 1831 816 1866; x_wconf 92' lang='lat' dir='ltr'><em>p,</em></span> <span class='ocrx_word' id='word_1_193' title='bbox 842 1817 1154 1865; x_wconf 78' lang='grc' dir='ltr'><em>πολυπλάγκτους</em></span> <span class='ocrx_word' id='word_1_194' title='bbox 1173 1799 1210 1854; x_wconf 79' lang='grc' dir='ltr'><em>τ’</em></span> <span class='ocrx_word' id='word_1_195' title='bbox 1234 1831 1261 1854; x_wconf 90' lang='lat' dir='ltr'><em>s.</em></span> <span class='ocrx_word' id='word_1_196' title='bbox 1283 1840 1328 1845; x_wconf 98' lang='lat'>—</span> <span class='ocrx_word' id='word_1_197' title='bbox 1350 1818 1393 1855; x_wconf 94' lang='lat' dir='ltr'><em>V.</em></span> <span class='ocrx_word' id='word_1_198' title='bbox 1415 1822 1470 1854; x_wconf 87' lang='lat'><em>68.</em></span> <span class='ocrx_word' id='word_1_199' title='bbox 1492 1817 1617 1867; x_wconf 81' lang='grc' dir='ltr'><em>σῳξόμ</em></span> <span class='ocrx_word' id='word_1_200' title='bbox 1620 1833 1700 1855; x_wconf 84' lang='grc' dir='ltr'><em>ενοι</em></span> 
     </span>
     <span class='ocr_line' id='line_1_24' title="bbox 154 1833 1701 1914; baseline -0.001 -10"><span class='ocrx_word' id='word_1_201' title='bbox 154 1847 633 1914; x_wconf 75' lang='grc' dir='ltr'><em>εοτιΡει,111)1·1σωζόμενοι.</em></span> <span class='ocrx_word' id='word_1_202' title='bbox 672 1866 855 1903; x_wconf 88' lang='lat' dir='ltr'>Futurum</span> <span class='ocrx_word' id='word_1_203' title='bbox 870 1866 1020 1902; x_wconf 88' lang='lat' dir='ltr'>omnino</span> <span class='ocrx_word' id='word_1_204' title='bbox 1034 1866 1249 1912; x_wconf 76' lang='lat' dir='ltr'>requiritur,</span> <span class='ocrx_word' id='word_1_205' title='bbox 1269 1867 1314 1902; x_wconf 88' lang='lat' dir='ltr'><em>cf.</em></span> <span class='ocrx_word' id='word_1_206' title='bbox 1329 1866 1438 1902; x_wconf 86' lang='lat' dir='ltr'>Plato</span> <span class='ocrx_word' id='word_1_207' title='bbox 1453 1833 1701 1903; x_wconf 84' lang='lat' dir='ltr'>Theaetetum</span> 
     </span>
     <span class='ocr_line' id='line_1_25' title="bbox 156 1911 1702 1962; baseline -0.001 -10"><span class='ocrx_word' id='word_1_208' title='bbox 156 1915 284 1952; x_wconf 79' lang='lat' dir='ltr'>176D:</span> <span class='ocrx_word' id='word_1_209' title='bbox 311 1911 450 1960; x_wconf 81' lang='grc' dir='ltr'><em>ἄνδρες</em></span> <span class='ocrx_word' id='word_1_210' title='bbox 475 1915 579 1956; x_wconf 88' lang='grc' dir='ltr'><em>οιους</em></span> <span class='ocrx_word' id='word_1_211' title='bbox 605 1916 671 1950; x_wconf 79' lang='grc' dir='ltr'><em>δεῖ</em></span> <span class='ocrx_word' id='word_1_212' title='bbox 690 1912 732 1951; x_wconf 81' lang='grc' dir='ltr'><em>ἐν</em></span> <span class='ocrx_word' id='word_1_213' title='bbox 751 1913 861 1950; x_wconf 85' lang='grc' dir='ltr'><em>πόλει</em></span> <span class='ocrx_word' id='word_1_214' title='bbox 880 1912 969 1956; x_wconf 85' lang='grc' dir='ltr'><em>τοὺς</em></span> <span class='ocrx_word' id='word_1_215' title='bbox 988 1913 1294 1962; x_wconf 78' lang='grc' dir='ltr'><em>σωθησομένους.</em></span> <span class='ocrx_word' id='word_1_216' title='bbox 1320 1914 1551 1960; x_wconf 81' lang='lat' dir='ltr'>eandemque</span> <span class='ocrx_word' id='word_1_217' title='bbox 1577 1915 1702 1951; x_wconf 85' lang='lat' dir='ltr'>mede-</span> 
     </span>
     <span class='ocr_line' id='line_1_26' title="bbox 153 1959 1701 2012; baseline -0.001 -12"><span class='ocrx_word' id='word_1_218' title='bbox 153 1964 232 2000; x_wconf 81' lang='lat' dir='ltr'><em>lam</em></span> <span class='ocrx_word' id='word_1_219' title='bbox 250 1962 408 1999; x_wconf 82' lang='lat' dir='ltr'>adhibui</span> <span class='ocrx_word' id='word_1_220' title='bbox 427 1975 460 1999; x_wconf 84' lang='lat' dir='ltr'><em>v.</em></span> <span class='ocrx_word' id='word_1_221' title='bbox 482 1966 552 1998; x_wconf 84' lang='lat'><em>235</em></span> <span class='ocrx_word' id='word_1_222' title='bbox 572 1959 736 2008; x_wconf 78' lang='grc' dir='ltr'><em>ανδράσι</em></span> <span class='ocrx_word' id='word_1_223' title='bbox 754 1961 1013 2012; x_wconf 80' lang='grc' dir='ltr'><em>σῳξομὲνοισι,</em></span> <span class='ocrx_word' id='word_1_224' title='bbox 1040 1962 1142 2008; x_wconf 89' lang='lat' dir='ltr'>quod</span> <span class='ocrx_word' id='word_1_225' title='bbox 1163 1974 1207 1998; x_wconf 83' lang='lat' dir='ltr'><em>ex</em></span> <span class='ocrx_word' id='word_1_226' title='bbox 1226 1963 1383 1998; x_wconf 86' lang='lat' dir='ltr'>adverso</span> <span class='ocrx_word' id='word_1_227' title='bbox 1403 1962 1567 2008; x_wconf 90' lang='lat' dir='ltr'>positum</span> <span class='ocrx_word' id='word_1_228' title='bbox 1592 1960 1701 1998; x_wconf 86' lang='grc' dir='ltr'><em>πόλει</em></span> 
     </span>
     <span class='ocr_line' id='line_1_27' title="bbox 154 1999 1701 2069; baseline -0.001 -22"><span class='ocrx_word' id='word_1_229' title='bbox 154 2007 386 2069; x_wconf 82' lang='grc' dir='ltr'><em>ἁλωσωμένῃ</em></span> <span class='ocrx_word' id='word_1_230' title='bbox 409 2010 630 2056; x_wconf 82' lang='lat' dir='ltr'>planissime</span> <span class='ocrx_word' id='word_1_231' title='bbox 655 1999 792 2056; x_wconf 88' lang='lat' dir='ltr'>firmat,</span> <span class='ocrx_word' id='word_1_232' title='bbox 818 2011 893 2046; x_wconf 86' lang='lat' dir='ltr'><em>sed</em></span> <span class='ocrx_word' id='word_1_233' title='bbox 902 2011 948 2046; x_wconf 89' lang='lat' dir='ltr'><em>de</em></span> <span class='ocrx_word' id='word_1_234' title='bbox 968 2023 1002 2046; x_wconf 87' lang='lat' dir='ltr'><em>v.</em></span> <span class='ocrx_word' id='word_1_235' title='bbox 1025 2015 1093 2047; x_wconf 82' lang='grc'><em>675</em></span> <span class='ocrx_word' id='word_1_236' title='bbox 1121 2010 1303 2056; x_wconf 84' lang='lat' dir='ltr'><strong>ambigas.</strong></span> <span class='ocrx_word' id='word_1_237' title='bbox 1341 2010 1515 2046; x_wconf 83' lang='lat' dir='ltr'>Doricam</span> <span class='ocrx_word' id='word_1_238' title='bbox 1542 2011 1701 2046; x_wconf 86' lang='lat' dir='ltr'>formam</span> 
     </span>
     <span class='ocr_line' id='line_1_28' title="bbox 155 2057 1700 2115; baseline -0.001 -20"><span class='ocrx_word' id='word_1_239' title='bbox 155 2070 270 2106; x_wconf 83' lang='lat' dir='ltr'>quam</span> <span class='ocrx_word' id='word_1_240' title='bbox 289 2057 499 2107; x_wconf 79' lang='grc' dir='ltr'><em>σῳσόμενοι</em></span> <span class='ocrx_word' id='word_1_241' title='bbox 516 2069 693 2095; x_wconf 83' lang='lat' dir='ltr'>revocare</span> <span class='ocrx_word' id='word_1_242' title='bbox 705 2058 835 2104; x_wconf 81' lang='lat' dir='ltr'>malui,</span> <span class='ocrx_word' id='word_1_243' title='bbox 854 2059 1033 2115; x_wconf 84' lang='lat' dir='ltr'>quoniam</span> <span class='ocrx_word' id='word_1_244' title='bbox 1053 2058 1142 2094; x_wconf 89' lang='lat' dir='ltr'>libri</span> <span class='ocrx_word' id='word_1_245' title='bbox 1161 2058 1210 2094; x_wconf 85' lang='lat' dir='ltr'><em>ad</em></span> <span class='ocrx_word' id='word_1_246' title='bbox 1229 2071 1344 2094; x_wconf 90' lang='lat' dir='ltr'>unum</span> <span class='ocrx_word' id='word_1_247' title='bbox 1365 2070 1494 2094; x_wconf 84' lang='lat' dir='ltr'>omnes</span> <span class='ocrx_word' id='word_1_248' title='bbox 1514 2061 1542 2093; x_wconf 93' lang='lat' dir='ltr'><strong>Z</strong></span> <span class='ocrx_word' id='word_1_249' title='bbox 1561 2060 1700 2094; x_wconf 81' lang='lat' dir='ltr'>testan-</span> 
     </span>
     <span class='ocr_line' id='line_1_29' title="bbox 153 2087 1700 2164; baseline -0.001 -22"><span class='ocrx_word' id='word_1_250' title='bbox 153 2109 225 2144; x_wconf 86' lang='lat' dir='ltr'>tur.</span> <span class='ocrx_word' id='word_1_251' title='bbox 266 2106 308 2142; x_wconf 90' lang='lat' dir='ltr'><em>In</em></span> <span class='ocrx_word' id='word_1_252' title='bbox 318 2095 467 2142; x_wconf 80' lang='lat' dir='ltr'>tabulis</span> <span class='ocrx_word' id='word_1_253' title='bbox 486 2106 798 2143; x_wconf 84' lang='lat' dir='ltr'>Heracleensibus</span> <span class='ocrx_word' id='word_1_254' title='bbox 826 2087 1087 2164; x_wconf 80' lang='grc' dir='ltr'><em>κατεσῴξαμες</em></span> <span class='ocrx_word' id='word_1_255' title='bbox 1107 2107 1146 2142; x_wconf 87' lang='lat' dir='ltr'><em>et</em></span> <span class='ocrx_word' id='word_1_256' title='bbox 1171 2103 1447 2154; x_wconf 81' lang='grc' dir='ltr'><em>κατεσώσαμες,</em></span> <span class='ocrx_word' id='word_1_257' title='bbox 1473 2106 1700 2142; x_wconf 83' lang='lat' dir='ltr'>Laconicum</span> 
     </span>
    </p>

    <p class='ocr_par' dir='ltr' id='par_1_12' title="bbox 90 2144 1700 2487">
     <span class='ocr_line' id='line_1_30' title="bbox 90 2144 1700 2201; baseline -0.001 -10"><span class='ocrx_word' id='word_1_258' title='bbox 90 2189 95 2192; x_wconf 80' lang='grc'><em>,</em></span> <span class='ocrx_word' id='word_1_259' title='bbox 155 2151 358 2198; x_wconf 79' lang='grc' dir='ltr'><em>ἆπέσοιξεν</em></span> <span class='ocrx_word' id='word_1_260' title='bbox 391 2155 554 2190; x_wconf 87' lang='lat' dir='ltr'>servavit</span> <span class='ocrx_word' id='word_1_261' title='bbox 586 2155 813 2201; x_wconf 83' lang='lat' dir='ltr'>Hesychius,</span> <span class='ocrx_word' id='word_1_262' title='bbox 845 2144 955 2190; x_wconf 84' lang='lat' dir='ltr'>idem</span> <span class='ocrx_word' id='word_1_263' title='bbox 981 2148 1092 2200; x_wconf 76' lang='grc' dir='ltr'><em>ὖξον,</em></span> <span class='ocrx_word' id='word_1_264' title='bbox 1125 2155 1224 2200; x_wconf 87' lang='lat' dir='ltr'>quod</span> <span class='ocrx_word' id='word_1_265' title='bbox 1258 2144 1407 2189; x_wconf 87' lang='lat' dir='ltr'>Curtius</span> <span class='ocrx_word' id='word_1_266' title='bbox 1439 2159 1540 2189; x_wconf 88' lang='lat' dir='ltr'>recte</span> <span class='ocrx_word' id='word_1_267' title='bbox 1572 2155 1700 2196; x_wconf 80' lang='grc' dir='ltr'><em>σοῖξον</em></span> 
     </span>
     <span class='ocr_line' id='line_1_31' title="bbox 155 2199 1700 2261; baseline -0.001 -23"><span class='ocrx_word' id='word_1_268' title='bbox 155 2202 423 2261; x_wconf 76' lang='lat' dir='ltr'>interpretatur</span> <span class='ocrx_word' id='word_1_269' title='bbox 442 2201 588 2248; x_wconf 84' lang='lat' dir='ltr'>Cypriis</span> <span class='ocrx_word' id='word_1_270' title='bbox 614 2202 821 2247; x_wconf 86' lang='lat' dir='ltr'>vindicans,</span> <span class='ocrx_word' id='word_1_271' title='bbox 847 2202 1036 2238; x_wconf 82' lang='lat' dir='ltr'>Laconica</span> <span class='ocrx_word' id='word_1_272' title='bbox 1059 2203 1212 2237; x_wconf 85' lang='lat' dir='ltr'>nomina</span> <span class='ocrx_word' id='word_1_273' title='bbox 1238 2199 1457 2247; x_wconf 79' lang='grc' dir='ltr'><em>Σοιξιάδας,</em></span> <span class='ocrx_word' id='word_1_274' title='bbox 1478 2202 1700 2246; x_wconf 80' lang='grc' dir='ltr'><em>Σοίξιππος,</em></span> 
     </span>
     <span class='ocr_line' id='line_1_32' title="bbox 155 2230 1699 2296; baseline -0.001 -10"><span class='ocrx_word' id='word_1_275' title='bbox 155 2247 377 2296; x_wconf 81' lang='grc' dir='ltr'><em>Σοιξιτέλης</em></span> <span class='ocrx_word' id='word_1_276' title='bbox 402 2249 443 2284; x_wconf 84' lang='grc'><em>111</em></span> <span class='ocrx_word' id='word_1_277' title='bbox 467 2250 591 2286; x_wconf 86' lang='lat' dir='ltr'>titulis</span> <span class='ocrx_word' id='word_1_278' title='bbox 618 2252 759 2286; x_wconf 85' lang='lat' dir='ltr'>extant.</span> <span class='ocrx_word' id='word_1_279' title='bbox 805 2230 1006 2286; x_wconf 87' lang='lat' dir='ltr'>Dorienses</span> <span class='ocrx_word' id='word_1_280' title='bbox 1033 2251 1133 2285; x_wconf 87' lang='lat' dir='ltr'>enim</span> <span class='ocrx_word' id='word_1_281' title='bbox 1161 2253 1200 2285; x_wconf 86' lang='lat' dir='ltr'><em>et</em></span> <span class='ocrx_word' id='word_1_282' title='bbox 1224 2249 1363 2285; x_wconf 84' lang='lat' dir='ltr'>Aeoles</span> <span class='ocrx_word' id='word_1_283' title='bbox 1390 2249 1506 2284; x_wconf 86' lang='lat' dir='ltr'>etiam</span> <span class='ocrx_word' id='word_1_284' title='bbox 1531 2249 1699 2284; x_wconf 87' lang='lat' dir='ltr'>futurum</span> 
     </span>
     <span class='ocr_line' id='line_1_33' title="bbox 155 2295 1699 2354; baseline -0.001 -20"><span class='ocrx_word' id='word_1_285' title='bbox 155 2299 194 2334; x_wconf 87' lang='lat' dir='ltr'><em>et</em></span> <span class='ocrx_word' id='word_1_286' title='bbox 226 2297 406 2334; x_wconf 82' lang='lat' dir='ltr'>aoristum</span> <span class='ocrx_word' id='word_1_287' title='bbox 438 2297 630 2334; x_wconf 82' lang='lat' dir='ltr'>deducunt</span> <span class='ocrx_word' id='word_1_288' title='bbox 660 2311 685 2333; x_wconf 85' lang='grc' dir='ltr'><em>α</em></span> <span class='ocrx_word' id='word_1_289' title='bbox 711 2295 813 2347; x_wconf 78' lang='grc' dir='ltr'><em>σώζω</em></span> <span class='ocrx_word' id='word_1_290' title='bbox 847 2299 925 2334; x_wconf 87' lang='lat' dir='ltr'>sive</span> <span class='ocrx_word' id='word_1_291' title='bbox 952 2299 1073 2341; x_wconf 84' lang='grc' dir='ltr'><em>σοι’ζω,</em></span> <span class='ocrx_word' id='word_1_292' title='bbox 1105 2297 1224 2333; x_wconf 86' lang='lat' dir='ltr'>Attici</span> <span class='ocrx_word' id='word_1_293' title='bbox 1256 2299 1295 2333; x_wconf 85' lang='lat' dir='ltr'><em>et</em></span> <span class='ocrx_word' id='word_1_294' title='bbox 1320 2297 1427 2333; x_wconf 88' lang='lat' dir='ltr'>Iones</span> <span class='ocrx_word' id='word_1_295' title='bbox 1452 2308 1474 2332; x_wconf 86' lang='lat' dir='ltr'>a</span> <span class='ocrx_word' id='word_1_296' title='bbox 1498 2296 1699 2354; x_wconf 82' lang='lat' dir='ltr'>principali</span> 
     </span>
     <span class='ocr_line' id='line_1_34' title="bbox 155 2335 1700 2402; baseline -0.002 -20"><span class='ocrx_word' id='word_1_297' title='bbox 155 2345 270 2382; x_wconf 81' lang='lat' dir='ltr'>verbo</span> <span class='ocrx_word' id='word_1_298' title='bbox 301 2346 478 2391; x_wconf 84' lang='lat' dir='ltr'>repetunt</span> <span class='ocrx_word' id='word_1_299' title='bbox 509 2343 633 2402; x_wconf 87' lang='grc' dir='ltr'><em>σώσω,</em></span> <span class='ocrx_word' id='word_1_300' title='bbox 660 2335 800 2391; x_wconf 81' lang='grc' dir='ltr'><em>ἔσωσα,</em></span> <span class='ocrx_word' id='word_1_301' title='bbox 833 2346 931 2381; x_wconf 86' lang='lat' dir='ltr'>unde</span> <span class='ocrx_word' id='word_1_302' title='bbox 963 2346 1022 2381; x_wconf 81' lang='lat' dir='ltr'><em>est</em></span> <span class='ocrx_word' id='word_1_303' title='bbox 1051 2345 1090 2380; x_wconf 88' lang='lat' dir='ltr'>in</span> <span class='ocrx_word' id='word_1_304' title='bbox 1122 2345 1234 2380; x_wconf 88' lang='lat' dir='ltr'>titulo</span> <span class='ocrx_word' id='word_1_305' title='bbox 1263 2344 1372 2380; x_wconf 87' lang='lat' dir='ltr'><strong>CIGr.</strong></span> <span class='ocrx_word' id='word_1_306' title='bbox 1400 2346 1415 2380; x_wconf 95' lang='grc' dir='ltr'>Ι</span> <span class='ocrx_word' id='word_1_307' title='bbox 1450 2349 1493 2380; x_wconf 86' lang='grc'><em>70</em></span> <span class='ocrx_word' id='word_1_308' title='bbox 1527 2342 1608 2380; x_wconf 87' lang='grc' dir='ltr'><em>σώω</em></span> <span class='ocrx_word' id='word_1_309' title='bbox 1634 2344 1700 2379; x_wconf 81' lang='grc' dir='ltr'><em>καὶ</em></span> 
     </span>
     <span class='ocr_line' id='line_1_35' title="bbox 155 2375 1697 2451; baseline -0.001 -22"><span class='ocrx_word' id='word_1_310' title='bbox 155 2390 344 2429; x_wconf 71' lang='grc' dir='ltr'><em>ἀποδώσω</em></span> <span class='ocrx_word' id='word_1_311' title='bbox 370 2393 394 2430; x_wconf 89' lang='grc'><em>1.</em></span> <span class='ocrx_word' id='word_1_312' title='bbox 421 2404 455 2429; x_wconf 88' lang='lat' dir='ltr'><em>e.</em></span> <span class='ocrx_word' id='word_1_313' title='bbox 483 2390 607 2451; x_wconf 88' lang='grc' dir='ltr'><em>σώσω,</em></span> <span class='ocrx_word' id='word_1_314' title='bbox 640 2393 777 2430; x_wconf 84' lang='lat' dir='ltr'>extrita</span> <span class='ocrx_word' id='word_1_315' title='bbox 792 2375 845 2429; x_wconf 60' lang='lat' dir='ltr'>&#39;‘li</span> <span class='ocrx_word' id='word_1_316' title='bbox 834 2395 929 2429; x_wconf 85' lang='lat' dir='ltr'>tera</span> <span class='ocrx_word' id='word_1_317' title='bbox 955 2393 1185 2437; x_wconf 84' lang='lat' dir='ltr'>sibilante*)‚</span> <span class='ocrx_word' id='word_1_318' title='bbox 1218 2394 1260 2428; x_wconf 89' lang='lat' dir='ltr'>ut</span> <span class='ocrx_word' id='word_1_319' title='bbox 1285 2393 1344 2428; x_wconf 87' lang='lat' dir='ltr'><em>est</em></span> <span class='ocrx_word' id='word_1_320' title='bbox 1368 2393 1469 2438; x_wconf 84' lang='lat' dir='ltr'>apud</span> <span class='ocrx_word' id='word_1_321' title='bbox 1494 2392 1602 2428; x_wconf 90' lang='lat' dir='ltr'><strong>Hom.</strong></span> <span class='ocrx_word' id='word_1_322' title='bbox 1631 2392 1697 2428; x_wconf 86' lang='lat' dir='ltr'><em>Od.</em></span> 
     </span>
     <span class='ocr_line' id='line_1_36' title="bbox 157 2422 1698 2498; baseline -0.001 -21"><span class='ocrx_word' id='word_1_323' title='bbox 157 2440 210 2477; x_wconf 91' lang='lat' dir='ltr'><em>lX</em></span> <span class='ocrx_word' id='word_1_324' title='bbox 233 2445 304 2477; x_wconf 86' lang='grc'><em>430</em></span> <span class='ocrx_word' id='word_1_325' title='bbox 338 2442 421 2486; x_wconf 76' lang='grc' dir='ltr'><em>ἴτην</em></span> <span class='ocrx_word' id='word_1_326' title='bbox 448 2422 620 2487; x_wconf 84' lang='grc' dir='ltr'><em>σώοντες,</em></span> <span class='ocrx_word' id='word_1_327' title='bbox 646 2443 684 2477; x_wconf 89' lang='lat' dir='ltr'><em>et</em></span> <span class='ocrx_word' id='word_1_328' title='bbox 709 2442 810 2487; x_wconf 88' lang='lat' dir='ltr'>apud</span> <span class='ocrx_word' id='word_1_329' title='bbox 837 2441 949 2498; x_wconf 83' lang='lat' dir='ltr'>Soph</span> <span class='ocrx_word' id='word_1_330' title='bbox 970 2440 1128 2476; x_wconf 89' lang='lat' dir='ltr'>Philoct.</span> <span class='ocrx_word' id='word_1_331' title='bbox 1151 2444 1240 2476; x_wconf 88' lang='grc'><strong>1391</strong></span> <span class='ocrx_word' id='word_1_332' title='bbox 1264 2438 1402 2476; x_wconf 88' lang='grc' dir='ltr'><em>σώουσι</em></span> <span class='ocrx_word' id='word_1_333' title='bbox 1422 2451 1465 2475; x_wconf 87' lang='lat' dir='ltr'><em>ex</em></span> <span class='ocrx_word' id='word_1_334' title='bbox 1487 2439 1568 2475; x_wconf 89' lang='lat' dir='ltr'><strong>cod.</strong></span> <span class='ocrx_word' id='word_1_335' title='bbox 1591 2441 1698 2476; x_wconf 86' lang='lat' dir='ltr'>Laur.</span> 
     </span>
    </p>

    <p class='ocr_par' dir='ltr' id='par_1_13' title="bbox 118 2485 1700 2823">
     <span class='ocr_line' id='line_1_37' title="bbox 118 2485 1700 2533; baseline -0.001 -9"><span class='ocrx_word' id='word_1_336' title='bbox 118 2490 123 2495; x_wconf 82' lang='grc'><em>“</em></span> <span class='ocrx_word' id='word_1_337' title='bbox 154 2489 322 2533; x_wconf 82' lang='lat' dir='ltr'>restitui,</span> <span class='ocrx_word' id='word_1_338' title='bbox 354 2488 444 2525; x_wconf 87' lang='lat' dir='ltr'><strong>ibid.</strong></span> <span class='ocrx_word' id='word_1_339' title='bbox 463 2493 564 2526; x_wconf 88' lang='grc'><em>1379</em></span> <span class='ocrx_word' id='word_1_340' title='bbox 590 2487 807 2530; x_wconf 83' lang='grc' dir='ltr'><em>παύσοντας</em></span> <span class='ocrx_word' id='word_1_341' title='bbox 838 2485 1129 2531; x_wconf 79' lang='grc' dir='ltr'><em>κᾶποσώζοντας</em></span> <span class='ocrx_word' id='word_1_342' title='bbox 1159 2488 1227 2524; x_wconf 86' lang='lat' dir='ltr'>aut</span> <span class='ocrx_word' id='word_1_343' title='bbox 1252 2499 1337 2523; x_wconf 87' lang='lat' dir='ltr'><em>cum</em></span> <span class='ocrx_word' id='word_1_344' title='bbox 1369 2487 1531 2523; x_wconf 88' lang='lat' dir='ltr'>Heathio</span> <span class='ocrx_word' id='word_1_345' title='bbox 1563 2485 1700 2523; x_wconf 87' lang='grc' dir='ltr'><em>σώσον</em></span> 
     </span>
     <span class='ocr_line' id='line_1_38' title="bbox 155 2534 1696 2584; baseline -0.003 -11"><span class='ocrx_word' id='word_1_346' title='bbox 155 2550 222 2578; x_wconf 86' lang='grc' dir='ltr'><em>τας</em></span> <span class='ocrx_word' id='word_1_347' title='bbox 247 2539 314 2573; x_wconf 82' lang='lat' dir='ltr'>aut</span> <span class='ocrx_word' id='word_1_348' title='bbox 339 2534 507 2578; x_wconf 89' lang='grc' dir='ltr'><em>σώοντας</em></span> <span class='ocrx_word' id='word_1_349' title='bbox 530 2536 755 2584; x_wconf 81' lang='lat' dir='ltr'>legendum:</span> <span class='ocrx_word' id='word_1_350' title='bbox 781 2537 880 2582; x_wconf 85' lang='lat' dir='ltr'>fugit</span> <span class='ocrx_word' id='word_1_351' title='bbox 904 2536 1003 2572; x_wconf 88' lang='lat' dir='ltr'>enim</span> <span class='ocrx_word' id='word_1_352' title='bbox 1030 2536 1197 2571; x_wconf 86' lang='lat' dir='ltr'>litteram</span> <span class='ocrx_word' id='word_1_353' title='bbox 1229 2535 1447 2571; x_wconf 77' lang='lat' dir='ltr'>sibilantem</span> <span class='ocrx_word' id='word_1_354' title='bbox 1479 2534 1696 2581; x_wconf 85' lang='lat' dir='ltr'>Sophocles,</span> 
     </span>
     <span class='ocr_line' id='line_1_39' title="bbox 157 2565 1697 2641; baseline -0.002 -21"><span class='ocrx_word' id='word_1_355' title='bbox 157 2595 271 2630; x_wconf 83' lang='lat' dir='ltr'>quam</span> <span class='ocrx_word' id='word_1_356' title='bbox 295 2584 494 2631; x_wconf 84' lang='lat' dir='ltr'>Euripides</span> <span class='ocrx_word' id='word_1_357' title='bbox 518 2585 797 2631; x_wconf 69' lang='lat' dir='ltr'>frequentabat.</span> <span class='ocrx_word' id='word_1_358' title='bbox 823 2565 987 2620; x_wconf 66' lang='lat' dir='ltr'>”Sensim</span> <span class='ocrx_word' id='word_1_359' title='bbox 1006 2595 1094 2619; x_wconf 86' lang='lat' dir='ltr'>vero</span> <span class='ocrx_word' id='word_1_360' title='bbox 1120 2591 1135 2618; x_wconf 89' lang='grc' dir='ltr'><em>ῖ</em></span> <span class='ocrx_word' id='word_1_361' title='bbox 1160 2583 1274 2619; x_wconf 85' lang='lat' dir='ltr'>latius</span> <span class='ocrx_word' id='word_1_362' title='bbox 1294 2583 1431 2641; x_wconf 75' lang='lat' dir='ltr'>serpsit</span> <span class='ocrx_word' id='word_1_363' title='bbox 1456 2582 1571 2618; x_wconf 80' lang='lat' dir='ltr'>etiam</span> <span class='ocrx_word' id='word_1_364' title='bbox 1597 2583 1697 2628; x_wconf 87' lang='lat' dir='ltr'>apud</span> 
     </span>
     <span class='ocr_line' id='line_1_40' title="bbox 155 2624 1697 2679; baseline -0.002 -11"><span class='ocrx_word' id='word_1_365' title='bbox 155 2632 321 2677; x_wconf 55' lang='lat' dir='ltr'>Atticos,</span> <span class='ocrx_word' id='word_1_366' title='bbox 347 2635 391 2668; x_wconf 88' lang='lat' dir='ltr'>ut</span> <span class='ocrx_word' id='word_1_367' title='bbox 416 2633 478 2679; x_wconf 83' lang='lat' dir='ltr'><em>lap</em></span> <span class='ocrx_word' id='word_1_368' title='bbox 478 2632 559 2668; x_wconf 86' lang='lat' dir='ltr'>ides</span> <span class='ocrx_word' id='word_1_369' title='bbox 583 2633 787 2676; x_wconf 87' lang='lat' dir='ltr'>testantur,</span> <span class='ocrx_word' id='word_1_370' title='bbox 814 2632 919 2667; x_wconf 86' lang='lat' dir='ltr'>velut</span> <span class='ocrx_word' id='word_1_371' title='bbox 945 2630 1052 2667; x_wconf 87' lang='lat' dir='ltr'><strong>CIGr.</strong></span> <span class='ocrx_word' id='word_1_372' title='bbox 1079 2631 1096 2666; x_wconf 93' lang='lat' dir='ltr'>I</span> <span class='ocrx_word' id='word_1_373' title='bbox 1124 2635 1192 2667; x_wconf 80' lang='grc'>175</span> <span class='ocrx_word' id='word_1_374' title='bbox 1219 2624 1328 2672; x_wconf 76' lang='grc' dir='ltr'><em>οὗτος</em></span> <span class='ocrx_word' id='word_1_375' title='bbox 1353 2628 1468 2675; x_wconf 73' lang='grc' dir='ltr'><em>ἀνὴρ,</em></span> <span class='ocrx_word' id='word_1_376' title='bbox 1494 2625 1536 2670; x_wconf 80' lang='grc' dir='ltr'><em>ὃς</em></span> <span class='ocrx_word' id='word_1_377' title='bbox 1563 2628 1697 2675; x_wconf 78' lang='grc' dir='ltr'><em>ἐ’(σ)ωι-</em></span> 
     </span>
     <span class='ocr_line' id='line_1_41' title="bbox 156 2675 1697 2737; baseline -0.002 -21"><span class='ocrx_word' id='word_1_378' title='bbox 156 2691 234 2727; x_wconf 83' lang='grc' dir='ltr'><em>σεν,</em></span> <span class='ocrx_word' id='word_1_379' title='bbox 260 2679 316 2716; x_wconf 79' lang='lat' dir='ltr'><em>ita</em></span> <span class='ocrx_word' id='word_1_380' title='bbox 340 2680 426 2717; x_wconf 89' lang='lat' dir='ltr'>Keil</span> <span class='ocrx_word' id='word_1_381' title='bbox 449 2680 590 2717; x_wconf 86' lang='lat' dir='ltr'>rectius</span> <span class='ocrx_word' id='word_1_382' title='bbox 617 2681 750 2737; x_wconf 84' lang='lat' dir='ltr'>opinor</span> <span class='ocrx_word' id='word_1_383' title='bbox 775 2679 924 2725; x_wconf 84' lang='lat' dir='ltr'>scripsit</span> <span class='ocrx_word' id='word_1_384' title='bbox 949 2690 1063 2724; x_wconf 85' lang='lat' dir='ltr'>quam</span> <span class='ocrx_word' id='word_1_385' title='bbox 1088 2678 1240 2715; x_wconf 84' lang='lat' dir='ltr'>Boeckh</span> <span class='ocrx_word' id='word_1_386' title='bbox 1265 2675 1363 2723; x_wconf 83' lang='grc' dir='ltr'><em>ανὴρ</em></span> <span class='ocrx_word' id='word_1_387' title='bbox 1390 2675 1585 2722; x_wconf 77' lang='grc' dir='ltr'><em>ἐσαωισεν,</em></span> <span class='ocrx_word' id='word_1_388' title='bbox 1610 2688 1697 2713; x_wconf 82' lang='lat' dir='ltr'><em>nam</em></span> 
     </span>
     <span class='ocr_line' id='line_1_42' title="bbox 155 2724 1696 2784; baseline -0.003 -20"><span class='ocrx_word' id='word_1_389' title='bbox 155 2739 331 2774; x_wconf 80' lang='lat' dir='ltr'>praesens</span> <span class='ocrx_word' id='word_1_390' title='bbox 362 2725 483 2772; x_wconf 79' lang='grc' dir='ltr'><em>σαόζω</em></span> <span class='ocrx_word' id='word_1_391' title='bbox 517 2727 596 2765; x_wconf 86' lang='lat' dir='ltr'>sive</span> <span class='ocrx_word' id='word_1_392' title='bbox 629 2725 758 2771; x_wconf 81' lang='grc' dir='ltr'><em>σαώζω</em></span> <span class='ocrx_word' id='word_1_393' title='bbox 792 2727 864 2772; x_wconf 86' lang='lat' dir='ltr'>(Et</span> <span class='ocrx_word' id='word_1_394' title='bbox 897 2727 946 2762; x_wconf 89' lang='lat' dir='ltr'><em>M.</em></span> <span class='ocrx_word' id='word_1_395' title='bbox 975 2730 1061 2770; x_wconf 87' lang='grc'>741,</span> <span class='ocrx_word' id='word_1_396' title='bbox 1087 2729 1147 2772; x_wconf 81' lang='lat'><em>32)</em></span> <span class='ocrx_word' id='word_1_397' title='bbox 1178 2726 1506 2783; x_wconf 83' lang='lat' dir='ltr'>grammaticorum</span> <span class='ocrx_word' id='word_1_398' title='bbox 1534 2724 1696 2784; x_wconf 57' lang='lat' dir='ltr'>‚figmen-</span> 
     </span>
     <span class='ocr_line' id='line_1_43' title="bbox 156 2769 1695 2823; baseline -0.003 -11"><span class='ocrx_word' id='word_1_399' title='bbox 156 2780 238 2812; x_wconf 85' lang='lat' dir='ltr'>tum</span> <span class='ocrx_word' id='word_1_400' title='bbox 262 2776 422 2813; x_wconf 76' lang='lat' dir='ltr'>videtur.</span> <span class='ocrx_word' id='word_1_401' title='bbox 448 2797 493 2804; x_wconf 92' lang='lat'><em>—-</em></span> <span class='ocrx_word' id='word_1_402' title='bbox 524 2777 570 2813; x_wconf 91' lang='lat' dir='ltr'><em>V.</em></span> <span class='ocrx_word' id='word_1_403' title='bbox 596 2780 653 2813; x_wconf 84' lang='lat'><em>69.</em></span> <span class='ocrx_word' id='word_1_404' title='bbox 681 2787 844 2823; x_wconf 85' lang='grc' dir='ltr'><em>μηποτε,</em></span> <span class='ocrx_word' id='word_1_405' title='bbox 870 2773 1003 2821; x_wconf 84' lang='grc' dir='ltr'><em>μηκέτι</em></span> <span class='ocrx_word' id='word_1_406' title='bbox 1030 2773 1076 2810; x_wconf 86' lang='lat' dir='ltr'><strong>el.</strong></span> <span class='ocrx_word' id='word_1_407' title='bbox 1109 2794 1156 2801; x_wconf 89' lang='lat'><em>-</em></span> <span class='ocrx_word' id='word_1_408' title='bbox 1186 2774 1231 2809; x_wconf 93' lang='lat' dir='ltr'><em>V.</em></span> <span class='ocrx_word' id='word_1_409' title='bbox 1260 2778 1316 2809; x_wconf 92' lang='grc'><em>70.</em></span> <span class='ocrx_word' id='word_1_410' title='bbox 1345 2770 1500 2819; x_wconf 81' lang='grc' dir='ltr'><em>ἐθέλῃς,</em></span> <span class='ocrx_word' id='word_1_411' title='bbox 1526 2769 1642 2817; x_wconf 82' lang='grc' dir='ltr'><em>ε’θέλη</em></span> <span class='ocrx_word' id='word_1_412' title='bbox 1668 2784 1695 2808; x_wconf 91' lang='lat' dir='ltr'><strong>r.</strong></span> 
     </span>
    </p>
   </div>
   <div class='ocr_carea' id='block_1_7' title="bbox 161 2875 446 2880">
    <p class='ocr_par' dir='ltr' id='par_1_14' title="bbox 161 2875 446 2880">
     <span class='ocr_line' id='line_1_44' title="bbox 161 2875 446 2880; baseline 0 0"><span class='ocrx_word' id='word_1_413' title='bbox 161 2875 446 2880; x_wconf 95' lang='lat' dir='ltr'><em> </em></span> 
     </span>
    </p>
   </div>
   <div class='ocr_carea' id='block_1_8' title="bbox 157 2936 1695 3029">
    <p class='ocr_par' dir='ltr' id='par_1_15' title="bbox 157 2936 1695 3029">
     <span class='ocr_line' id='line_1_45' title="bbox 251 2936 1695 2991; baseline -0.005 -10"><span class='ocrx_word' id='word_1_414' title='bbox 251 2944 284 2990; x_wconf 80' lang='lat'><em>¹⁸⁸)</em></span> <span class='ocrx_word' id='word_1_415' title='bbox 309 2943 509 2981; x_wconf 83' lang='lat' dir='ltr'>Geminum</span> <span class='ocrx_word' id='word_1_416' title='bbox 540 2944 753 2991; x_wconf 86' lang='lat' dir='ltr'>exemplum</span> <span class='ocrx_word' id='word_1_417' title='bbox 784 2942 941 2989; x_wconf 79' lang='lat' dir='ltr'>praebet</span> <span class='ocrx_word' id='word_1_418' title='bbox 970 2941 1129 2988; x_wconf 85' lang='lat' dir='ltr'><strong>Hesych.</strong></span> <span class='ocrx_word' id='word_1_419' title='bbox 1163 2937 1292 2987; x_wconf 83' lang='grc' dir='ltr'><em>δώει,</em></span> <span class='ocrx_word' id='word_1_420' title='bbox 1324 2938 1482 2986; x_wconf 79' lang='grc' dir='ltr'><em>παρέξει</em></span> <span class='ocrx_word' id='word_1_421' title='bbox 1511 2940 1551 2975; x_wconf 88' lang='lat' dir='ltr'><em>et</em></span> <span class='ocrx_word' id='word_1_422' title='bbox 1582 2936 1695 2986; x_wconf 79' lang='grc' dir='ltr'><em>δώω,</em></span> 
     </span>
     <span class='ocr_line' id='line_1_46' title="bbox 157 2988 617 3029; baseline 0 -1"><span class='ocrx_word' id='word_1_423' title='bbox 157 2988 297 3028; x_wconf 72' lang='grc' dir='ltr'><em>δώσω.</em></span> <span class='ocrx_word' id='word_1_424' title='bbox 321 2992 388 3028; x_wconf 89' lang='lat' dir='ltr'>ubi</span> <span class='ocrx_word' id='word_1_425' title='bbox 412 2993 493 3029; x_wconf 83' lang='lat' dir='ltr'><strong>cod.</strong></span> <span class='ocrx_word' id='word_1_426' title='bbox 520 2993 617 3028; x_wconf 85' lang='grc' dir='ltr'><em>δωῶ.</em></span> 
     </span>
    </p>
   </div>
  </div>
 </body>
</html>
