1890 3216
800 130 1156 170 ARCHILOCHUS.
1661 128 1746 171 401

280 231 393 286 ἀλλὰ
428 243 659 299 χαρτοῖσίν
690 256 737 284 τε
768 250 893 298 χαῖρε
925 240 998 284 καὶ
1032 248 1237 284 κακοῖσιν
1269 236 1442 296 ἀσχάλα
1679 249 1744 281 701

281 312 340 371 μὴ
375 317 495 371 λίην·
516 316 746 370 Ιγίγνωσκε
778 310 820 357 δ’
858 307 953 364 οἷος
984 310 1154 369 ῥυσμὸς
1186 308 1462 367 ἀνθρώπους
1494 312 1593 367 ἔχει.

783 458 798 472 .
859 433 1100 487 67.[100]

279 552 289 561 .
322 551 331 562 .
364 553 373 562 .
406 552 415 562 .
447 514 520 561 Σὺ
551 514 638 574 γὰρ
671 513 727 573 δὴ
759 513 878 572 παρὰ
911 518 1058 572 φίλων
1090 513 1299 572 ἀπάγχεο.

871 637 1082 690 68.[14]

280 756 289 766 .
322 756 331 765 .
364 756 372 766 .
406 719 568 778 Μάχης
592 718 648 764 δὲ
679 721 757 776 τῆς
789 720 890 776 σῆς,
924 716 1035 763 ὥστε
1070 718 1240 771 διψέων
1272 727 1413 773 πιεῖν,

280 789 341 846 ὣς
371 793 493 852 ἐρέω.

874 887 1084 942 69.[90]

277 973 383 1017 Νῦν
416 970 466 1016 δὲ
498 969 732 1028 Λεώφιλος
763 969 845 1029 μὲν
877 968 1024 1027 ἄρχει,
1059 968 1294 1026 Λεωφιλος
1325 966 1368 1012 δ’
1403 969 1648 1025 ἐπικρατεῖ,

279 1046 500 1104 Λεωφίλςο
534 1042 584 1087 δὲ
615 1041 760 1086 πάντα
791 1050 951 1098 κεῖται,
987 1040 1221 1098 Λεώφιλος
1252 1041 1297 1084 δ’
1333 1037 1544 1086 ἀκουέτω.

301 1197 345 1234 V.
374 1202 395 1234 6
421 1199 460 1234 et
486 1202 506 1234 7
532 1197 644 1235 afferi:
669 1196 837 1244 Apostol.
858 1196 979 1232 XVIII
1006 1201 1074 1234 8a.
1104 1218 1146 1222 —
1174 1192 1322 1242 ἀσχάλα
1347 1195 1420 1240 bw,
1446 1191 1607 1241 ἆσχαλλε
1635 1194 1750 1230 ceteri

206 1245 306 1283 libri.
330 1267 373 1272 --
399 1246 443 1282 V.
465 1251 498 1283 6.
524 1247 707 1292 γίγνωσκε
730 1245 846 1290 Stob„
874 1247 1031 1291 γίνωσκε
1054 1247 1183 1290 Apost.
1206 1265 1250 1270 —
1271 1241 1412 1291 ῥυσμὸς
1431 1243 1542 1279 Vind.
1563 1243 1606 1278 ut
1625 1242 1750 1288 vulgo,

207 1291 356 1341 ὁυθμός
381 1294 445 1329 ΑΒ
471 1305 495 1330 a
519 1306 570 1331 m.
597 1306 668 1330 sec.
696 1305 762 1329 cw.

301 1342 361 1378 Fr.
383 1346 439 1378 67.
485 1342 638 1378 Ariston
660 1341 771 1377 Polib.
793 1340 861 1376 V11
882 1345 915 1385 6,
936 1345 975 1376 3:
1002 1337 1096 1386 πρὸς
1121 1337 1194 1385 γὰρ
1220 1337 1308 1380 τοὺς
1327 1336 1510 1385 συνήθεις
1529 1338 1594 1374 καὶ
1614 1338 1749 1383 φίλους

206 1386 226 1425 ὁ
252 1387 380 1436 θυμὸς
411 1391 556 1435 αἴρεται
591 1390 730 1436 μᾶλλον
764 1384 787 1433 ἢ
820 1386 915 1434 πρὸς
947 1386 1035 1429 τοὺς
1060 1385 1250 1434 ἀγνῶτας,
1276 1384 1547 1433 ὀλιγωρεῖσθαι
1573 1387 1746 1432 νομίσας·

206 1435 268 1473 διὸ
301 1437 367 1473 καὶ
395 1433 598 1483 Ἀρχίλοχος
628 1434 895 1495 προσηκόντως
926 1441 1003 1476 τοῖς
1035 1437 1158 1481 φίλοις
1194 1433 1362 1478 ἐγκαλῶν
1396 1433 1612 1480 διαλέγεται
1638 1431 1752 1478 πρὸς

206 1482 286 1521 τὸν
311 1487 372 1520 θυ
415 1484 482 1521 όν·
510 1481 562 1521 οὗ
589 1482 673 1531 γὰρ
700 1486 752 1530 ὃη
780 1484 886 1530 περὶ
912 1498 951 1528 φ.
979 1481 1195 1529 ἀπάγχεο.
1223 1504 1270 1508 -
1295 1480 1341 1518 σὺ
1369 1482 1572 1518 Schneider
1597 1483 1636 1518 et
1660 1481 1751 1517 Mei-

206 1533 317 1575 neke,
343 1546 389 1569 ov
416 1532 514 1569 libri.
542 1533 714 1579 Hartung
739 1530 853 1578 ἀτὰρ
880 1530 929 1578 μὴ
956 1532 1043 1577 περὶ
1070 1545 1106 1576 φ.
1137 1552 1181 1556 -
1207 1527 1311 1577 παρὰ
1340 1530 1529 1566 Victorius
1556 1531 1594 1565 eb
1620 1539 1751 1575 margo

209 1581 267 1617 cd.
294 1581 391 1625 Bas„
418 1581 505 1617 libri
530 1581 573 1616 ut
590 1580 739 1616 videtur
755 1583 888 1616 'omnes
907 1579 1006 1626 περὶ.
1027 1600 1070 1605 —-
1098 1575 1287 1624 ἀπάγχεο,
1313 1575 1505 1623 ἀπάγχετο
1526 1573 1749 1623 (ἀπάγκετο)

207 1628 279 1673 P4,
318 1625 511 1675 ἀπάγχεαι
542 1628 608 1673 Pl,
646 1625 814 1674 ἀπέγχεο
847 1627 971 1671 Sbe‚
1009 1623 1180 1672 ἀπήγχεο
1205 1625 1268 1662 P5.
1319 1626 1440 1661 Locus
1470 1625 1637 1661 nondum
1669 1636 1750 1671 per-

208 1678 378 1722 smatus,
417 1686 503 1712 nam
549 1675 721 1721 quamvis
770 1675 1038 1711 correctionem
1076 1675 1121 1710 σὺ
1160 1676 1320 1710 metrum
1358 1673 1530 1720 flagitare
1567 1672 1751 1716 videatur,

208 1726 337 1760 tamen
379 1724 640 1770 imperfectum
685 1720 857 1769 ἀπάγχεο
901 1723 940 1758 in
990 1722 1173 1758 eiusmodi
1224 1721 1411 1758 sententia
1460 1720 1750 1757 incommodum.

206 1768 412 1818 (ἀπήγχεο,
445 1771 547 1817 quod
580 1770 782 1808 Schneider
814 1772 852 1807 et
885 1769 1020 1806 Coraes
1052 1770 1264 1816 requirunt,
1297 1781 1372 1805 non
1405 1770 1463 1805 est
1488 1768 1750 1811 necessarium,

207 1821 451 1903 gugmentum
493 1819 671 1856 omissum
708 1830 782 1855 non
822 1820 879 1854 est
916 1817 1138 1863 offensioni.)
1198 1817 1385 1863 Equidem
1415 1817 1584 1863 suspicor
1621 1815 1750 1862 legen-

233 1879 297 1903 um
322 1878 418 1904 esse:

345 1923 475 1974 (Θύμ’,
502 1923 596 1976 ὃρᾷς
619 1923 742 1971 τάδ’ς)
769 1922 813 1961 οὗ
838 1923 911 1971 γὰρ
938 1922 1050 1971 ἀλκὴ
1078 1921 1190 1970 πρὸς
1216 1925 1378 1970 φίλων·
1406 1920 1605 1968 ἀπᾶγχεο.

208 1997 526 2044 quomadmodum
559 1999 617 2033 est
648 1997 749 2044 apud
782 1997 957 2032 Plautum
994 1996 1100 2042 Caph.
1127 1995 1178 2030 III
1205 1999 1244 2040 4,
1273 1999 1358 2031 103:
1392 1995 1494 2041 Quin
1524 1993 1706 2040 quiescis?
1738 1995 1754 2029 i

209 2046 415 2090 dierectum,
435 2056 496 2082 cor
515 2057 643 2089 meum,
662 2057 706 2081 ae
724 2046 904 2091 suspende
929 2049 975 2080 te.
1016 2044 1124 2088 Quod
1149 2043 1179 2079 si
1200 2048 1328 2078 veru‘m
1355 2044 1548 2079 assecutus
1569 2053 1664 2087 sum,
1689 2042 1752 2077 hic

209 2105 337 2130 versus
362 2104 439 2129 non
465 2094 524 2129 est
547 2093 761 2129 referendus
782 2093 830 2128 ad
850 2104 1017 2138 carmen,
1043 2103 1089 2127 ex
1115 2097 1192 2137 quo⁴
1207 2090 1251 2126 fr.
1274 2095 1318 2127 66
1344 2091 1519 2136 petitum,
1546 2089 1646 2136 quod
1672 2101 1752 2125 car-

208 2153 294 2177 men
320 2141 430 2178 aliter
457 2142 644 2177 moratum
668 2140 782 2176 fuisse
809 2142 977 2186 apparet.

305 2189 362 2225 Fr.
391 2192 447 2225 68.
492 2189 628 2224 Athen.
654 2187 689 2223 X
713 2188 839 2224 433E:
875 2188 952 2234 Τῆς
978 2186 1020 2223 δὲ
1049 2188 1163 2232 δίψης
1189 2183 1304 2222 οὐδέν
1332 2183 1410 2222 ἐστι
1441 2182 1749 2231 πολυποθητότε-

209 2250 276 2283 ρον
304 2264 311 2272 .
333 2265 340 2271 .
363 2266 370 2272 .
398 2236 464 2272 καὶ
490 2233 510 2273 ὃ
535 2233 801 2282 Ἀρχίλοχος·
828 2233 991 2281 Μάχης
1015 2237 1090 2271 κτλ.

305 2285 363 2320 Fr.
391 2288 447 2321 69.
493 2283 694 2320 Herodian.
721 2282 808 2329 περὶ
841 2295 947 2329 σχημ.
975 2286 1032 2326 57,
1059 2286 1097 2318 2:
1123 2280 1228 2318 Ἔστι
1252 2279 1294 2318 τὸ
1322 2283 1495 2318 τοιοῦτον
1521 2282 1645 2327 σχῆμα
1670 2282 1750 2327 (πο-

210 2329 420 2377 λύπτωτον)
445 2331 511 2367 καὶ
530 2329 634 2378 παρά
660 2343 734 2366 τισι
758 2332 834 2366 τῶν
860 2331 1044 2376 ποιητῶν,
1078 2327 1126 2371 ὡς
1157 2327 1261 2376 παρὰ
1291 2327 1543 2376 Ἀρχιλόχῳ·
1579 2329 1679 2364 Νῦν
1705 2328 1747 2363 δὲ

209 2383 286 2416 κτλ.
313 2401 357 2406 -—
386 2379 429 2417 V.
458 2384 489 2414 1.
519 2379 605 2415 Νῦν
632 2378 674 2414 δὲ
696 2376 891 2424 Λεῶφιλος
917 2377 986 2424 μὲν
1013 2377 1056 2421 Α,
1082 2379 1153 2413 νῦν
1180 2377 1250 2424 μὲν
1276 2376 1470 2423 Λεώφιλος
1495 2377 1536 2422 Β,
1562 2390 1594 2412 ν.
1616 2379 1657 2412 Α.
1679 2375 1750 2421 μὲν

213 2427 287 2465 GD.
316 2449 359 2454 —
387 2425 581 2472 Λεώφιλος
607 2423 659 2471 δ’,
685 2427 884 2472 Λεωφίλου
913 2422 950 2461 δ’
971 2427 1015 2471 Α,
1040 2425 1174 2462 Nauck
1199 2426 1398 2471 Λεωφίλου
1425 2422 1464 2460 δ’
1493 2421 1592 2460 ἐστὶν
1617 2422 1749 2470 κράτη.

211 2475 334 2522 possis
360 2477 544 2523 Λεωφίλῳ
572 2471 610 2510 δ’
641 2474 703 2510 ἔπι
728 2471 865 2520 κράτος
891 2473 1086 2518 conficere,
1112 2473 1178 2509 sed
1205 2473 1284 2509 cod.
1312 2473 1345 2508 A
1369 2473 1474 2508 nulla
1500 2472 1560 2507 hic
1587 2471 1749 2507 auctori-

210 2526 279 2569 tas,
305 2522 480 2560 librarius
505 2524 548 2558 ub
571 2522 762 2569 polyptoti
787 2522 943 2568 figuram
972 2521 1188 2557 restitueret
1212 2523 1252 2557 et
1276 2520 1338 2556 hic
1364 2522 1403 2556 et
1429 2533 1461 2557 v.
1476 2524 1497 2555 2
1525 2519 1750 2565 scripturam

210 2570 390 2608 traditam
416 2582 462 2607 ex
488 2570 644 2606 arbitrio
670 2569 841 2606 correxit.
869 2590 913 2595 —
946 2569 988 2603 V.
1016 2573 1048 2604 2.
1076 2569 1260 2616 Λεωφίλῳ
1287 2567 1328 2604 δὲ
1362 2566 1486 2603 πάντα
1521 2571 1644 2603 κεῖται
1674 2578 1750 2602 non

212 2618 287 2655 iam
314 2618 593 2655 sollicitandum
615 2617 781 2654 videtur:
807 2618 921 2663 poeta.
946 2616 1054 2652 dicit:
1081 2617 1206 2652 omnia
1231 2617 1274 2652 de
1293 2615 1464 2661 Leophili
1489 2615 1645 2651 arbitrio
1670 2625 1749 2650 sus-

209 2677 324 2712 pensa
353 2670 458 2711 swnt,
491 2666 571 2702 solo
604 2677 692 2701 usus
719 2665 866 2708 daizivo3
893 2663 986 2700 alias
1013 2661 1054 2700 ἐν
1082 2661 1160 2710 (ἐπὶ
1184 2664 1246 2699 vel
1272 2659 1328 2708 ἐκ)
1354 2663 1451 2700 solet
1476 2662 1575 2698 addi.
1627 2663 1751 2698 Antea

213 2714 359 2750 conieci
384 2715 569 2763 Λεῳφίλῳ
596 2712 638 2749 δὲ
665 2710 782 2748 πάντ’
810 2709 960 2748 ἀνεῖται
987 2712 1061 2760 (νρΙ
1086 2708 1269 2760 ἀνῷκται)
1289 2714 1327 2747 et
1352 2710 1486 2746 deinde
1505 2711 1688 2758 Λεωφίλῳ
1709 2705 1746 2744 δ’

213 2758 397 2798 ἀκούεται
427 2762 451 2798 i.
479 2774 509 2798 e.
542 2772 662 2798 omnes
688 2761 862 2805 Leophilo
894 2760 991 2795 dicto
1022 2760 1212 2795 audie-ntes
1235 2762 1334 2795 sunt.
1378 2758 1526 2794 Hecker
1551 2758 1749 2816 Λεωφίλου

214 2807 257 2846 δὲ
283 2806 410 2846 πάντα
441 2814 562 2846 κεῖνα.
594 2830 640 2835 -
672 2806 867 2853 Λεώφιλος
893 2803 930 2842 δ’
965 2804 1134 2843 ἀκουέτω
1168 2806 1239 2842 scri
1268 2806 1316 2851 si,
1347 2803 1518 2851 Λεώφιλε
1555 2803 1597 2840 δὲ
1629 2817 1748 2840 ακουε

212 2854 290 2902 AB,
315 2855 511 2903 Λεῶφιλος
531 2853 568 2892 δ’
590 2854 707 2892 ἄκουε
723 2855 795 2892 CD.
824 2856 965 2891 Porson
990 2856 1188 2900 Αεωφίλου
1210 2855 1232 2890 ὃ
1269 2850 1463 2898 ἀκούεται,
1490 2852 1623 2888 Nauck
1649 2850 1749 2888 Λεώ-

214 2907 323 2951 φιλος
347 2903 390 2941 δὲ
411 2905 560 2954 μακκοᾷ
581 2904 747 2949 requirit.
789 2902 972 2949 Equidem
992 2902 1102 2938 credo
1121 2902 1310 2948 integrum
1329 2913 1477 2937 versum
1497 2901 1595 2936 inter
1614 2913 1647 2937 v.
1671 2905 1688 2936 1
1712 2902 1750 2936 et

285 2970 416 2997 Pom-n:
435 2971 513 2996 Lim.
532 2970 574 2996 11.
1418 2964 1463 2997 26
