1890 3216
828 174 1103 239 TYRTAEUs.
1687 205 1707 245 1
1720 205 1737 246 1

859 310 899 355 5.
934 313 991 366 [3.
1011 313 1071 366 4.]

256 380 479 444 Ἡμετέρῳ
512 384 710 440 βασιλῆϊ,
742 388 892 427 θεοῖσι
925 385 1042 443 φίλω
1075 382 1341 444 Θεοπόμπῳ,
1671 400 1740 429 396

323 452 378 500 ὃν
411 453 486 500 διὰ
520 454 774 512 Μεσσήνην
805 456 984 512 εἵλομεν
1017 453 1285 513 εὐρύχορον,

262 527 512 586 Μεσσήνην
544 525 727 585 ἀγαθὴν
759 526 841 584 μὲν
875 524 1036 585 ἀροῦν,
1069 524 1252 585 ἀγαθὴν
1286 526 1336 572 δὲ
1369 526 1600 585 φυτεύειν·

320 597 434 658 ἄμφ’
472 597 618 657 αὐτὴν
651 597 692 644 δ’
730 596 940 657 ἐμάχοντ’
978 597 1280 644 ἐννεακαίδεκ’
1316 602 1391 657 ἔτη

213 685 235 718 5
260 673 495 730 νωλεμέως
527 674 627 729 αἰεί,
658 674 970 729 ταλασίφρονα
1001 669 1156 728 θυμὸν
1188 674 1379 729 ἔχοντες,

320 743 530 802 αἰχμηταὶ
562 744 767 801 πατέρων
799 740 1029 801 ἡμετέρων
1062 743 1264 800 πατέρες·
1313 753 1320 760 ·

189 875 232 913 αἰ
255 875 298 913 δὲ
325 873 480 912 σκολιαν
506 872 526 911 ὁ
548 875 668 937 δᾶμος
695 874 815 911 έλοιτο
843 873 1092 921 (331.έροιτο)
1119 872 1208 916 τοὺς
1232 876 1514 924 πρεσβυγενέας
1535 879 1601 914 καὶ
1621 876 1738 926 ἄρχα-

188 923 301 971 γέτας
325 921 593 970 ἀποστατῆρας
619 921 738 970 εἶμεν,
763 923 952 959 addidisse
979 923 1013 959 ei
1041 922 1217 970 dictioni,
1244 936 1356 970 quam
1383 925 1574 970 quondam
1601 926 1654 974 Ly
1659 940 1738 964 cur-

189 985 258 1019 gus
284 972 447 1018 accepit.
475 971 658 1008 eiusmodi
681 972 784 1007 fraus
809 971 857 1006 ab
882 971 986 1007 illius
1012 971 1152 1007 saeculi
1178 971 1331 1016 ingenio
1351 973 1488 1010 aliena.
1540 974 1619 1012 Imo
1631 940 1740 1031 yhaec

188 1022 274 1076 ipsa
299 1020 427 1065 verba,
454 1031 550 1066 qnae
570 1019 745 1066 Delphici
771 1019 943 1055 oraculi'
933 1019 1120 1066 lusignem
1139 1020 1379 1075 prudentiam
1400 1024 1574 1068 arguunt,
1595 1035 1617 1059 a
1635 1024 1736 1070 prin-

189 1068 287 1115 cipio
323 1069 539 1115 Lycurgeae
576 1068 732 1104 dictioni
767 1067 899 1104 addita
939 1068 1107 1103 fuerunt:
1143 1069 1208 1104 sed
1244 1069 1382 1104 sensim
1418 1071 1550 1116 populi
1584 1071 1740 1109 licentia

189 1117 372 1172 gliscente
399 1116 604 1162 Spartanos
627 1116 741 1152 huius
766 1116 960 1162 praecepti
985 1116 1126 1152 oblivio
1146 1115 1259 1162 cepit,
1279 1128 1387 1163 reges
1413 1129 1457 1154 ac
1484 1121 1636 1156 senatus
1662 1132 1736 1156 non

188 1165 265 1202 iam
301 1165 492 1200 audebant
525 1164 658 1210 populi
689 1163 943 1210 multitudini,
976 1164 1008 1199 si
1040 1164 1130 1209 quid
1162 1167 1354 1210 novasset,
1386 1166 1568 1203 resistere.
1620 1168 1741 1214 Igitur

188 1213 283 1259 Poly
285 1213 398 1249 dorus
424 1213 463 1249 et
489 1212 755 1258 Theopompus
786 1211 926 1248 iterum
955 1212 1183 1258 Delphicum
1216 1213 1409 1249 oraculum
1442 1215 1622 1252 sciscitati
1654 1220 1740 1253 sunt

167 1261 235 1298 ·de
259 1273 300 1297 re
325 1260 480 1307 publica
506 1260 731 1306 ordinanda,
763 1260 954 1297 antistites
991 1261 1134 1296 oraculi
1165 1261 1317 1307 regibus
1350 1262 1482 1298 eadem
1514 1263 1610 1310 fere,
1642 1276 1738 1310 quae

189 1309 281 1346 olim
317 1309 491 1363 Lycurgo
527 1308 819 1363 responderunt,
855 1308 1118 1354 antiquissima
1153 1320 1324 1356 quaeque
1360 1310 1526 1346 civitatis
1557 1311 1735 1349 11131111113,

188 1349 334 1413 optima
358 1356 543 1393 arbitrati.
594 1358 649 1394 Ac
674 1356 854 1403 proximis
881 1355 1034 1402 quidem
1066 1357 1224 1394 saeculis
1258 1357 1436 1394 videntur
1463 1359 1640 1405 Spartani
1673 1372 1735 1397 ca-

188 1406 307 1450 visse,
346 1416 393 1442 ne
432 1405 523 1451 quid
562 1407 714 1442 senatus
753 1404 933 1441 consultis
971 1405 1235 1452 obrogaretur:
1276 1417 1390 1451 quare
1423 1407 1488 1452 qui
1519 1410 1652 1454 postea
1692 1410 1738 1445 de
1766 1426 1773 1431 ·

188 1452 374 1490 111311111113
418 1453 802 1490 Lacedaemoniorum
850 1453 1103 1499 scripserunt,
1147 1454 1369 1500 praesertim
1415 1466 1499 1490 cum
1544 1457 1739 1493 oraculum

190 1501 435 1556 Theopompo
463 1502 502 1537 et
526 1502 712 1546 Polydoro
739 1501 882 1538 editum
916 1501 1107 1538 oblivione
1139 1502 1316 1538 obrutum
1348 1504 1446 1538 esset
1476 1503 1629 1558 eiusque
1662 1517 1738 1541 me-

189 1549 310 1586 moria
333 1549 575 1596 potissimum
592 1549 744 1604 Tyrtaei
764 1549 981 1590 testimonio
1007 1549 1158 1586 firmata
1183 1551 1292 1594 esset,
1312 1551 1516 1587 commenti
1542 1554 1641 1598 311111,
1667 1553 1736 1589 1103

188 1609 298 1644 reges
322 1597 464 1644 primos
498 1597 538 1632 id
571 1597 712 1633 cavisse
745 1599 783 1633 et
813 1598 1030 1643 Lycurgeae
1064 1598 1220 1634 dictioni
1251 1598 1455 1635 novissima
1487 1600 1602 1636 verba
1634 1601 1739 1638 addi-

189 1645 300 1682 disse.
326 1665 372 1671 —
397 1645 469 1682 Hic
503 1656 651 1692 quoque
682 1645 831 1681 videtur
865 1645 1048 1691 Tyrtaeus
1079 1646 1165 1692 ipsa
1196 1646 1338 1682 oraculi
1370 1648 1487 1684 verba
1517 1649 1737 1694 servavisse,

189 1704 285 1740 quae
309 1694 424 1740 poeta
449 1693 633 1739 deinceps
653 1692 847 1739 explanat,
869 1695 912 1729 111
936 1694 1007 1730 1103
1032 1693 1148 1730 fuerit
1173 1694 1235 1730 dei
1260 1705 1501 1741 responsum.

395 1762 539 1812 ’Ἀρχειν
566 1763 638 1825 μὲν
663 1766 800 1815 βουλῆς
811 1764 1078 1825 θεοτιμήτους
1104 1767 1287 1826 βασιλῆας

403 1812 686 1862 πρεσβυγενέας
710 1827 750 1850 τε
776 1812 974 1871 γέροντας·
1003 1812 1136 1850 ἔπειτα
1161 1812 1204 1850 δε
1231 1812 1399 1861 δημότας
1424 1812 1568 1863 ανδρας

405 1863 626 1908 μυθεῖσθαί
646 1875 685 1898 τε
712 1875 759 1897 τα
786 1859 883 1897 καλὰ
912 1861 977 1898 καὶ
1005 1860 1130 1908 ε’ρδειν
1155 1860 1282 1899 πάντα
1309 1864 1454 1910 δίκαια,

409 1937 1440 1948 οοοοοοοοοοοοοοοοοο

405 1954 529 2005 δήμου
557 1957 599 1994 δὲ
626 1955 769 2004 πλήθει
796 1959 906 2004 νίκην
932 1959 998 1994 καὶ
1024 1972 1161 2005 καρτος
1187 1958 1362 1996 ἕπεσθαι.

188 2041 277 2066 nam
302 2030 388 2076 post
413 2042 446 2067 v.
468 2034 490 2066 3
512 2030 606 2076 (sive
625 2030 713 2076 post
730 2043 762 2066 v.
784 2031 819 2075 2)
846 2031 886 2066 id
911 2029 1048 2077 ipsum,
1074 2031 1114 2067 in
1140 2042 1232 2076 quo·
1225 2043 1387 2067 ·summa
1410 2033 1465 2069 rei
1491 2035 1559 2079 331,
1586 2035 1738 2070 cautum

189 2079 288 2123 erat,
312 2090 360 2114 ne
393 2078 485 2124 quid
516 2079 668 2115 senatus
701 2078 882 2114 consultis
914 2079 1159 2134 obrogarent,
1193 2080 1293 2126 quod
1326 2081 1511 2126 Tyrtaeus
1543 2094 1577 2119 v.
1605 2087 1625 2118 6
1652 2084 1692 2118 et
1716 2086 1738 2118 8

189 2106 386 2172 significat.
438 2126 547 2170 Quod
576 2125 676 2163 Plut
710 2126 804 2162 dicit
836 2137 884 2162 an
917 2127 996 2163 seni
1027 2140 1063 2174 g.
1097 2140 1124 2163 3.
1140 2139 1251 2174 ·.1·331)
1287 2141 1316 2165 c.
1347 2133 1407 2164 10:
1440 2127 1508 2175 τὴν
1542 2126 1584 2165 ἐν
1615 2134 1737 2166 Λακε

190 2175 343 2232 δαίμονι
381 2170 673 2233 ἀριστοκρατίαν
713 2172 733 2210 ὁ
772 2171 925 2217 Πύθιος
962 2174 1334 2224 πρεσβυγενέας,
1373 2174 1393 2212 ὁ
1437 2176 1479 2214 δὲ
1518 2178 1738 2224 Λυκοῦργος

190 2218 369 2268 ἄντικρυς
404 2220 494 2269 Γέρ
503 2235 640 2263 οντας
677 2219 936 2270 ωνόμασεν,
979 2235 1053 2260 non
1095 2224 1164 2260 1103
1201 2224 1356 2270 Tyrtaei
1393 2236 1522 2262 versus
1560 2227 1736 2272 respexit,

190 2270 256 2306 sed
281 2270 488 2307 sacerdotis
514 2270 689 2317 Delphici
714 2270 919 2307 dictionem
945 2271 1036 2318 (vid.
1063 2271 1130 2309 vit.
1156 2272 1243 2318 Lyc.
1273 2284 1302 2309 c.
1331 2274 1378 2319 6).

285 2318 344 2354 Fr.
373 2321 404 2355 5.
456 2317 543 2355 Tria
566 2318 700 2365 fragm.
726 2319 766 2355 in
791 2331 907 2355 unum
933 2319 1118 2364 coniunxi,
1139 2321 1179 2356 31
1205 2320 1367 2366 primum
1388 2321 1540 2367 quidem
1562 2322 1738 2357 alterum-

191 2376 266 2411 que
290 2365 367 2402 iam
387 2366 598 2403 Buttmann
624 2366 826 2425 copulavit.
876 2367 921 2403 V.
950 2372 967 2403 1
997 2369 1036 2404 31
1061 2372 1093 2404 2.
1144 2368 1302 2406 Pausan.
1330 2369 1381 2404 IV
1409 2374 1441 2413 6,
1468 2373 1507 2405 2·
1545 2363 1668 2411 Οὗτος
1693 2368 1736 2405 δὲ

192 2412 212 2449 ὁ
225 2411 468 2474 Θεόπομπος
491 2408 539 2460 ἦν
565 2414 631 2451 καὶ
657 2412 676 2450 ὁ
702 2413 822 2461 πέρας
849 2413 1014 2456 ἐπιθεὶς
1024 2416 1074 2464 τῷ
1100 2415 1268 2465 πολέμῳ·
1306 2422 1494 2463 μαρτυρεῖ
1513 2416 1556 2453 δέ
1583 2430 1647 2463 μοι
1673 2417 1737 2453 καὶ

190 2458 238 2497 τὰ
266 2459 415 2507 ἐλεγεῖα
434 2462 509 2498 τῶν
532 2464 722 2509 Τυρταίου
747 2462 923 2521 λέγοντα
945 2453 1135 2512 Ημετέρῳ
1156 2468 1232 2500 κτλ.
1249 2486 1293 2491 -
1310 2466 1353 2502 V.
1369 2470 1402 2500 3.
1424 2465 1590 2501 servavit
1610 2465 1735 2501 Schol.

192 2509 242 2546 ad
265 2509 522 2556 Ρ131.ρ448
549 2511 608 2547 ed.
633 2509 769 2547 Bekk.·
781 2508 1044 2567 Ἀφικόμενος
1069 2511 1111 2548 δὲ
1146 2506 1256 2554 οὗτος
1281 2515 1496 2570 (Τυρταῖος)
1532 2512 1587 2554 εἰς
1617 2517 1737 2548 Λακε-

191 2558 356 2613 δαίμονα
390 2558 455 2594 καὶ
486 2555 670 2600 ἐπίπνους
701 2555 918 2618 γενόμενος
937 2557 1235 2608 συνεβούλευσεν
1267 2557 1398 2602 αὐτοῖς
1430 2557 1638 2597 ανελέσθαι
1670 2559 1736 2596 τὸν

190 2601 285 2651 πρὸς
309 2607 550 2665 Μεσσηνίους
574 2603 753 2664 πόλεμον,
778 2605 1002 2665 προτρέπων
1027 2610 1233 2649 παντοίως·
1261 2606 1302 2645 ἐν
1330 2607 1386 2649 οἷς
1410 2609 1475 2644 καὶ
1501 2606 1543 2644 τὸ
1571 2606 1734 2654 φερόμε-

191 2666 260 2689 νον
300 2652 421 2690 εἰπεῖν
459 2652 563 2695 ἐ’·πος
599 2652 807 2701 Μεσσήνην
842 2652 998 2701 ἀγαθὸν
1031 2669 1066 2701 μ.
1093 2652 1142 2691 ἆ.
1156 2652 1311 2702 ἀγαθὸν
1345 2655 1386 2693 δε
1421 2671 1460 2702 φ.
1489 2658 1527 2693 31
1559 2657 1734 2692 similiter

192 2700 292 2736 idem
323 2713 359 2747 p.
392 2705 462 2738 388
495 2703 534 2738 31
565 2702 779 2760 Olympiod.
806 2703 845 2738 in
875 2702 996 2738 Alcib.
1025 2704 1040 2738 Ι
1067 2708 1146 2740 162.
1181 2703 1268 2751 (Oly
1245 2717 1346 2751 y.mp
1373 2704 1486 2740 etiam
1523 2705 1736 2749 φυτεῦσαι.)

193 2745 426 2834 ἧιῗέοὲἷην
457 2761 530 2834 Pi?
557 2747 723 2835 ἕγαθῩέ
746 2750 1233 2858 ξῇῖὲῗὲἓὲἒέῧῗέἲὲᾙ
1240 2752 1734 2836 Mssessff'vlffltassfflffaasafrff

193 2846 403 2902 λεμηθεῖσα
442 2842 722 2882 ἐννεακαίδεκα
761 2844 843 2892 ἔτη,
882 2848 1063 2892 καθαπερ
1102 2847 1167 2882 καὶ
1200 2814 1435 2893 Τύρτα1ὀης
1467 2858 1577 2893 φησι·
1614 2842 1732 2892 Ἀμφ’

194 2889 341 2938 αυτὴν
367 2895 442 2929 κτλ.
493 2894 599 2930 Adde
630 2874 869 2930 Pausan.1'V
897 2898 953 2951 15,
980 2899 1022 2952 ⁴2„
1038 2894 1101 2930 ubi
1137 2906 1263 2931 versus
1295 2899 1327 2930 4.
1356 2899 1387 2931 5.
1415 2899 1450 2938 6,
1475 2895 1514 2929 et
1539 2893 1591 2929 IV
1619 2898 1675 2939 13,
1701 2899 1735 2938 4,

195 2939 259 2976 ubi
283 2952 318 2974 v.
346 2944 366 2976 7
393 2942 432 2977 31
457 2945 478 2977 8
504 2941 693 2987 leguntur.
720 2962 764 2967 —
791 2942 834 2977 V
862 2946 894 2976 4.
921 2938 1022 2988 ἀμφ’
1049 2939 1168 2988 αὐτὴν
1194 2939 1514 2999 Ρ3113311.,αμφω
1541 2938 1632 2977 τώδ’
1662 2941 1733 2978 Str.

196 3007 241 3013 —
266 2987 310 3023 V.
339 2992 371 3025 6
398 2987 594 3036 αἰχμηταί,
628 2989 821 3026 Strabonis
846 2988 936 3025 libri
961 2956 1145 3036 αἰχμητάς
1170 2991 1209 3026 31,
1234 2988 1368 3026 deinde
1395 2986 1418 3036 ἢ
1445 2987 1628 3037 μητέρων
1663 2989 1734 3026 Re-
