1890 3216
704 192 1223 232 PSEUDOPHOCYLIDEA.
1678 195 1730 237 77

185 308 254 362 qui
284 309 448 350 oracula
478 309 623 350 horum
654 309 850 349 librorum
884 309 1154 360 concinnavit,
1193 310 1314 350 etiam
1349 310 1613 361 Phocylideos
1646 324 1731 351 ver-

181 388 252 419 sus
285 378 468 427 quamvis
501 378 588 417 loco
620 376 785 415 minime
817 375 1025 415 commodo
1056 376 1358 427 interposuisse.
1391 377 1533 427 Neque
1560 377 1666 427 quod
1692 377 1732 415 in

182 442 362 494 principe
393 443 567 483 editione
607 444 648 482 hi
679 454 822 483 versus
861 440 1144 482 desiderantur
1182 455 1227 482 ac
1265 444 1408 493 postea
1446 444 1606 483 demum
1638 443 1732 482 alio-

183 521 274 548 rum
300 509 480 548 codicum
500 509 743 550 auctoritate
764 507 946 547 restituti
973 509 1078 559 sunt,
1098 511 1252 548 certum
1271 507 1462 548 indicium
1484 509 1732 560 suppeditat:

183 578 345 627 poterat
378 578 483 616 enim
515 576 725 625 librarins‚
757 587 848 614 cum
879 573 1232 614 animadvertisset
1262 575 1469 626 integrum
1501 575 1732 627 Phocylidis

184 654 328 693 poema
373 645 579 699 superstes
625 654 733 690 esse,
777 642 824 679 ut
862 651 934 678 suo
972 641 1104 681 labori
1146 645 1349 694 parceret,
1394 643 1492 682 haec
1530 642 1734 688 omittere;

184 707 256 748 alii
279 710 417 748 autem
435 709 709 760 religiosiores
742 719 866 758 quam
886 706 1085 747 doctiores
1104 707 1279 747 fideliter
1298 709 1397 748 haec
1417 708 1733 758 descripserunt:

183 775 406 815 cuiusmodi
437 776 553 815 libris
587 775 752 815 Suidam
783 787 902 814 usum
934 785 1022 812 esse
1055 777 1233 824 apparet.

303 842 391 881 Iam
421 856 518 883 vero
550 842 602 893 is,
635 841 704 892 qui
735 842 839 880 hunc
864 838 1130 878 Oraculorum
1160 839 1312 879 librum
1337 839 1559 889 adornavit,
1592 851 1733 879 versus

183 907 449 959 Phocylideos
481 909 567 948 fere
602 908 785 958 integros
817 906 858 944 in
897 917 996 955 opus
1036 917 1153 943 suum
1184 905 1413 945 transtulit:
1451 918 1579 955 pauca
1615 918 1733 955 quae-

182 973 277 1013 dam
308 974 490 1014 consulto
523 973 772 1025 immutavit,
804 983 906 1023 quae
938 969 1066 1020 ipsius
1099 970 1289 1011 instituto
1320 984 1401 1011 non
1427 971 1638 1011 convenire
1670 973 1733 1011 vel

182 1051 273 1078 cum
298 1039 469 1079 obscura
495 1042 644 1092 essent,
671 1036 952 1078 emendatione
979 1049 1099 1087 egere
1118 1037 1371 1086 videbantur,
1398 1038 1734 1088 quemadmodum

181 1105 304 1144 etiam
343 1119 470 1145 unum
507 1106 733 1146 alterumve
771 1118 938 1146 versum
974 1103 1094 1153 plane
1132 1103 1283 1144 omisit:
1330 1104 1438 1144 idem
1476 1104 1556 1143 alia
1595 1104 1735 1154 ampli-

179 1171 317 1211 ficavit
348 1174 390 1211 et
421 1172 470 1211 de
503 1185 575 1212 suo
607 1171 780 1221 addidit,
818 1183 939 1222 quae,
978 1169 1160 1219 quamvis
1200 1183 1329 1220 neque
1367 1170 1447 1210 ista
1478 1169 1732 1219 Pseudopho-

182 1237 340 1288 cylidea
365 1239 437 1277 aut
461 1250 724 1277 numerorum
752 1235 958 1286 elegantia
983 1237 1055 1274 aut
1081 1236 1276 1275 sermonis
1302 1236 1534 1275 urbanitate
1560 1235 1734 1286 insignia

181 1302 280 1353 sint,
313 1303 383 1343 sed
413 1303 595 1344 noviciae
627 1303 796 1355 originis
834 1301 1031 1352 plurimas
1062 1304 1178 1341 notas
1210 1315 1307 1353 prae
1339 1315 1382 1342 se
1413 1302 1564 1353 ferant,
1596 1306 1734 1340 tamen

181 1369 357 1409 multum
387 1370 470 1410 illis
502 1370 705 1410 deteriora
737 1370 843 1409 sunt.
906 1367 1041 1407 Pauca
1079 1369 1276 1418 quaedam
1309 1370 1421 1418 sunt,
1462 1381 1564 1418 quae
1595 1370 1734 1406 utrum

181 1434 270 1486 ipse
299 1436 521 1476 mutaverit
553 1449 606 1475 an
644 1436 699 1475 sic
738 1434 887 1484 scripta
918 1433 961 1471 in
999 1446 1071 1473 suo
1109 1434 1347 1486 Phocylidei
1384 1434 1573 1473 carminis
1604 1447 1733 1473 exem-

180 1502 248 1551 plo
279 1502 495 1553 repererit,
528 1502 681 1553 ambigi
711 1502 864 1552 potest,
895 1498 1000 1538 libro
1033 1502 1141 1539 certe
1173 1486 1273 1540 usu's
1306 1502 1384 1552 est,
1424 1501 1493 1551 qui
1524 1501 1597 1540 hos
1629 1500 1734 1540 codi-

182 1567 270 1619 des,
305 1582 404 1619 quos
435 1581 508 1608 nos
539 1580 796 1619 usurpamuS,
827 1565 981 1606 virtute
1013 1565 1324 1617 haudquaquam
1357 1567 1586 1617 superabat.

303 1633 502 1674 Carminis
528 1633 793 1685 primordium
825 1631 1118 1682 redintegravi,
1151 1632 1355 1672 restitutis
1387 1633 1584 1671 bonorum
1610 1631 1732 1670 libro·
1746 1642 1814 1673 453

182 1712 273 1737 rum
305 1700 549 1740 auctoritate
592 1699 778 1741 versibus
818 1697 993 1749 duobus,
1033 1699 1180 1749 quibus
1214 1702 1352 1738 carent
1391 1701 1431 1738 et
1464 1699 1658 1738 editiones
1692 1702 1733 1736 et

182 1764 365 1804 codicum
395 1779 504 1816 pars.
554 1766 736 1817 Bernays
767 1765 841 1804 hos
873 1775 1015 1805 versus
1047 1777 1188 1804 rursus
1215 1765 1425 1815 relegavit,
1457 1778 1481 1803 a
1506 1764 1731 1815 Byzantino

182 1830 326 1881 aliquo*
358 1833 625 1883 grammatico
666 1831 843 1871 adiectos
882 1843 970 1870 esse
1009 1831 1140 1881 ratus,
1181 1830 1251 1870 sed
1289 1831 1395 1881 quod
1434 1830 1530 1870 dicit
1560 1843 1624 1869 me
1658 1831 1732 1869 hos

182 1909 324 1936 versus
357 1898 477 1938 huius
503 1898 690 1938 carminis
718 1897 904 1948 scriptori
931 1895 1219 1948 vindicavisse‚
1253 1896 1442 1947 quoniam
1467 1896 1509 1934 in
1528 1896 1730 1935 nonnullis

181 1962 385 2004 codicibus
429 1966 541 2004 nullo
579 1964 795 2004 intervallo
836 1977 861 2002 a
898 1962 1064 2012 reliquis
1103 1963 1285 2003 distincti
1321 1964 1528 2014 legantur:
1567 1962 1609 2001 id
1645 1962 1731 2012 ipse

182 2032 432 2070 commentus
464 2034 544 2070 est:
578 2044 672 2070 nam
702 2029 804 2068 nihil
836 2029 936 2080 dixi,
969 2041 1047 2079 quo
1079 2029 1200 2068 istam
1228 2029 1504 2079 suspicionem,
1537 2041 1656 2078 quam
1683 2028 1732 2066 de

182 2107 246 2134 me
278 2097 472 2147 concepit,
502 2100 642 2148 posset
675 2095 869 2145 stabilire,
902 2094 1030 2134 iustas
1063 2099 1201 2134 autem
1233 2097 1392 2135 secutus
1426 2107 1516 2133 sum
1541 2093 1729 2132 rationes.

184 2159 287 2200 Sane
319 2162 389 2212 qui
421 2163 612 2214 scriptori
643 2162 723 2214 ipsi
749 2162 946 2212 derogare
971 2161 1071 2200 velit
1096 2162 1169 2200 hos
1195 2174 1357 2211 versus,
1389 2161 1470 2199 iam
1495 2159 1646 2210 poterit
1670 2159 1731 2197 uti

183 2227 427 2267 auctoritate
459 2230 543 2268 cod.
575 2229 655 2279 Al,
688 2228 737 2267 de
770 2240 848 2278 quo
874 2227 982 2266 infra
1008 2227 1107 2276 dixi,
1140 2227 1211 2266 sed
1242 2226 1345 2265 nihil
1370 2226 1480 2265 aliud
1505 2224 1597 2263 inde
1623 2225 1731 2263 colli-

183 2305 275 2343 gas,
306 2293 386 2333 nisi
416 2295 628 2334 librarium
658 2294 784 2333 istum
811 2293 979 2332 eandem
1005 2292 1271 2343 suspicionem
1297 2293 1457 2340 fovisse,
1492 2303 1612 2341 quam
1632 2290 1730 2329 Ber-

183 2370 285 2409 nays
317 2361 540 2401 exornavit.
591 2361 649 2400 At
673 2371 780 2400 vana
800 2359 960 2398 omnino
988 2359 1051 2397 est
1076 2358 1175 2397 haec
1200 2358 1385 2408 suspicio.
1419 2356 1597 2396 Sublatis
1623 2356 1730 2394 enini

182 2423 247 2463 his
285 2424 458 2465 duobus'
479 2426 665 2467 versibus
702 2426 784 2465 iam
821 2419 941 2475 plane
979 2419 1183 2475 ἀκέφαλον
1220 2425 1327 2464 foret
1363 2436 1523 2475 poema:
1563 2434 1728 2472 prorsus

184 2489 290 2529 enim
320 2494 629 2542 praeposterum
658 2492 767 2531 foret
798 2503 958 2530 carmen
988 2489 1169 2528 inchoari
1199 2491 1306 2530 hunc
1341 2490 1384 2528 in
1421 2489 1602 2528 modum:
1636 2483 1728 2539 μήτε

183 2555 479 2608 γαμοκλοπέειν.
530 2558 708 2610 Scriptor
741 2558 776 2597 si
806 2556 970 2597 volebat
1001 2556 1134 2595 missis
1161 2557 1356 2607 prooemii
1382 2555 1620 2605 ambagibus
1651 2556 1729 2592 sta-

183 2623 258 2661 tim
281 2626 498 2674 praecepta
522 2637 625 2675 quae
652 2624 820 2663 daturus
847 2622 935 2660 erat
961 2621 1098 2660 ordine
1123 2635 1371 2673 percensere,
1405 2621 1577 2660 debebat
1604 2619 1728 2658 ordiri

183 2701 305 2728 versu
338 2691 384 2729 8:
417 2691 564 2742 Πρῶτοι
582 2685 684 2731 θεὸν
714 2689 803 2741 τίμα
822 2690 899 2727 κτλ.
952 2688 1286 2737 quemadmodum
1319 2687 1448 2726 estin
1480 2687 1726 2737 Pythagore-

184 2766 299 2792 orum
330 2767 453 2793 aureo
494 2756 670 2795 carmine
697 2749 933 2794 Ἀθανάτων
970 2750 1042 2804 μὲν
1073 2755 1208 2805 πρῶτα
1243 2748 1367 2800 θεοὺς
1405 2748 1514 2807 νόμῳ
1554 2747 1607 2800 ὡς
1639 2747 1725 2791 διά-

181 2833 329 2859 κεινται
366 2815 458 2872 (scr.
498 2815 759 2873 διάκειται)
802 2818 902 2869 τίμα.
962 2818 1104 2869 Itaque
1151 2822 1304 2869 septem
1348 2818 1544 2868 primores
1583 2830 1724 2856 versus

183 2887 343 2926 omnino
387 2889 458 2926 aut
501 2888 757 2939 expungendi
796 2887 908 2934 sunt,
951 2887 1022 2923 aut
1060 2880 1307 2936 servandiss).
1358 2883 1498 2933 Neque
1535 2895 1631 2922 vero
1668 2882 1725 2921 in-

280 2958 518 3022 *)7Alienum
543 2978 701 3013 fortasse
734 2977 854 3013 visum
882 2976 940 3011 est
965 2974 1198 3021 prooemium
1225 2973 1468 3019 Bemhardyo
1505 2972 1600 3010 Hist.
1634 2972 1721 3008 Litt.
