1890 3216
797 166 1058 204 THEOGNIS.
1614 162 1699 204 217

273 275 401 336 ὅρκοι
433 275 475 322 δ’
513 275 661 322 οὐκέτι
692 275 840 322 πιστοὶ
872 277 921 322 ἐν
953 274 1243 334 ἀνθρώποισι
1275 275 1462 329 δίκαιοι,

156 362 246 395 1140
332 348 441 395 οὐδὲ
472 350 613 404 θεοὺς
644 347 796 403 οὐδεὶς
828 346 975 403 ἅζεται
1007 345 1283 401 ἀθανάτους·

273 419 496 479 εὐσεβέων
528 420 569 467 δ’
606 419 794 481 ἀνδρῶν
823 421 954 479 γένος
986 424 1190 479 ἔφθιται,
1223 418 1331 465 οὐδὲ
1363 419 1580 476 θέμιστας

334 492 481 539 οὐκέτι
513 491 786 552 γινώσκουσ’
822 491 931 539 οὐδὲ
962 492 1045 552 μὲν
1076 491 1303 551 εὐνομίας.

277 563 374 611 ἀλλ’
411 565 532 624 ὄφρα
563 582 630 618 τις
662 564 761 620 ζώει
791 565 865 611 καὶ
898 563 984 626 ὁρᾷ
1016 563 1134 623 φάος
1164 562 1357 623 ἠελίοιο,

335 635 558 696 εὐσεβέων
589 636 689 696 περὶ
721 635 879 696 θεούς,
911 637 1069 682 ἐλπίδα
1099 636 1406 696 προσμενέτω,

160 722 250 755 1145
276 708 519 768 εὐχόμενός
549 726 595 754 τε
626 715 798 766 θεοῖσι,
829 708 904 754 καὶ
936 707 1082 766 ἀγλαὰ
1113 711 1253 767 μηρία
1283 710 1425 752 καίων

337 783 482 827 ἐλπίδι
512 799 559 827 τε
590 780 742 840 πρώτῃ
774 780 849 826 καὶ
880 779 1058 840 πυμάτῃ
1090 781 1252 826 θυέτω.

276 854 516 912 φραζέσθω
549 851 591 898 δ’
628 850 798 898 ἀδίκων
831 851 1019 911 ἀνδρῶν
1052 857 1238 898 σκολιον
1269 850 1409 910 λόγον
1440 853 1548 907 αἰεί,

337 928 384 970 οἳ
411 927 536 970 θεῶν
569 922 815 970 ἀθανάτων
848 923 986 970 οὐδὲν
1020 922 1277 982 ὀπιζόμενοι

277 995 376 1042 αἰὲν
409 994 476 1041 ἐπ’
511 994 768 1055 ἀλλοτρίοις
797 995 1002 1050 κτεάνοις
1033 997 1241 1055 ἐπέχουσι
1272 997 1440 1054 νόημα,

164 1080 256 1114 1150
343 1065 485 1113 ἐσθλὰ
516 1076 671 1121 κακοῖς
702 1070 852 1127 ἔργοις
883 1066 1088 1126 σύμβολα
1119 1067 1383 1126 θηκάμενοι.
1494 1128 1583 1191 Χ

1437 1151 1494 1189 s

279 1188 363 1246 Μή
393 1202 500 1234 ποτε
531 1186 613 1234 τὸν
643 1187 868 1246 παρεόντα
899 1188 1056 1247 μεθεὶς
1087 1188 1397 1247 φίλον-ἄλλον
1430 1187 1613 1247 ἐρεύνα,

342 1262 507 1306 δειλῶν
539 1258 801 1320 ἀνθρώπων
819 1260 1003 1319 ῥήμασι
1034 1260 1318 1319 πειθόμενος.

280 1386 366 1438 Εἴη
399 1398 475 1438 μοι
507 1383 772 1426 πλουτεῦντι
803 1384 955 1427 κακῶν
986 1379 1214 1438 ἀπάτερθε
1246 1382 1498 1440 μεριμνέων

341 1452 470 1508 ζώειν
500 1451 750 1510 ἀβλαβέως,
783 1452 924 1511 μηδὲν
957 1456 1106 1511 ἔχοντι
1136 1452 1289 1498 κακόν.

253 1609 297 1645 V.
328 1613 432 1646 1139.
472 1605 515 1646 ἔν
547 1605 785 1655 ἀνθρώποισι
813 1609 967 1655 δίκαιοι,
993 1610 1156 1646 Leutsch
1183 1606 1224 1646 ἐν
1256 1607 1478 1655 ἀνθρώποις
1509 1606 1712 1655 ἀδίκοισιν,

162 1658 258 1694 alius
286 1658 443 1706 βιαίοις,
477 1658 518 1693 at
549 1656 674 1692 nullus
704 1657 766 1692 hic
798 1657 968 1703 epitheto
1000 1657 1115 1695 locus.
1167 1657 1262 1694 Mihi
1295 1659 1409 1704 poeta.
1442 1658 1591 1693 videtur
1623 1657 1714 1693 sori·

160 1706 299 1752 psisse:
341 1701 449 1751 ὅρκοι
487 1701 524 1740 δ’
565 1701 695 1740 οὐκέτι
729 1702 892 1741 πιστὸν
932 1702 974 1741 ἐν
1006 1701 1248 1751 ἀνθρώποισι
1283 1707 1497 1751 δικαίων,
1529 1705 1552 1741 i.
1579 1716 1610 1741 e.
1639 1704 1716 1740 ius-

160 1753 360 1790 iurandum
397 1763 472 1788 non
506 1752 583 1788 iam
618 1752 755 1798 pignus
789 1753 986 1798 pactorum
1020 1753 1119 1790 inter
1154 1754 1324 1790 homines
1360 1755 1426 1790 est.
1464 1775 1508 1779 —
1535 1754 1579 1790 V.
1609 1757 1712 1790 1140.

159 1798 293 1846 θεοὺς,
310 1799 408 1842 θεὸς
429 1801 504 1837 bm.
527 1821 571 1827 -
591 1801 636 1836 V.
661 1803 763 1836 1141.
786 1797 976 1850 εὐσεβέων
1003 1797 1041 1837 δ’
1070 1798 1236 1848 ἀνδρῶν,
1256 1801 1389 1837 malim
1410 1798 1450 1837 δ’
1480 1801 1714 1845 oblitterare,

160 1849 368 1896 asyndeton
394 1849 452 1885 est
489 1847 773 1884 convenientius
803 1849 1072 1895 polysyndem,
1104 1861 1149 1885 ac
1181 1850 1214 1885 si
1244 1849 1336 1896 quid
1367 1850 1598 1894 addendum,
1642 1846 1715 1895 γὰρ

163 1896 450 1944 exspectaveris.
473 1918 518 1923 —-
538 1894 698 1942 ἔφθιται
719 1897 914 1941 Schaefer‚
934 1898 1050 1945 vulgo
1071 1896 1223 1943 ἔφθιτο.
1247 1919 1291 1924 -
1308 1898 1353 1934 V.
1370 1901 1473 1933 1142.
1487 1894 1709 1943 γινώσκουσ’

165 1945 250 1990 AO,
276 1958 311 1982 v.
338 1942 604 1991 γιγνώσκουσ’.
627 1966 669 1970 -
698 1941 880 1992 εὐνομίας
898 1945 1143 1982 Herwerdeni
1163 1946 1432 1982 correctionem
1454 1946 1591 1991 recepi,
1618 1946 1710 1981 libri

165 2006 342 2064 εὐσεβίας
366 2016 412 2062 (O
433 2006 633 2064 εὐσεβῗᾶς).
655 2039 698 2044 -—-
719 2018 763 2053 V.
787 2021 890 2053 1143.
911 2031 967 2058 τις
992 2018 1183 2054 Hermann
1203 2017 1315 2063 delet,
1341 2018 1516 2063 Hartung
1542 2017 1715 2063 scripsit:

165 2061 249 2101 ἀλλ’
283 2062 387 2110 ὄφρα
419 2062 492 2112 ζώῃ
525 2064 591 2100 καὶ
622 2063 695 2115 ὁρᾷ
728 2061 827 2110 φάος
858 2061 987 2110 ἠελίου
1019 2079 1091 2111 τις,
1122 2065 1282 2102 Leutsch
1315 2063 1418 2111 ὄφρα
1453 2065 1496 2102 δέ
1530 2079 1586 2106 τις
1612 2063 1714 2110 ζώει,

166 2113 294 2149 deleta
317 2111 504 2158 particula
529 2109 634 2149 ἀλλὰ.
669 2135 711 2139 -
746 2111 833 2156 ζώει
859 2116 903 2159 A,
937 2110 1025 2156 ζώοι
1050 2113 1092 2156 Ο,
1126 2111 1239 2159 ζώη*.
1275 2134 1319 2140 --
1354 2113 1466 2159 φάος,
1493 2114 1575 2159 φῶς
1599 2115 1641 2149 Α.
1670 2134 1715 2139 --

167 2161 210 2196 V.
241 2163 343 2197 1145.
371 2156 579 2206 εὐχόμενός
597 2173 636 2197 τε
658 2161 802 2207 scripsi,
828 2161 1025 2207 legebatur
1051 2160 1225 2208 εὐχέσθω
1253 2161 1315 2206 δὲ,
1341 2164 1380 2198 et
1405 2158 1613 2207 εὐχόμενος
1637 2160 1714 2196 iam

168 2208 318 2244 Brunck
352 2219 420 2254 pro
449 2208 557 2244 osuit.
592 2229 637 2234 —
668 2209 750 2253 nal,
783 2208 961 2244 Schaefer
993 2206 1092 2246 κατ’.
1126 2231 1171 2236 —
1204 2209 1246 2245 V.
1289 2213 1391 2246 1146.
1427 2206 1568 2255 ἐλπίδι,
1601 2209 1715 2254 vulgo

167 2255 280 2293 scribi
306 2256 404 2292 solet
434 2258 581 2292 Ελπίδι.
604 2277 646 2284 -
667 2269 719 2303 τε,
739 2269 765 2303 g
785 2255 839 2293 δέ.
861 2257 1044 2292 Voculam
1063 2255 1103 2293 τὲ
1124 2257 1298 2293 traiicere
1318 2257 1443 2294 solent
1460 2259 1541 2293 tam
1568 2258 1715 2302 poetae,

167 2303 1448 2398 ἓξᾛυξῖἶθῗῗέτῧῖήῖἕῗῗὸύῗέἷίῗξίὲᾞὲἲέὲἓαῗῐθωᾱ·9ξὲἷὲ
1457 2321 1465 2341 ²
1487 2305 1552 2388 ”3²
1562 2301 1715 2388 5325?ss

170 2421 213 2425 -
241 2399 283 2435 V.
314 2403 418 2436 1147.
446 2397 610 2445 σκολιὸν,
635 2401 799 2436 Leutsch
819 2398 959 2437 δόλιον.
986 2421 1031 2426 —-
1057 2401 1101 2436 V.
1131 2405 1235 2437 1148.
1262 2398 1378 2437 οὐδὲν
1403 2382 1637 2447 Α,’*μηδὲν.
1675 2401 1717 2435 In

169 2446 367 2494 proecdosi
394 2444 527 2484 οὐδέν’
557 2447 698 2494 scripsi.
725 2467 764 2474 —
787 2449 830 2483 V.
854 2451 956 2484 1150.
979 2445 1098 2484 ἐσθλὰ
1118 2449 1329 2495 Emperius‚
1351 2449 1547 2494 legebatur
1567 2446 1715 2494 αἰσχρὰ,

169 2495 242 2531 nisi
266 2495 363 2531 forte
389 2494 557 2541 αἰσχροῖς
581 2492 667 2531 κάλ’
707 2494 830 2542 ἔργοις
862 2496 924 2531 vel
955 2493 1041 2531 κάλ’
1075 2495 1244 2542 αἰσχροῖς
1276 2495 1400 2542 ἔργοις
1430 2497 1642 2542 legendum.
1672 2517 1715 2522 -—

171 2543 213 2578 V.
244 2547 407 2579 1151--2
440 2545 662 2589 repetuntur
693 2543 732 2579 in
758 2545 790 2579 A
821 2544 920 2579 infra
949 2544 1035 2588 post
1066 2556 1099 2579 v.
1136 2548 1228 2581 1238
1266 2544 1397 2580 addito
1431 2543 1506 2579 alio
1539 2543 1715 2588 disticho,

171 2591 269 2627 unde
295 2591 368 2626 huc
395 2591 550 2636 eclogae
576 2591 759 2638 primores
793 2603 921 2627 versus
952 2591 1138 2627 translati.
1190 2592 1391 2628 Praeterea
1422 2592 1526 2627 extat
1556 2591 1628 2626 hoc
1662 2590 1717 2626 di-

171 2638 319 2674 stichon
344 2638 383 2674 in
409 2638 522 2675 Anth.
549 2639 627 2676 Pal.
654 2639 759 2675 Xv40
786 2639 864 2684 (ubi
890 2636 1033 2684 ἄδηλον
1067 2639 1125 2675 est
1155 2641 1195 2675 et
1223 2650 1292 2685 pro
1325 2640 1436 2684 φίλον
1473 2636 1586 2675 ἄλλον
1612 2651 1634 2674 a
1659 2651 1714 2684 pr.

171 2678 469 2732 ω.“φιλόδαμος)
502 2688 542 2723 et
571 2687 693 2723 Cram.
728 2688 797 2723 An.
832 2687 913 2722 Par.
943 2686 992 2722 lV
1018 2691 1105 2732 374,
1137 2687 1202 2723 ubi
1233 2688 1367 2733 παρείς
1396 2698 1463 2732 pro
1496 2687 1641 2732 μεθείς.
1670 2707 1714 2712 —-

171 2733 216 2769 V.
245 2738 408 2770 1153-(3
436 2735 589 2771 exhibet
613 2735 717 2772 Stob.
746 2735 827 2770 CIII
852 2738 895 2770 14
921 2736 1120 2780 utrumque
1147 2735 1335 2771 distichon
1362 2734 1601 2780 coniungens,
1627 2745 1714 2770 con-

173 2781 357 2818 sentiente
383 2782 596 2827 Leutschio‚
624 2783 686 2828 qui
714 2782 892 2827 colloquii
917 2781 1124 2828 particulas
1149 2783 1211 2818 hic
1237 2794 1386 2828 quoque
1412 2781 1482 2818 sibi
1509 2781 1714 2828 deprehen-

173 2830 259 2866 dere
297 2829 456 2866 videtur.
495 2851 543 2857 —
579 2830 625 2866 V.
660 2834 764 2867 1153.
802 2830 1027 2866 πλουτεῦντι
1063 2830 1229 2875 Brunck,
1268 2830 1495 2866 πλουτοῦντι
1532 2829 1630 2866 libri.
1669 2851 1713 2856 —

174 2899 385 2947 μεριμνέων
411 2903 456 2946 A,
489 2902 519 2938 Ο
545 2891 748 2948 μεριμνῶν,
787 2900 1015 2948 μεριμνῶν*.
1055 2922 1099 2928 -
1139 2901 1183 2937 V.
1227 2905 1328 2937 1154.
1365 2898 1562 2949 ἀβλαβέως
1595 2901 1627 2937 si
1659 2902 1717 2937 est

174 2949 252 2984 sine
282 2960 401 2993 noxa,
437 2961 588 2996 prorsus
621 2950 800 2995 otiosum,
843 2949 900 2985 sin
935 2951 992 2986 est
1026 2950 1251 2986 innocentem
1288 2949 1348 2986 vel
1379 2950 1558 2985 insontem
1590 2949 1714 2986 vivere
