<?xml version="1.0" encoding="UTF-8"?>
<!DOCTYPE html PUBLIC "-//W3C//DTD XHTML 1.0 Transitional//EN"
    "http://www.w3.org/TR/xhtml1/DTD/xhtml1-transitional.dtd">
<html xmlns="http://www.w3.org/1999/xhtml" xml:lang="en" lang="en">
 <head>
  <title>
</title>
<meta http-equiv="Content-Type" content="text/html;charset=utf-8" />
  <meta name='ocr-system' content='tesseract 3.04.00' />
  <meta name='ocr-capabilities' content='ocr_page ocr_carea ocr_par ocr_line ocrx_word'/>
</head>
<body>
  <div class='ocr_page' id='page_1' title='image "./poetaelyricigrae02berguoft_0188.png"; bbox 0 0 1890 3216; ppageno 0'>
   <div class='ocr_carea' id='block_1_1' title="bbox 199 163 1188 213">
    <p class='ocr_par' dir='ltr' id='par_1_1' title="bbox 199 163 1188 213">
     <span class='ocr_line' id='line_1_1' title="bbox 199 163 1188 213; baseline -0.006 -6"><span class='ocrx_word' id='word_1_1' title='bbox 199 163 282 207; x_wconf 80' lang='grc'>178</span> <span class='ocrx_word' id='word_1_2' title='bbox 730 165 923 202; x_wconf 86' lang='lat' dir='ltr'><strong>POETAE</strong></span> <span class='ocrx_word' id='word_1_3' title='bbox 950 165 1188 213; x_wconf 82' lang='lat' dir='ltr'><strong>ELEGIACI.</strong></span> 
     </span>
    </p>
   </div>
   <div class='ocr_carea' id='block_1_2' title="bbox 197 267 1730 473">
    <p class='ocr_par' dir='ltr' id='par_1_2' title="bbox 197 267 1730 473">
     <span class='ocr_line' id='line_1_2' title="bbox 351 267 1730 331; baseline 0.003 -15"><span class='ocrx_word' id='word_1_4' title='bbox 351 274 556 329; x_wconf 82' lang='grc' dir='ltr'><strong><em>ἐξαπίνης</em></strong></span> <span class='ocrx_word' id='word_1_5' title='bbox 587 270 720 316; x_wconf 77' lang='grc' dir='ltr'><em>πάντ’</em></span> <span class='ocrx_word' id='word_1_6' title='bbox 757 267 840 317; x_wconf 79' lang='grc' dir='ltr'>οὖν</span> <span class='ocrx_word' id='word_1_7' title='bbox 873 271 1009 317; x_wconf 77' lang='grc' dir='ltr'><em>ὤλεσε</em></span> <span class='ocrx_word' id='word_1_8' title='bbox 1041 273 1169 317; x_wconf 85' lang='grc' dir='ltr'><em>νυκτὶ</em></span> <span class='ocrx_word' id='word_1_9' title='bbox 1201 275 1292 331; x_wconf 79' lang='grc' dir='ltr'><em>μιῇ.</em></span> <span class='ocrx_word' id='word_1_10' title='bbox 1662 289 1730 320; x_wconf 81' lang='lat'>529</span> 
     </span>
     <span class='ocr_line' id='line_1_3' title="bbox 197 342 1479 406; baseline 0.002 -19"><span class='ocrx_word' id='word_1_11' title='bbox 197 356 265 387; x_wconf 84' lang='lat'>665</span> <span class='ocrx_word' id='word_1_12' title='bbox 291 344 365 387; x_wconf 81' lang='grc' dir='ltr'><em>καὶ</em></span> <span class='ocrx_word' id='word_1_13' title='bbox 398 347 594 406; x_wconf 65' lang='grc' dir='ltr'><em>σώφρων</em></span> <span class='ocrx_word' id='word_1_14' title='bbox 626 342 812 401; x_wconf 77' lang='grc' dir='ltr'><em>ἥμαρτε,</em></span> <span class='ocrx_word' id='word_1_15' title='bbox 844 344 918 388; x_wconf 86' lang='grc' dir='ltr'><em>καὶ</em></span> <span class='ocrx_word' id='word_1_16' title='bbox 951 343 1120 401; x_wconf 77' lang='grc' dir='ltr'><em>ἄφρονι</em></span> <span class='ocrx_word' id='word_1_17' title='bbox 1151 344 1339 388; x_wconf 78' lang='grc' dir='ltr'><em>πολλάκι</em></span> <span class='ocrx_word' id='word_1_18' title='bbox 1372 347 1479 399; x_wconf 82' lang='grc' dir='ltr'><em>δόξα</em></span> 
     </span>
     <span class='ocr_line' id='line_1_4' title="bbox 351 412 1357 473; baseline 0.002 -15"><span class='ocrx_word' id='word_1_19' title='bbox 351 416 525 470; x_wconf 78' lang='grc' dir='ltr'><em>ἕσπετο,</em></span> <span class='ocrx_word' id='word_1_20' title='bbox 557 414 630 458; x_wconf 81' lang='grc' dir='ltr'><em>καὶ</em></span> <span class='ocrx_word' id='word_1_21' title='bbox 662 418 790 471; x_wconf 83' lang='grc' dir='ltr'><em>τιμῆς</em></span> <span class='ocrx_word' id='word_1_22' title='bbox 820 415 894 458; x_wconf 85' lang='grc' dir='ltr'><em>καὶ</em></span> <span class='ocrx_word' id='word_1_23' title='bbox 927 414 1061 467; x_wconf 81' lang='grc' dir='ltr'><em>κακὸς</em></span> <span class='ocrx_word' id='word_1_24' title='bbox 1093 412 1159 460; x_wconf 65' lang='grc' dir='ltr'>ὢν</span> <span class='ocrx_word' id='word_1_25' title='bbox 1192 419 1357 473; x_wconf 84' lang='grc' dir='ltr'><em>ἔλαχεν.</em></span> 
     </span>
    </p>
   </div>
   <div class='ocr_carea' id='block_1_3' title="bbox 291 530 1530 666">
    <p class='ocr_par' dir='ltr' id='par_1_3' title="bbox 291 530 1530 666">
     <span class='ocr_line' id='line_1_5' title="bbox 291 530 1530 592; baseline 0.002 -15"><span class='ocrx_word' id='word_1_26' title='bbox 291 537 349 577; x_wconf 83' lang='grc' dir='ltr'>Εἰ</span> <span class='ocrx_word' id='word_1_27' title='bbox 379 533 460 590; x_wconf 73' lang='grc' dir='ltr'>μὲν</span> <span class='ocrx_word' id='word_1_28' title='bbox 491 532 682 591; x_wconf 85' lang='grc' dir='ltr'><em>χρήματ’</em></span> <span class='ocrx_word' id='word_1_29' title='bbox 719 536 882 591; x_wconf 81' lang='grc' dir='ltr'><em>ἔχοιμι,</em></span> <span class='ocrx_word' id='word_1_30' title='bbox 916 536 1172 591; x_wconf 78' lang='grc' dir='ltr'><em>Σιμωνίδη,</em></span> <span class='ocrx_word' id='word_1_31' title='bbox 1206 530 1278 578; x_wconf 73' lang='grc' dir='ltr'>οἷά</span> <span class='ocrx_word' id='word_1_32' title='bbox 1310 551 1390 592; x_wconf 89' lang='grc' dir='ltr'><em>περ</em></span> <span class='ocrx_word' id='word_1_33' title='bbox 1422 534 1530 592; x_wconf 79' lang='grc' dir='ltr'><em>ᾔδη,</em></span> 
     </span>
     <span class='ocr_line' id='line_1_6' title="bbox 351 602 1332 666; baseline 0.001 -17"><span class='ocrx_word' id='word_1_34' title='bbox 351 603 433 649; x_wconf 81' lang='grc' dir='ltr'>οὐκ</span> <span class='ocrx_word' id='word_1_35' title='bbox 466 602 523 649; x_wconf 73' lang='grc' dir='ltr'>ἂν</span> <span class='ocrx_word' id='word_1_36' title='bbox 556 603 760 666; x_wconf 74' lang='grc' dir='ltr'><em>ἀνιῴμην</em></span> <span class='ocrx_word' id='word_1_37' title='bbox 792 614 885 656; x_wconf 78' lang='grc' dir='ltr'><em>τοῖς</em></span> <span class='ocrx_word' id='word_1_38' title='bbox 918 603 1130 661; x_wconf 77' lang='grc' dir='ltr'><em>ἀγαθοῖσι</em></span> <span class='ocrx_word' id='word_1_39' title='bbox 1164 604 1332 650; x_wconf 78' lang='grc' dir='ltr'><em>συνών·</em></span> 
     </span>
    </p>
   </div>
   <div class='ocr_carea' id='block_1_4' title="bbox 196 753 1733 913">
    <p class='ocr_par' dir='ltr' id='par_1_4' title="bbox 196 753 1733 912">
     <span class='ocr_line' id='line_1_7' title="bbox 288 753 1732 818; baseline 0.001 -23"><span class='ocrx_word' id='word_1_40' title='bbox 288 760 332 795; x_wconf 89' lang='lat' dir='ltr'>V.</span> <span class='ocrx_word' id='word_1_41' title='bbox 374 763 452 795; x_wconf 85' lang='lat'><strong>664.</strong></span> <span class='ocrx_word' id='word_1_42' title='bbox 467 757 678 816; x_wconf 59' lang='grc' dir='ltr'><em>,ἐξαπίνης</em></span> <span class='ocrx_word' id='word_1_43' title='bbox 711 755 824 794; x_wconf 83' lang='grc' dir='ltr'><em>παντ’</em></span> <span class='ocrx_word' id='word_1_44' title='bbox 866 753 951 804; x_wconf 82' lang='grc' dir='ltr'><em>οὖν,</em></span> <span class='ocrx_word' id='word_1_45' title='bbox 994 761 1024 794; x_wconf 92' lang='lat' dir='ltr'>A</span> <span class='ocrx_word' id='word_1_46' title='bbox 1065 761 1244 805; x_wconf 80' lang='grc' dir='ltr'><em>εξαπίνης</em></span> <span class='ocrx_word' id='word_1_47' title='bbox 1282 760 1463 818; x_wconf 68' lang='lat' dir='ltr'>anqtoivv</span> <span class='ocrx_word' id='word_1_48' title='bbox 1490 762 1603 818; x_wconf 90' lang='lat' dir='ltr'>(uude</span> <span class='ocrx_word' id='word_1_49' title='bbox 1639 761 1732 797; x_wconf 88' lang='lat' dir='ltr'>Her-</span> 
     </span>
     <span class='ocr_line' id='line_1_8' title="bbox 196 801 1733 867; baseline 0.002 -25"><span class='ocrx_word' id='word_1_50' title='bbox 196 818 307 842; x_wconf 87' lang='lat' dir='ltr'>mann</span> <span class='ocrx_word' id='word_1_51' title='bbox 334 804 411 842; x_wconf 70' lang='grc' dir='ltr'><em>ἄπο</em></span> <span class='ocrx_word' id='word_1_52' title='bbox 442 803 477 842; x_wconf 83' lang='grc' dir='ltr'>τ’</span> <span class='ocrx_word' id='word_1_53' title='bbox 514 801 582 842; x_wconf 78' lang='grc' dir='ltr'>οὖν</span> <span class='ocrx_word' id='word_1_54' title='bbox 616 807 654 842; x_wconf 88' lang='lat' dir='ltr'>id</span> <span class='ocrx_word' id='word_1_55' title='bbox 687 810 743 842; x_wconf 88' lang='lat' dir='ltr'>est</span> <span class='ocrx_word' id='word_1_56' title='bbox 773 804 850 842; x_wconf 77' lang='grc' dir='ltr'><em>ἄπο</em></span> <span class='ocrx_word' id='word_1_57' title='bbox 882 820 940 842; x_wconf 86' lang='grc' dir='ltr'>τοι</span> <span class='ocrx_word' id='word_1_58' title='bbox 972 802 1241 850; x_wconf 68' lang='grc' dir='ltr'>οὖν,Α111·θι1ε</span> <span class='ocrx_word' id='word_1_59' title='bbox 1274 804 1359 843; x_wconf 84' lang='grc' dir='ltr'><em>ποτ’</em></span> <span class='ocrx_word' id='word_1_60' title='bbox 1394 804 1463 843; x_wconf 76' lang='grc' dir='ltr'><em>ἄπ’</em></span> <span class='ocrx_word' id='word_1_61' title='bbox 1469 803 1600 867; x_wconf 54' lang='grc' dir='ltr'><em>Νοῦν),</em></span> <span class='ocrx_word' id='word_1_62' title='bbox 1634 809 1663 845; x_wconf 94' lang='lat' dir='ltr'>O</span> <span class='ocrx_word' id='word_1_63' title='bbox 1693 807 1733 866; x_wconf 78' lang='grc' dir='ltr'>ἐξ</span> 
     </span>
     <span class='ocr_line' id='line_1_9' title="bbox 197 851 1732 913; baseline 0.002 -24"><span class='ocrx_word' id='word_1_64' title='bbox 197 852 335 900; x_wconf 76' lang='grc' dir='ltr'><em>ἀπίνης</em></span> <span class='ocrx_word' id='word_1_65' title='bbox 365 852 502 891; x_wconf 80' lang='grc' dir='ltr'><em>πάντα</em></span> <span class='ocrx_word' id='word_1_66' title='bbox 561 854 655 889; x_wconf 89' lang='lat' dir='ltr'>Mihi</span> <span class='ocrx_word' id='word_1_67' title='bbox 688 852 869 900; x_wconf 76' lang='grc' dir='ltr'><em>ἐξαπίνης</em></span> <span class='ocrx_word' id='word_1_68' title='bbox 900 851 975 890; x_wconf 83' lang='grc' dir='ltr'>απὸ</span> <span class='ocrx_word' id='word_1_69' title='bbox 1012 851 1127 890; x_wconf 80' lang='grc' dir='ltr'><em>πάντ’</em></span> <span class='ocrx_word' id='word_1_70' title='bbox 1160 856 1221 891; x_wconf 85' lang='lat' dir='ltr'>vel</span> <span class='ocrx_word' id='word_1_71' title='bbox 1255 851 1480 901; x_wconf 78' lang='grc' dir='ltr'><em>ἐξαπίνης</em></span> <span class='ocrx_word' id='word_1_72' title='bbox 1466 853 1526 913; x_wconf 80' lang='lat' dir='ltr'>o&#39;y’</span> <span class='ocrx_word' id='word_1_73' title='bbox 1553 853 1628 912; x_wconf 52' lang='lat' dir='ltr'>³ocor&#39;</span> <span class='ocrx_word' id='word_1_74' title='bbox 1663 851 1732 893; x_wconf 73' lang='grc' dir='ltr'>οὖν</span> 
     </span>
    </p>
   </div>
   <div class='ocr_carea' id='block_1_5' title="bbox 181 917 1733 1257">
    <p class='ocr_par' dir='ltr' id='par_1_5' title="bbox 181 917 1733 1257">
     <span class='ocr_line' id='line_1_10' title="bbox 195 917 1733 998; baseline 0.002 -13"><span class='ocrx_word' id='word_1_75' title='bbox 195 952 308 994; x_wconf 75' lang='lat' dir='ltr'>poeta</span> <span class='ocrx_word' id='word_1_76' title='bbox 338 950 530 995; x_wconf 81' lang='lat' dir='ltr'>scripsisse</span> <span class='ocrx_word' id='word_1_77' title='bbox 561 950 727 994; x_wconf 81' lang='lat' dir='ltr'>videtur3</span> <span class='ocrx_word' id='word_1_78' title='bbox 762 949 857 985; x_wconf 87' lang='lat' dir='ltr'>illud</span> <span class='ocrx_word' id='word_1_79' title='bbox 893 949 931 985; x_wconf 88' lang='lat' dir='ltr'>in</span> <span class='ocrx_word' id='word_1_80' title='bbox 965 950 1166 996; x_wconf 85' lang='lat' dir='ltr'>archetypo</span> <span class='ocrx_word' id='word_1_81' title='bbox 1199 951 1228 986; x_wconf 95' lang='grc' dir='ltr'>Ο</span> <span class='ocrx_word' id='word_1_82' title='bbox 1260 950 1339 986; x_wconf 89' lang='lat' dir='ltr'>rell.</span> <span class='ocrx_word' id='word_1_83' title='bbox 1378 950 1452 986; x_wconf 84' lang='lat' dir='ltr'>fuit</span> <span class='ocrx_word' id='word_1_84' title='bbox 1482 917 1626 998; x_wconf 45' lang='lat' dir='ltr'>gazium,</span> <span class='ocrx_word' id='word_1_85' title='bbox 1662 939 1733 988; x_wconf 84' lang='lat' dir='ltr'>hoc</span> 
     </span>
     <span class='ocr_line' id='line_1_11' title="bbox 193 1012 1730 1092; baseline 0.001 -12"><span class='ocrx_word' id='word_1_86' title='bbox 193 1012 320 1081; x_wconf 43' lang='lat' dir='ltr'>Zizaim</span> <span class='ocrx_word' id='word_1_87' title='bbox 357 1046 396 1080; x_wconf 92' lang='lat' dir='ltr'>in</span> <span class='ocrx_word' id='word_1_88' title='bbox 435 1046 623 1091; x_wconf 87' lang='lat' dir='ltr'>exemplo,</span> <span class='ocrx_word' id='word_1_89' title='bbox 662 1046 759 1081; x_wconf 90' lang='lat' dir='ltr'>unde</span> <span class='ocrx_word' id='word_1_90' title='bbox 798 1046 830 1081; x_wconf 89' lang='lat' dir='ltr'>A</span> <span class='ocrx_word' id='word_1_91' title='bbox 870 1045 1086 1091; x_wconf 89' lang='lat' dir='ltr'>descriptus.</span> <span class='ocrx_word' id='word_1_92' title='bbox 1134 1045 1308 1091; x_wconf 81' lang='lat' dir='ltr'>Hartung</span> <span class='ocrx_word' id='word_1_93' title='bbox 1344 1042 1421 1082; x_wconf 76' lang='grc' dir='ltr'><em>ἀπὸ</em></span> <span class='ocrx_word' id='word_1_94' title='bbox 1466 1043 1564 1092; x_wconf 73' lang='grc' dir='ltr'>κᾶμ’</span> <span class='ocrx_word' id='word_1_95' title='bbox 1604 1043 1730 1082; x_wconf 83' lang='grc' dir='ltr'><em>ωλεσε.</em></span> 
     </span>
     <span class='ocr_line' id='line_1_12' title="bbox 196 1106 1729 1165; baseline 0.001 -14"><span class='ocrx_word' id='word_1_96' title='bbox 196 1138 239 1143; x_wconf 79' lang='grc'><strong>-</strong></span> <span class='ocrx_word' id='word_1_97' title='bbox 279 1117 341 1164; x_wconf 66' lang='grc' dir='ltr'>μιῇ</span> <span class='ocrx_word' id='word_1_98' title='bbox 372 1116 428 1161; x_wconf 83' lang='grc' dir='ltr'><strong>Α</strong></span> <span class='ocrx_word' id='word_1_99' title='bbox 472 1106 556 1162; x_wconf 59' lang='grc' dir='ltr'>μιαί</span> <span class='ocrx_word' id='word_1_100' title='bbox 588 1116 636 1161; x_wconf 90' lang='grc'><em>0,</em></span> <span class='ocrx_word' id='word_1_101' title='bbox 674 1117 693 1138; x_wconf 78' lang='lat'><strong>*</strong></span> <span class='ocrx_word' id='word_1_102' title='bbox 730 1117 809 1165; x_wconf 68' lang='grc' dir='ltr'>μιᾷ.</span> <span class='ocrx_word' id='word_1_103' title='bbox 847 1137 892 1142; x_wconf 92' lang='grc'><strong>-</strong></span> <span class='ocrx_word' id='word_1_104' title='bbox 932 1116 974 1152; x_wconf 87' lang='lat' dir='ltr'>V.</span> <span class='ocrx_word' id='word_1_105' title='bbox 1009 1120 1170 1152; x_wconf 75' lang='grc'><strong>665-6</strong></span> <span class='ocrx_word' id='word_1_106' title='bbox 1207 1117 1314 1152; x_wconf 74' lang='lat' dir='ltr'>affert</span> <span class='ocrx_word' id='word_1_107' title='bbox 1352 1117 1575 1154; x_wconf 76' lang='lat' dir='ltr'><strong>Stob.0V1</strong></span> <span class='ocrx_word' id='word_1_108' title='bbox 1613 1122 1646 1154; x_wconf 87' lang='lat'>9.</span> <span class='ocrx_word' id='word_1_109' title='bbox 1685 1139 1729 1144; x_wconf 90' lang='lat'>—</span> 
     </span>
     <span class='ocr_line' id='line_1_13' title="bbox 194 1161 1731 1210; baseline 0.001 -10"><span class='ocrx_word' id='word_1_110' title='bbox 194 1165 236 1199; x_wconf 93' lang='lat' dir='ltr'><strong>V.</strong></span> <span class='ocrx_word' id='word_1_111' title='bbox 259 1169 338 1200; x_wconf 87' lang='grc'><strong>666.</strong></span> <span class='ocrx_word' id='word_1_112' title='bbox 366 1165 473 1209; x_wconf 82' lang='grc' dir='ltr'><em>τιμῆς</em></span> <span class='ocrx_word' id='word_1_113' title='bbox 492 1164 524 1198; x_wconf 90' lang='grc' dir='ltr'><strong>Α</strong></span> <span class='ocrx_word' id='word_1_114' title='bbox 551 1168 588 1200; x_wconf 86' lang='lat' dir='ltr'>et</span> <span class='ocrx_word' id='word_1_115' title='bbox 614 1164 730 1207; x_wconf 59' lang='lat' dir='ltr'>Stob„</span> <span class='ocrx_word' id='word_1_116' title='bbox 756 1161 842 1209; x_wconf 85' lang='grc' dir='ltr'><em>τιμὴ</em></span> <span class='ocrx_word' id='word_1_117' title='bbox 870 1164 912 1209; x_wconf 92' lang='grc' dir='ltr'>Ο,</span> <span class='ocrx_word' id='word_1_118' title='bbox 939 1161 1049 1210; x_wconf 87' lang='grc' dir='ltr'><em>τιμὴν</em></span> <span class='ocrx_word' id='word_1_119' title='bbox 1069 1164 1099 1199; x_wconf 87' lang='grc'>*.</span> <span class='ocrx_word' id='word_1_120' title='bbox 1127 1184 1171 1190; x_wconf 85' lang='lat'>——-</span> <span class='ocrx_word' id='word_1_121' title='bbox 1200 1165 1276 1209; x_wconf 76' lang='grc' dir='ltr'><em>καὶ,</em></span> <span class='ocrx_word' id='word_1_122' title='bbox 1302 1178 1356 1205; x_wconf 88' lang='grc' dir='ltr'><em>τις</em></span> <span class='ocrx_word' id='word_1_123' title='bbox 1382 1165 1483 1200; x_wconf 82' lang='lat' dir='ltr'><strong>Stob.</strong></span> <span class='ocrx_word' id='word_1_124' title='bbox 1512 1165 1590 1203; x_wconf 85' lang='lat' dir='ltr'>(sed</span> <span class='ocrx_word' id='word_1_125' title='bbox 1613 1177 1682 1201; x_wconf 91' lang='lat' dir='ltr'>om.</span> <span class='ocrx_word' id='word_1_126' title='bbox 1698 1168 1731 1201; x_wconf 93' lang='lat' dir='ltr'>A</span> 
     </span>
     <span class='ocr_line' id='line_1_14' title="bbox 181 1211 1732 1257; baseline 0.001 -10"><span class='ocrx_word' id='word_1_127' title='bbox 181 1212 301 1247; x_wconf 87' lang='lat' dir='ltr'>·Vind.</span> <span class='ocrx_word' id='word_1_128' title='bbox 337 1213 486 1256; x_wconf 86' lang='lat' dir='ltr'>Trinc.).</span> <span class='ocrx_word' id='word_1_129' title='bbox 528 1233 570 1237; x_wconf 85' lang='lat'><strong>—</strong></span> <span class='ocrx_word' id='word_1_130' title='bbox 609 1212 652 1247; x_wconf 91' lang='lat' dir='ltr'>V.</span> <span class='ocrx_word' id='word_1_131' title='bbox 688 1215 851 1247; x_wconf 79' lang='lat'>667—82</span> <span class='ocrx_word' id='word_1_132' title='bbox 884 1212 1033 1257; x_wconf 82' lang='lat' dir='ltr'>integra</span> <span class='ocrx_word' id='word_1_133' title='bbox 1065 1213 1122 1247; x_wconf 89' lang='lat' dir='ltr'>est</span> <span class='ocrx_word' id='word_1_134' title='bbox 1157 1211 1296 1257; x_wconf 86' lang='lat' dir='ltr'>elegia,</span> <span class='ocrx_word' id='word_1_135' title='bbox 1330 1215 1391 1247; x_wconf 91' lang='lat' dir='ltr'>ut</span> <span class='ocrx_word' id='word_1_136' title='bbox 1404 1212 1576 1248; x_wconf 86' lang='lat' dir='ltr'>existimo</span> <span class='ocrx_word' id='word_1_137' title='bbox 1606 1213 1732 1249; x_wconf 79' lang='lat' dir='ltr'>Eueni</span> 
     </span>
    </p>
   </div>
   <div class='ocr_carea' id='block_1_6' title="bbox 189 1259 1731 2971">
    <p class='ocr_par' dir='ltr' id='par_1_6' title="bbox 189 1259 1731 1734">
     <span class='ocr_line' id='line_1_15' title="bbox 195 1259 1730 1305; baseline 0.001 -11"><span class='ocrx_word' id='word_1_138' title='bbox 195 1260 306 1295; x_wconf 63' lang='lat' dir='ltr'>Pario.</span> <span class='ocrx_word' id='word_1_139' title='bbox 330 1260 493 1302; x_wconf 76' lang='lat' dir='ltr'>maioris,</span> <span class='ocrx_word' id='word_1_140' title='bbox 518 1259 593 1294; x_wconf 88' lang='lat' dir='ltr'>vid.</span> <span class='ocrx_word' id='word_1_141' title='bbox 621 1260 668 1294; x_wconf 88' lang='lat' dir='ltr'>ad</span> <span class='ocrx_word' id='word_1_142' title='bbox 694 1272 727 1294; x_wconf 89' lang='lat' dir='ltr'>v.</span> <span class='ocrx_word' id='word_1_143' title='bbox 743 1263 811 1294; x_wconf 80' lang='grc'>467</span> <span class='ocrx_word' id='word_1_144' title='bbox 829 1271 943 1304; x_wconf 82' lang='lat' dir='ltr'>seqq</span> <span class='ocrx_word' id='word_1_145' title='bbox 970 1263 1008 1294; x_wconf 85' lang='lat' dir='ltr'>et</span> <span class='ocrx_word' id='word_1_146' title='bbox 1034 1271 1200 1295; x_wconf 83' lang='lat' dir='ltr'>assensus</span> <span class='ocrx_word' id='word_1_147' title='bbox 1227 1260 1284 1295; x_wconf 88' lang='lat' dir='ltr'>est</span> <span class='ocrx_word' id='word_1_148' title='bbox 1309 1260 1471 1295; x_wconf 90' lang='lat' dir='ltr'>Leutsch</span> <span class='ocrx_word' id='word_1_149' title='bbox 1497 1259 1730 1305; x_wconf 83' lang='lat' dir='ltr'>(Phi101.30‚</span> 
     </span>
     <span class='ocr_line' id='line_1_16' title="bbox 193 1289 1731 1360; baseline 0.001 -18"><span class='ocrx_word' id='word_1_150' title='bbox 193 1309 296 1352; x_wconf 82' lang='lat'><strong>233),</strong></span> <span class='ocrx_word' id='word_1_151' title='bbox 335 1307 436 1352; x_wconf 84' lang='lat' dir='ltr'>quod</span> <span class='ocrx_word' id='word_1_152' title='bbox 474 1306 634 1351; x_wconf 85' lang='lat' dir='ltr'>mireris,</span> <span class='ocrx_word' id='word_1_153' title='bbox 674 1306 859 1360; x_wconf 86' lang='lat' dir='ltr'>siquidem</span> <span class='ocrx_word' id='word_1_154' title='bbox 885 1319 918 1342; x_wconf 80' lang='lat' dir='ltr'>V.</span> <span class='ocrx_word' id='word_1_155' title='bbox 945 1311 1015 1342; x_wconf 81' lang='lat'>467</span> <span class='ocrx_word' id='word_1_156' title='bbox 1030 1318 1104 1351; x_wconf 87' lang='lat' dir='ltr'>seq.</span> <span class='ocrx_word' id='word_1_157' title='bbox 1156 1306 1386 1352; x_wconf 81' lang='lat' dir='ltr'>Theognidis</span> <span class='ocrx_word' id='word_1_158' title='bbox 1419 1319 1499 1343; x_wconf 80' lang='lat' dir='ltr'>esse</span> <span class='ocrx_word' id='word_1_159' title='bbox 1531 1319 1598 1352; x_wconf 86' lang='lat' dir='ltr'>pro</span> <span class='ocrx_word' id='word_1_160' title='bbox 1629 1289 1731 1344; x_wconf 87' lang='lat' dir='ltr'>virili</span> 
     </span>
     <span class='ocr_line' id='line_1_17' title="bbox 192 1353 1728 1411; baseline 0.001 -21"><span class='ocrx_word' id='word_1_161' title='bbox 192 1357 300 1411; x_wconf 84' lang='lat' dir='ltr'>parte</span> <span class='ocrx_word' id='word_1_162' title='bbox 327 1355 530 1390; x_wconf 87' lang='lat' dir='ltr'>contendit.</span> <span class='ocrx_word' id='word_1_163' title='bbox 578 1354 704 1390; x_wconf 89' lang='lat' dir='ltr'>Eueno</span> <span class='ocrx_word' id='word_1_164' title='bbox 732 1353 848 1389; x_wconf 88' lang='lat' dir='ltr'>etiam</span> <span class='ocrx_word' id='word_1_165' title='bbox 873 1355 1046 1400; x_wconf 85' lang='lat' dir='ltr'>Hartung</span> <span class='ocrx_word' id='word_1_166' title='bbox 1070 1353 1223 1400; x_wconf 79' lang='lat' dir='ltr'>tribuit,</span> <span class='ocrx_word' id='word_1_167' title='bbox 1249 1354 1313 1399; x_wconf 88' lang='lat' dir='ltr'>qui</span> <span class='ocrx_word' id='word_1_168' title='bbox 1338 1355 1485 1399; x_wconf 84' lang='lat' dir='ltr'>quidem</span> <span class='ocrx_word' id='word_1_169' title='bbox 1509 1356 1658 1401; x_wconf 84' lang='grc' dir='ltr'><em>Μηλίου</em></span> <span class='ocrx_word' id='word_1_170' title='bbox 1686 1353 1728 1392; x_wconf 81' lang='grc' dir='ltr'>ἐκ</span> 
     </span>
     <span class='ocr_line' id='line_1_18' title="bbox 191 1399 1731 1447; baseline 0.001 -10"><span class='ocrx_word' id='word_1_171' title='bbox 191 1399 331 1437; x_wconf 76' lang='grc' dir='ltr'><em>πόντον</em></span> <span class='ocrx_word' id='word_1_172' title='bbox 363 1413 438 1437; x_wconf 84' lang='grc'>11011</span> <span class='ocrx_word' id='word_1_173' title='bbox 469 1404 570 1437; x_wconf 86' lang='lat' dir='ltr'>recte</span> <span class='ocrx_word' id='word_1_174' title='bbox 602 1402 650 1436; x_wconf 87' lang='lat' dir='ltr'>ad</span> <span class='ocrx_word' id='word_1_175' title='bbox 679 1401 841 1436; x_wconf 80' lang='lat' dir='ltr'>insulam</span> <span class='ocrx_word' id='word_1_176' title='bbox 874 1402 1012 1436; x_wconf 84' lang='lat' dir='ltr'>Melum</span> <span class='ocrx_word' id='word_1_177' title='bbox 1046 1402 1175 1447; x_wconf 81' lang='lat' dir='ltr'>1·,efert</span> <span class='ocrx_word' id='word_1_178' title='bbox 1214 1413 1298 1437; x_wconf 90' lang='lat' dir='ltr'>cum</span> <span class='ocrx_word' id='word_1_179' title='bbox 1337 1402 1437 1438; x_wconf 92' lang='lat' dir='ltr'>sinus</span> <span class='ocrx_word' id='word_1_180' title='bbox 1470 1402 1649 1439; x_wconf 87' lang='lat' dir='ltr'>Maliacus</span> <span class='ocrx_word' id='word_1_181' title='bbox 1681 1403 1731 1439; x_wconf 89' lang='lat' dir='ltr'>sit</span> 
     </span>
     <span class='ocr_line' id='line_1_19' title="bbox 189 1447 1727 1495; baseline 0.001 -11"><span class='ocrx_word' id='word_1_182' title='bbox 189 1449 479 1494; x_wconf 82' lang='lat' dir='ltr'>intelligendus,</span> <span class='ocrx_word' id='word_1_183' title='bbox 506 1450 570 1495; x_wconf 91' lang='lat' dir='ltr'>qui</span> <span class='ocrx_word' id='word_1_184' title='bbox 594 1451 750 1495; x_wconf 87' lang='lat' dir='ltr'>propter</span> <span class='ocrx_word' id='word_1_185' title='bbox 773 1449 871 1484; x_wconf 81' lang='lat' dir='ltr'>vada</span> <span class='ocrx_word' id='word_1_186' title='bbox 889 1447 1153 1495; x_wconf 75' lang='lat' dir='ltr'>navigantibus</span> <span class='ocrx_word' id='word_1_187' title='bbox 1175 1449 1265 1485; x_wconf 87' lang='lat' dir='ltr'>satis</span> <span class='ocrx_word' id='word_1_188' title='bbox 1284 1452 1365 1485; x_wconf 88' lang='lat' dir='ltr'>erat</span> <span class='ocrx_word' id='word_1_189' title='bbox 1382 1450 1627 1495; x_wconf 88' lang='lat' dir='ltr'>importunus,</span> <span class='ocrx_word' id='word_1_190' title='bbox 1652 1451 1727 1487; x_wconf 84' lang='lat' dir='ltr'>vid.</span> 
     </span>
     <span class='ocr_line' id='line_1_20' title="bbox 191 1496 1730 1542; baseline 0.001 -10"><span class='ocrx_word' id='word_1_191' title='bbox 191 1497 296 1532; x_wconf 88' lang='lat' dir='ltr'>Paus</span> <span class='ocrx_word' id='word_1_192' title='bbox 325 1497 336 1532; x_wconf 82' lang='lat'>1</span> <span class='ocrx_word' id='word_1_193' title='bbox 366 1503 403 1540; x_wconf 85' lang='lat'>4,</span> <span class='ocrx_word' id='word_1_194' title='bbox 432 1501 463 1532; x_wconf 88' lang='lat'><strong>3.</strong></span> <span class='ocrx_word' id='word_1_195' title='bbox 514 1496 610 1532; x_wconf 87' lang='lat' dir='ltr'>Nam</span> <span class='ocrx_word' id='word_1_196' title='bbox 644 1497 746 1542; x_wconf 82' lang='lat' dir='ltr'>quod.</span> <span class='ocrx_word' id='word_1_197' title='bbox 775 1496 1000 1532; x_wconf 88' lang='lat' dir='ltr'>Herwerden</span> <span class='ocrx_word' id='word_1_198' title='bbox 1034 1498 1230 1542; x_wconf 83' lang='lat' dir='ltr'>Hartungo</span> <span class='ocrx_word' id='word_1_199' title='bbox 1263 1498 1489 1542; x_wconf 77' lang='lat' dir='ltr'>astipulatus</span> <span class='ocrx_word' id='word_1_200' title='bbox 1525 1497 1730 1535; x_wconf 76' lang='lat' dir='ltr'>arbitratur</span> 
     </span>
     <span class='ocr_line' id='line_1_21' title="bbox 191 1544 1727 1590; baseline 0.001 -10"><span class='ocrx_word' id='word_1_201' title='bbox 191 1555 297 1580; x_wconf 88' lang='lat' dir='ltr'>meae</span> <span class='ocrx_word' id='word_1_202' title='bbox 323 1544 624 1590; x_wconf 81' lang='lat' dir='ltr'>interpretationi</span> <span class='ocrx_word' id='word_1_203' title='bbox 648 1545 807 1580; x_wconf 89' lang='lat' dir='ltr'>formam</span> <span class='ocrx_word' id='word_1_204' title='bbox 833 1546 981 1590; x_wconf 84' lang='grc' dir='ltr'><em>Μηλίου</em></span> <span class='ocrx_word' id='word_1_205' title='bbox 1007 1545 1216 1589; x_wconf 89' lang='lat' dir='ltr'>adversari,</span> <span class='ocrx_word' id='word_1_206' title='bbox 1246 1546 1350 1580; x_wconf 89' lang='lat' dir='ltr'>cuius</span> <span class='ocrx_word' id='word_1_207' title='bbox 1375 1544 1457 1580; x_wconf 91' lang='lat' dir='ltr'>loco</span> <span class='ocrx_word' id='word_1_208' title='bbox 1483 1547 1639 1590; x_wconf 81' lang='grc' dir='ltr'><em>Μηλιών</em></span> <span class='ocrx_word' id='word_1_209' title='bbox 1664 1545 1727 1581; x_wconf 83' lang='lat' dir='ltr'>vel</span> 
     </span>
     <span class='ocr_line' id='line_1_22' title="bbox 191 1590 1725 1652; baseline 0 -25"><span class='ocrx_word' id='word_1_210' title='bbox 191 1593 400 1652; x_wconf 83' lang='grc' dir='ltr'><em>Μηλιακοῦ</em></span> <span class='ocrx_word' id='word_1_211' title='bbox 419 1592 616 1628; x_wconf 86' lang='lat' dir='ltr'>dicendum</span> <span class='ocrx_word' id='word_1_212' title='bbox 643 1592 772 1636; x_wconf 80' lang='lat' dir='ltr'>fuerit,</span> <span class='ocrx_word' id='word_1_213' title='bbox 800 1594 914 1627; x_wconf 89' lang='lat' dir='ltr'>errat:</span> <span class='ocrx_word' id='word_1_214' title='bbox 943 1593 1102 1628; x_wconf 89' lang='lat' dir='ltr'>formam</span> <span class='ocrx_word' id='word_1_215' title='bbox 1128 1590 1290 1647; x_wconf 83' lang='grc' dir='ltr'><em>Μήλιος.</em></span> <span class='ocrx_word' id='word_1_216' title='bbox 1298 1594 1460 1628; x_wconf 86' lang='lat' dir='ltr'>testatur</span> <span class='ocrx_word' id='word_1_217' title='bbox 1486 1593 1613 1638; x_wconf 80' lang='lat' dir='ltr'>Steph.</span> <span class='ocrx_word' id='word_1_218' title='bbox 1640 1594 1725 1651; x_wconf 80' lang='lat' dir='ltr'><strong>Byz.</strong></span> 
     </span>
     <span class='ocr_line' id='line_1_23' title="bbox 190 1635 1730 1700; baseline 0.001 -26"><span class='ocrx_word' id='word_1_219' title='bbox 190 1653 226 1696; x_wconf 92' lang='lat' dir='ltr'>p</span> <span class='ocrx_word' id='word_1_220' title='bbox 246 1644 333 1675; x_wconf 83' lang='lat'>450:</span> <span class='ocrx_word' id='word_1_221' title='bbox 361 1638 400 1675; x_wconf 86' lang='grc' dir='ltr'>οἷ</span> <span class='ocrx_word' id='word_1_222' title='bbox 423 1636 458 1674; x_wconf 85' lang='grc' dir='ltr'>δ’</span> <span class='ocrx_word' id='word_1_223' title='bbox 489 1638 530 1675; x_wconf 80' lang='grc' dir='ltr'>ἐν</span> <span class='ocrx_word' id='word_1_224' title='bbox 558 1641 742 1700; x_wconf 80' lang='grc' dir='ltr'><em>Θετταλίᾳ</em></span> <span class='ocrx_word' id='word_1_225' title='bbox 773 1642 948 1696; x_wconf 73' lang='grc' dir='ltr'><em>Μηλιεῖς·</em></span> <span class='ocrx_word' id='word_1_226' title='bbox 978 1639 1053 1675; x_wconf 76' lang='grc' dir='ltr'><em>ἔστι</em></span> <span class='ocrx_word' id='word_1_227' title='bbox 1078 1639 1142 1675; x_wconf 78' lang='grc' dir='ltr'><em>καὶ</em></span> <span class='ocrx_word' id='word_1_228' title='bbox 1174 1654 1278 1685; x_wconf 78' lang='grc' dir='ltr'><em>κωμη</em></span> <span class='ocrx_word' id='word_1_229' title='bbox 1305 1641 1371 1685; x_wconf 83' lang='grc' dir='ltr'><em>τῆς</em></span> <span class='ocrx_word' id='word_1_230' title='bbox 1402 1637 1657 1697; x_wconf 77' lang='grc' dir='ltr'><em>Ἀκαρνανίας,</em></span> <span class='ocrx_word' id='word_1_231' title='bbox 1685 1635 1730 1698; x_wconf 73' lang='grc' dir='ltr'><em>ᾗς</em></span> 
     </span>
     <span class='ocr_line' id='line_1_24' title="bbox 190 1676 1728 1744; baseline 0.001 -22"><span class='ocrx_word' id='word_1_232' title='bbox 190 1685 232 1722; x_wconf 88' lang='grc' dir='ltr'>τὸ</span> <span class='ocrx_word' id='word_1_233' title='bbox 260 1684 419 1723; x_wconf 78' lang='grc' dir='ltr'><em>ἐθνικὸν</em></span> <span class='ocrx_word' id='word_1_234' title='bbox 445 1690 605 1743; x_wconf 81' lang='grc' dir='ltr'><em>Μηλιεῖς</em></span> <span class='ocrx_word' id='word_1_235' title='bbox 631 1687 695 1722; x_wconf 81' lang='grc' dir='ltr'><em>καὶ</em></span> <span class='ocrx_word' id='word_1_236' title='bbox 721 1676 785 1722; x_wconf 75' lang='grc' dir='ltr'>διὰ</span> <span class='ocrx_word' id='word_1_237' title='bbox 812 1688 878 1722; x_wconf 84' lang='grc' dir='ltr'>τοῦ</span> <span class='ocrx_word' id='word_1_238' title='bbox 906 1692 930 1723; x_wconf 80' lang='grc' dir='ltr'>οἳ</span> <span class='ocrx_word' id='word_1_239' title='bbox 959 1688 1142 1731; x_wconf 79' lang='grc' dir='ltr'><em>δωρικῶς·</em></span> <span class='ocrx_word' id='word_1_240' title='bbox 1165 1686 1318 1744; x_wconf 78' lang='grc' dir='ltr'><em>λέγεται</em></span> <span class='ocrx_word' id='word_1_241' title='bbox 1343 1687 1408 1723; x_wconf 77' lang='grc' dir='ltr'><em>καὶ</em></span> <span class='ocrx_word' id='word_1_242' title='bbox 1433 1684 1510 1723; x_wconf 88' lang='grc' dir='ltr'>απὸ</span> <span class='ocrx_word' id='word_1_243' title='bbox 1537 1701 1603 1723; x_wconf 86' lang='grc' dir='ltr'>τον</span> <span class='ocrx_word' id='word_1_244' title='bbox 1629 1691 1728 1734; x_wconf 89' lang='grc' dir='ltr'>Μη-</span> 
     </span>
    </p>

    <p class='ocr_par' dir='ltr' id='par_1_7' title="bbox 189 1731 1728 2400">
     <span class='ocr_line' id='line_1_25' title="bbox 190 1731 1727 1781; baseline 0.001 -11"><span class='ocrx_word' id='word_1_245' title='bbox 190 1738 286 1775; x_wconf 86' lang='grc' dir='ltr'><em>λιος</em></span> <span class='ocrx_word' id='word_1_246' title='bbox 311 1738 366 1770; x_wconf 94' lang='grc' dir='ltr'><em>Μ</em></span> <span class='ocrx_word' id='word_1_247' title='bbox 368 1732 479 1779; x_wconf 80' lang='grc' dir='ltr'><em>,λιεύς</em></span> <span class='ocrx_word' id='word_1_248' title='bbox 511 1735 576 1770; x_wconf 80' lang='grc' dir='ltr'><em>καὶ</em></span> <span class='ocrx_word' id='word_1_249' title='bbox 601 1731 798 1780; x_wconf 83' lang='grc' dir='ltr'><em>Μηλιακός</em></span> <span class='ocrx_word' id='word_1_250' title='bbox 830 1734 895 1770; x_wconf 79' lang='grc' dir='ltr'><em>καὶ</em></span> <span class='ocrx_word' id='word_1_251' title='bbox 919 1736 1042 1780; x_wconf 85' lang='grc' dir='ltr'><em>Μηλίς</em></span> <span class='ocrx_word' id='word_1_252' title='bbox 1074 1732 1096 1780; x_wconf 85' lang='grc' dir='ltr'>ἡ</span> <span class='ocrx_word' id='word_1_253' title='bbox 1124 1732 1235 1780; x_wconf 84' lang='grc' dir='ltr'><em>χώρα.</em></span> <span class='ocrx_word' id='word_1_254' title='bbox 1287 1736 1388 1770; x_wconf 73' lang='lat' dir='ltr'>Haec</span> <span class='ocrx_word' id='word_1_255' title='bbox 1415 1738 1531 1780; x_wconf 88' lang='lat' dir='ltr'>enim,</span> <span class='ocrx_word' id='word_1_256' title='bbox 1558 1737 1727 1781; x_wconf 78' lang='lat' dir='ltr'>quamvis</span> 
     </span>
     <span class='ocr_line' id='line_1_26' title="bbox 192 1764 1728 1827; baseline 0 -8"><span class='ocrx_word' id='word_1_257' title='bbox 192 1783 379 1819; x_wconf 76' lang='lat' dir='ltr'>breviator</span> <span class='ocrx_word' id='word_1_258' title='bbox 410 1795 484 1818; x_wconf 89' lang='lat' dir='ltr'>non</span> <span class='ocrx_word' id='word_1_259' title='bbox 516 1783 607 1818; x_wconf 82' lang='lat' dir='ltr'>satis</span> <span class='ocrx_word' id='word_1_260' title='bbox 639 1783 730 1818; x_wconf 84' lang='lat' dir='ltr'>scite</span> <span class='ocrx_word' id='word_1_261' title='bbox 757 1793 908 1818; x_wconf 87' lang='lat' dir='ltr'>munere</span> <span class='ocrx_word' id='word_1_262' title='bbox 942 1794 1008 1817; x_wconf 93' lang='lat' dir='ltr'>suo</span> <span class='ocrx_word' id='word_1_263' title='bbox 1042 1783 1091 1818; x_wconf 83' lang='lat' dir='ltr'>sit</span> <span class='ocrx_word' id='word_1_264' title='bbox 1120 1782 1285 1827; x_wconf 86' lang='lat' dir='ltr'>functus,</span> <span class='ocrx_word' id='word_1_265' title='bbox 1323 1794 1397 1818; x_wconf 89' lang='lat' dir='ltr'>non</span> <span class='ocrx_word' id='word_1_266' title='bbox 1423 1783 1471 1818; x_wconf 87' lang='lat' dir='ltr'>ad</span> <span class='ocrx_word' id='word_1_267' title='bbox 1497 1764 1728 1820; x_wconf 79' lang='lat' dir='ltr'>Acarnaniae</span> 
     </span>
     <span class='ocr_line' id='line_1_27' title="bbox 191 1829 1727 1887; baseline 0.001 -22"><span class='ocrx_word' id='word_1_268' title='bbox 191 1830 332 1887; x_wconf 82' lang='lat' dir='ltr'>vicum,</span> <span class='ocrx_word' id='word_1_269' title='bbox 366 1831 431 1865; x_wconf 91' lang='lat' dir='ltr'>sed</span> <span class='ocrx_word' id='word_1_270' title='bbox 457 1831 504 1865; x_wconf 85' lang='lat' dir='ltr'>ad</span> <span class='ocrx_word' id='word_1_271' title='bbox 530 1829 795 1865; x_wconf 83' lang='lat' dir='ltr'>Thessalorum</span> <span class='ocrx_word' id='word_1_272' title='bbox 824 1830 1017 1865; x_wconf 85' lang='lat' dir='ltr'>civitatem</span> <span class='ocrx_word' id='word_1_273' title='bbox 1042 1830 1254 1873; x_wconf 81' lang='lat' dir='ltr'>referenda,</span> <span class='ocrx_word' id='word_1_274' title='bbox 1281 1830 1320 1866; x_wconf 88' lang='lat' dir='ltr'>id</span> <span class='ocrx_word' id='word_1_275' title='bbox 1347 1831 1445 1875; x_wconf 92' lang='lat' dir='ltr'>quod</span> <span class='ocrx_word' id='word_1_276' title='bbox 1471 1831 1531 1867; x_wconf 89' lang='lat' dir='ltr'>vel</span> <span class='ocrx_word' id='word_1_277' title='bbox 1557 1830 1680 1876; x_wconf 79' lang='grc' dir='ltr'><em>Μηλὶς</em></span> <span class='ocrx_word' id='word_1_278' title='bbox 1703 1829 1727 1877; x_wconf 81' lang='grc' dir='ltr'><em>ἡ</em></span> 
     </span>
     <span class='ocr_line' id='line_1_28' title="bbox 191 1858 1728 1924; baseline 0.002 -12"><span class='ocrx_word' id='word_1_279' title='bbox 191 1875 292 1923; x_wconf 81' lang='grc' dir='ltr'><em>χώρα</em></span> <span class='ocrx_word' id='word_1_280' title='bbox 332 1878 446 1923; x_wconf 87' lang='lat' dir='ltr'>(apud</span> <span class='ocrx_word' id='word_1_281' title='bbox 481 1877 701 1923; x_wconf 83' lang='lat' dir='ltr'>Sophoclem</span> <span class='ocrx_word' id='word_1_282' title='bbox 737 1880 794 1913; x_wconf 90' lang='lat' dir='ltr'>est</span> <span class='ocrx_word' id='word_1_283' title='bbox 823 1877 948 1923; x_wconf 84' lang='grc' dir='ltr'><em>Μηλὶς</em></span> <span class='ocrx_word' id='word_1_284' title='bbox 977 1879 1102 1923; x_wconf 87' lang='grc' dir='ltr'><em>λίμνη)</em></span> <span class='ocrx_word' id='word_1_285' title='bbox 1134 1858 1302 1913; x_wconf 72' lang='lat' dir='ltr'>testathi.</span> <span class='ocrx_word' id='word_1_286' title='bbox 1354 1877 1526 1913; x_wconf 67' lang='lat' dir='ltr'>Ceterum</span> <span class='ocrx_word' id='word_1_287' title='bbox 1558 1880 1728 1924; x_wconf 86' lang='lat' dir='ltr'>quamvis</span> 
     </span>
     <span class='ocr_line' id='line_1_29' title="bbox 190 1925 1727 1971; baseline 0.001 -11"><span class='ocrx_word' id='word_1_288' title='bbox 190 1925 338 1960; x_wconf 82' lang='lat' dir='ltr'>Euenus</span> <span class='ocrx_word' id='word_1_289' title='bbox 359 1926 488 1960; x_wconf 86' lang='lat' dir='ltr'>Parius</span> <span class='ocrx_word' id='word_1_290' title='bbox 515 1925 643 1967; x_wconf 87' lang='lat' dir='ltr'>fuerit,</span> <span class='ocrx_word' id='word_1_291' title='bbox 669 1936 744 1960; x_wconf 92' lang='lat' dir='ltr'>non</span> <span class='ocrx_word' id='word_1_292' title='bbox 763 1926 891 1960; x_wconf 81' lang='lat' dir='ltr'>tamen</span> <span class='ocrx_word' id='word_1_293' title='bbox 912 1936 1060 1960; x_wconf 89' lang='lat' dir='ltr'>necesse</span> <span class='ocrx_word' id='word_1_294' title='bbox 1082 1927 1140 1960; x_wconf 89' lang='lat' dir='ltr'>est</span> <span class='ocrx_word' id='word_1_295' title='bbox 1158 1926 1224 1960; x_wconf 91' lang='lat' dir='ltr'>has</span> <span class='ocrx_word' id='word_1_296' title='bbox 1245 1937 1366 1965; x_wconf 87' lang='lat' dir='ltr'>rerum</span> <span class='ocrx_word' id='word_1_297' title='bbox 1390 1926 1622 1970; x_wconf 87' lang='lat' dir='ltr'>publicarum</span> <span class='ocrx_word' id='word_1_298' title='bbox 1642 1938 1727 1971; x_wconf 88' lang='lat' dir='ltr'>pro-</span> 
     </span>
     <span class='ocr_line' id='line_1_30' title="bbox 192 1971 1726 2019; baseline 0.001 -12"><span class='ocrx_word' id='word_1_299' title='bbox 192 1972 324 2016; x_wconf 87' lang='lat' dir='ltr'>cellas,</span> <span class='ocrx_word' id='word_1_300' title='bbox 359 1984 452 2018; x_wconf 87' lang='lat' dir='ltr'>quas</span> <span class='ocrx_word' id='word_1_301' title='bbox 485 1973 577 2008; x_wconf 83' lang='lat' dir='ltr'>haec</span> <span class='ocrx_word' id='word_1_302' title='bbox 609 1972 733 2018; x_wconf 87' lang='lat' dir='ltr'>elegia</span> <span class='ocrx_word' id='word_1_303' title='bbox 764 1971 968 2018; x_wconf 86' lang='lat' dir='ltr'>significat,</span> <span class='ocrx_word' id='word_1_304' title='bbox 1007 1972 1055 2013; x_wconf 85' lang='lat' dir='ltr'>ad</span> <span class='ocrx_word' id='word_1_305' title='bbox 1087 1973 1281 2008; x_wconf 85' lang='lat' dir='ltr'>Pariorum</span> <span class='ocrx_word' id='word_1_306' title='bbox 1315 1972 1506 2008; x_wconf 82' lang='lat' dir='ltr'>civitatem</span> <span class='ocrx_word' id='word_1_307' title='bbox 1541 1976 1726 2019; x_wconf 83' lang='lat' dir='ltr'>spectare3</span> 
     </span>
     <span class='ocr_line' id='line_1_31' title="bbox 190 2019 1727 2066; baseline 0.001 -11"><span class='ocrx_word' id='word_1_308' title='bbox 190 2032 279 2055; x_wconf 89' lang='lat' dir='ltr'>nam</span> <span class='ocrx_word' id='word_1_309' title='bbox 303 2020 429 2066; x_wconf 88' lang='lat' dir='ltr'>potuit</span> <span class='ocrx_word' id='word_1_310' title='bbox 453 2020 603 2055; x_wconf 86' lang='lat' dir='ltr'>Euenus</span> <span class='ocrx_word' id='word_1_311' title='bbox 630 2021 721 2056; x_wconf 86' lang='lat' dir='ltr'>haec</span> <span class='ocrx_word' id='word_1_312' title='bbox 747 2020 786 2055; x_wconf 89' lang='lat' dir='ltr'>in</span> <span class='ocrx_word' id='word_1_313' title='bbox 813 2020 939 2056; x_wconf 86' lang='lat' dir='ltr'>aliena</span> <span class='ocrx_word' id='word_1_314' title='bbox 963 2019 1054 2055; x_wconf 84' lang='lat' dir='ltr'>urbe</span> <span class='ocrx_word' id='word_1_315' title='bbox 1081 2024 1331 2055; x_wconf 81' lang='lat' dir='ltr'>commoratus</span> <span class='ocrx_word' id='word_1_316' title='bbox 1357 2020 1535 2064; x_wconf 83' lang='lat' dir='ltr'>scribere,</span> <span class='ocrx_word' id='word_1_317' title='bbox 1567 2021 1727 2058; x_wconf 82' lang='lat' dir='ltr'>fortasse</span> 
     </span>
     <span class='ocr_line' id='line_1_32' title="bbox 191 2067 1726 2127; baseline 0.001 -24"><span class='ocrx_word' id='word_1_318' title='bbox 191 2068 228 2103; x_wconf 90' lang='lat' dir='ltr'>in</span> <span class='ocrx_word' id='word_1_319' title='bbox 255 2068 410 2103; x_wconf 89' lang='lat' dir='ltr'>Euboea</span> <span class='ocrx_word' id='word_1_320' title='bbox 435 2067 575 2110; x_wconf 88' lang='lat' dir='ltr'>insula;</span> <span class='ocrx_word' id='word_1_321' title='bbox 608 2069 923 2114; x_wconf 84' lang='lat' dir='ltr'>quemadmodum</span> <span class='ocrx_word' id='word_1_322' title='bbox 955 2068 1068 2103; x_wconf 87' lang='lat' dir='ltr'>etiam</span> <span class='ocrx_word' id='word_1_323' title='bbox 1095 2067 1192 2103; x_wconf 82' lang='lat' dir='ltr'>aliae</span> <span class='ocrx_word' id='word_1_324' title='bbox 1209 2069 1409 2125; x_wconf 88' lang='lat' dir='ltr'>reliquiae</span> <span class='ocrx_word' id='word_1_325' title='bbox 1422 2069 1462 2103; x_wconf 87' lang='lat' dir='ltr'>in</span> <span class='ocrx_word' id='word_1_326' title='bbox 1486 2069 1557 2105; x_wconf 85' lang='lat' dir='ltr'>hac</span> <span class='ocrx_word' id='word_1_327' title='bbox 1583 2069 1726 2127; x_wconf 84' lang='lat' dir='ltr'>sylloge</span> 
     </span>
     <span class='ocr_line' id='line_1_33' title="bbox 192 2112 1726 2174; baseline 0.001 -24"><span class='ocrx_word' id='word_1_328' title='bbox 192 2117 240 2150; x_wconf 88' lang='lat' dir='ltr'>ad</span> <span class='ocrx_word' id='word_1_329' title='bbox 273 2116 511 2151; x_wconf 66' lang='lat' dir='ltr'>Euboeenses</span> <span class='ocrx_word' id='word_1_330' title='bbox 544 2115 758 2151; x_wconf 81' lang='lat' dir='ltr'>referendae</span> <span class='ocrx_word' id='word_1_331' title='bbox 795 2119 890 2151; x_wconf 87' lang='lat' dir='ltr'>sunt.</span> <span class='ocrx_word' id='word_1_332' title='bbox 930 2136 973 2141; x_wconf 85' lang='lat'>—-</span> <span class='ocrx_word' id='word_1_333' title='bbox 1013 2115 1056 2151; x_wconf 93' lang='lat' dir='ltr'>V.</span> <span class='ocrx_word' id='word_1_334' title='bbox 1084 2119 1163 2151; x_wconf 82' lang='lat'><strong>667.</strong></span> <span class='ocrx_word' id='word_1_335' title='bbox 1190 2112 1293 2171; x_wconf 79' lang='grc' dir='ltr'><em>ᾔδη,</em></span> <span class='ocrx_word' id='word_1_336' title='bbox 1330 2116 1362 2150; x_wconf 88' lang='grc' dir='ltr'><strong>Α</strong></span> <span class='ocrx_word' id='word_1_337' title='bbox 1387 2113 1479 2173; x_wconf 86' lang='grc' dir='ltr'><em>ήδη,</em></span> <span class='ocrx_word' id='word_1_338' title='bbox 1515 2117 1579 2152; x_wconf 89' lang='lat' dir='ltr'>rel.</span> <span class='ocrx_word' id='word_1_339' title='bbox 1604 2113 1726 2174; x_wconf 82' lang='grc' dir='ltr'><em>ᾔδειν,</em></span> 
     </span>
     <span class='ocr_line' id='line_1_34' title="bbox 190 2157 1726 2222; baseline 0.001 -23"><span class='ocrx_word' id='word_1_340' title='bbox 190 2163 288 2199; x_wconf 85' lang='lat' dir='ltr'>infra.</span> <span class='ocrx_word' id='word_1_341' title='bbox 326 2176 359 2199; x_wconf 87' lang='lat' dir='ltr'>v.</span> <span class='ocrx_word' id='word_1_342' title='bbox 388 2167 456 2199; x_wconf 80' lang='lat'>853</span> <span class='ocrx_word' id='word_1_343' title='bbox 489 2161 586 2210; x_wconf 83' lang='grc' dir='ltr'><em>ᾔδεα</em></span> <span class='ocrx_word' id='word_1_344' title='bbox 618 2163 766 2209; x_wconf 78' lang='lat' dir='ltr'>legitur.</span> <span class='ocrx_word' id='word_1_345' title='bbox 816 2163 1004 2199; x_wconf 87' lang='lat' dir='ltr'>Hermann</span> <span class='ocrx_word' id='word_1_346' title='bbox 1043 2157 1111 2198; x_wconf 81' lang='grc' dir='ltr'>οὖν</span> <span class='ocrx_word' id='word_1_347' title='bbox 1151 2160 1217 2208; x_wconf 82' lang='grc' dir='ltr'>δή,</span> <span class='ocrx_word' id='word_1_348' title='bbox 1256 2163 1402 2199; x_wconf 86' lang='lat' dir='ltr'>Hecker</span> <span class='ocrx_word' id='word_1_349' title='bbox 1439 2176 1603 2209; x_wconf 87' lang='grc' dir='ltr'><em>οσσαπερ</em></span> <span class='ocrx_word' id='word_1_350' title='bbox 1639 2161 1726 2222; x_wconf 84' lang='grc' dir='ltr'><em>ἡδν,</em></span> 
     </span>
     <span class='ocr_line' id='line_1_35' title="bbox 190 2207 1726 2257; baseline 0.001 -11"><span class='ocrx_word' id='word_1_351' title='bbox 190 2211 335 2246; x_wconf 78' lang='lat' dir='ltr'>Ahrens</span> <span class='ocrx_word' id='word_1_352' title='bbox 362 2209 424 2246; x_wconf 82' lang='grc' dir='ltr'><em>οἷα</em></span> <span class='ocrx_word' id='word_1_353' title='bbox 450 2212 556 2254; x_wconf 74' lang='grc' dir='ltr'><em>πρίν,</em></span> <span class='ocrx_word' id='word_1_354' title='bbox 582 2207 675 2257; x_wconf 78' lang='grc' dir='ltr'><em>ἤδη,</em></span> <span class='ocrx_word' id='word_1_355' title='bbox 702 2209 899 2247; x_wconf 75' lang='lat' dir='ltr'>Wecklein</span> <span class='ocrx_word' id='word_1_356' title='bbox 926 2209 988 2246; x_wconf 81' lang='grc' dir='ltr'><em>οἷα</em></span> <span class='ocrx_word' id='word_1_357' title='bbox 1014 2208 1203 2255; x_wconf 76' lang='grc' dir='ltr'><em>παροιθεν</em></span> <span class='ocrx_word' id='word_1_358' title='bbox 1229 2211 1400 2246; x_wconf 80' lang='lat' dir='ltr'>tentavit</span> <span class='ocrx_word' id='word_1_359' title='bbox 1428 2232 1474 2237; x_wconf 91' lang='lat'>—-</span> <span class='ocrx_word' id='word_1_360' title='bbox 1498 2211 1543 2247; x_wconf 93' lang='lat' dir='ltr'>V.</span> <span class='ocrx_word' id='word_1_361' title='bbox 1571 2215 1650 2248; x_wconf 86' lang='lat'>668</span> <span class='ocrx_word' id='word_1_362' title='bbox 1677 2207 1726 2247; x_wconf 80' lang='grc' dir='ltr'>ὃὶν</span> 
     </span>
     <span class='ocr_line' id='line_1_36' title="bbox 191 2255 1725 2316; baseline 0.001 -23"><span class='ocrx_word' id='word_1_363' title='bbox 191 2269 264 2294; x_wconf 89' lang='lat' dir='ltr'><strong>om.</strong></span> <span class='ocrx_word' id='word_1_364' title='bbox 298 2258 340 2294; x_wconf 83' lang='grc' dir='ltr'>Ο.</span> <span class='ocrx_word' id='word_1_365' title='bbox 379 2279 423 2284; x_wconf 93' lang='grc'>-</span> <span class='ocrx_word' id='word_1_366' title='bbox 458 2255 647 2311; x_wconf 78' lang='grc' dir='ltr'><em>ανιῴμην,</em></span> <span class='ocrx_word' id='word_1_367' title='bbox 679 2258 712 2292; x_wconf 90' lang='lat' dir='ltr'>A</span> <span class='ocrx_word' id='word_1_368' title='bbox 738 2255 911 2316; x_wconf 72' lang='grc' dir='ltr'><em>ᾇνοίμην.</em></span> <span class='ocrx_word' id='word_1_369' title='bbox 946 2280 989 2284; x_wconf 89' lang='lat'>—-</span> <span class='ocrx_word' id='word_1_370' title='bbox 1025 2263 1119 2303; x_wconf 83' lang='grc' dir='ltr'><em>τοῖς,</em></span> <span class='ocrx_word' id='word_1_371' title='bbox 1145 2257 1174 2293; x_wconf 95' lang='grc' dir='ltr'>Ο</span> <span class='ocrx_word' id='word_1_372' title='bbox 1207 2263 1336 2294; x_wconf 90' lang='grc' dir='ltr'><em>τοισιν.</em></span> <span class='ocrx_word' id='word_1_373' title='bbox 1389 2257 1495 2301; x_wconf 83' lang='lat' dir='ltr'>Quod</span> <span class='ocrx_word' id='word_1_374' title='bbox 1528 2259 1617 2294; x_wconf 90' lang='lat' dir='ltr'>olim</span> <span class='ocrx_word' id='word_1_375' title='bbox 1641 2271 1725 2305; x_wconf 86' lang='lat' dir='ltr'>pro-</span> 
     </span>
     <span class='ocr_line' id='line_1_37' title="bbox 189 2302 1724 2352; baseline 0.001 -11"><span class='ocrx_word' id='word_1_376' title='bbox 189 2306 302 2352; x_wconf 90' lang='lat' dir='ltr'>posui</span> <span class='ocrx_word' id='word_1_377' title='bbox 327 2304 461 2351; x_wconf 80' lang='grc' dir='ltr'><em>οἷάπερ</em></span> <span class='ocrx_word' id='word_1_378' title='bbox 496 2305 600 2350; x_wconf 77' lang='grc' dir='ltr'><em>οἶδα,</em></span> <span class='ocrx_word' id='word_1_379' title='bbox 634 2302 703 2342; x_wconf 72' lang='grc' dir='ltr'>οὐκ</span> <span class='ocrx_word' id='word_1_380' title='bbox 737 2302 785 2341; x_wconf 72' lang='grc' dir='ltr'>ἂν</span> <span class='ocrx_word' id='word_1_381' title='bbox 817 2303 1060 2352; x_wconf 78' lang='grc' dir='ltr'><em>ἄναινοιμην,</em></span> <span class='ocrx_word' id='word_1_382' title='bbox 1093 2306 1265 2351; x_wconf 87' lang='lat' dir='ltr'>quodque</span> <span class='ocrx_word' id='word_1_383' title='bbox 1290 2306 1465 2351; x_wconf 87' lang='lat' dir='ltr'>probavit</span> <span class='ocrx_word' id='word_1_384' title='bbox 1490 2306 1724 2352; x_wconf 87' lang='lat' dir='ltr'>Herwerden,</span> 
     </span>
     <span class='ocr_line' id='line_1_38' title="bbox 190 2353 1724 2400; baseline 0.001 -12"><span class='ocrx_word' id='word_1_385' title='bbox 190 2355 330 2389; x_wconf 90' lang='lat' dir='ltr'>dudum</span> <span class='ocrx_word' id='word_1_386' title='bbox 368 2354 499 2389; x_wconf 89' lang='lat' dir='ltr'>abieci.</span> <span class='ocrx_word' id='word_1_387' title='bbox 550 2353 791 2389; x_wconf 79' lang='lat' dir='ltr'>Manifestum</span> <span class='ocrx_word' id='word_1_388' title='bbox 831 2353 1007 2389; x_wconf 89' lang='lat' dir='ltr'>mendum</span> <span class='ocrx_word' id='word_1_389' title='bbox 1046 2354 1168 2399; x_wconf 89' lang='lat' dir='ltr'>priore</span> <span class='ocrx_word' id='word_1_390' title='bbox 1204 2354 1431 2399; x_wconf 84' lang='lat' dir='ltr'>pentametri</span> <span class='ocrx_word' id='word_1_391' title='bbox 1469 2355 1574 2400; x_wconf 83' lang='lat' dir='ltr'>parte</span> <span class='ocrx_word' id='word_1_392' title='bbox 1606 2354 1724 2390; x_wconf 86' lang='lat' dir='ltr'>conti—</span> 
     </span>
    </p>

    <p class='ocr_par' dir='ltr' id='par_1_8' title="bbox 189 2398 1724 2733">
     <span class='ocr_line' id='line_1_39' title="bbox 190 2398 1722 2448; baseline 0.001 -12"><span class='ocrx_word' id='word_1_393' title='bbox 190 2404 316 2445; x_wconf 86' lang='lat' dir='ltr'>netur,</span> <span class='ocrx_word' id='word_1_394' title='bbox 353 2403 469 2437; x_wconf 86' lang='lat' dir='ltr'>verba</span> <span class='ocrx_word' id='word_1_395' title='bbox 494 2399 629 2447; x_wconf 82' lang='grc' dir='ltr'><em>οἷάπερ</em></span> <span class='ocrx_word' id='word_1_396' title='bbox 660 2398 734 2448; x_wconf 81' lang='grc' dir='ltr'>ᾔδη</span> <span class='ocrx_word' id='word_1_397' title='bbox 762 2413 845 2436; x_wconf 91' lang='lat' dir='ltr'>cum</span> <span class='ocrx_word' id='word_1_398' title='bbox 877 2401 923 2436; x_wconf 91' lang='lat' dir='ltr'>de</span> <span class='ocrx_word' id='word_1_399' title='bbox 947 2401 1040 2437; x_wconf 87' lang='lat' dir='ltr'>vitio</span> <span class='ocrx_word' id='word_1_400' title='bbox 1065 2413 1138 2436; x_wconf 89' lang='lat' dir='ltr'>non</span> <span class='ocrx_word' id='word_1_401' title='bbox 1171 2401 1245 2436; x_wconf 90' lang='lat' dir='ltr'>sint</span> <span class='ocrx_word' id='word_1_402' title='bbox 1277 2403 1467 2447; x_wconf 86' lang='lat' dir='ltr'>suspecta,</span> <span class='ocrx_word' id='word_1_403' title='bbox 1501 2414 1534 2437; x_wconf 88' lang='lat' dir='ltr'>v.</span> <span class='ocrx_word' id='word_1_404' title='bbox 1562 2405 1629 2438; x_wconf 81' lang='grc'>667</span> <span class='ocrx_word' id='word_1_405' title='bbox 1655 2414 1722 2447; x_wconf 87' lang='lat' dir='ltr'>pro</span> 
     </span>
     <span class='ocr_line' id='line_1_40' title="bbox 192 2447 1722 2505; baseline 0 -21"><span class='ocrx_word' id='word_1_406' title='bbox 192 2449 361 2505; x_wconf 84' lang='lat' dir='ltr'>optativo</span> <span class='ocrx_word' id='word_1_407' title='bbox 388 2448 611 2485; x_wconf 79' lang='lat' dir='ltr'>indlcativus</span> <span class='ocrx_word' id='word_1_408' title='bbox 637 2449 829 2494; x_wconf 85' lang='lat' dir='ltr'>praeteriti</span> <span class='ocrx_word' id='word_1_409' title='bbox 855 2447 1069 2492; x_wconf 83' lang='lat' dir='ltr'>requiritur,</span> <span class='ocrx_word' id='word_1_410' title='bbox 1094 2460 1181 2484; x_wconf 75' lang='lat' dir='ltr'>nani</span> <span class='ocrx_word' id='word_1_411' title='bbox 1207 2449 1467 2485; x_wconf 86' lang='lat' dir='ltr'>secundarium</span> <span class='ocrx_word' id='word_1_412' title='bbox 1490 2450 1722 2485; x_wconf 89' lang='lat' dir='ltr'>enuntiatum</span> 
     </span>
     <span class='ocr_line' id='line_1_41' title="bbox 189 2494 1724 2553; baseline 0.001 -22"><span class='ocrx_word' id='word_1_413' title='bbox 189 2494 298 2543; x_wconf 82' lang='grc' dir='ltr'><em>ῄὸειν</em></span> <span class='ocrx_word' id='word_1_414' title='bbox 324 2498 368 2532; x_wconf 92' lang='lat' dir='ltr'>ut</span> <span class='ocrx_word' id='word_1_415' title='bbox 393 2498 488 2532; x_wconf 87' lang='lat' dir='ltr'>solet</span> <span class='ocrx_word' id='word_1_416' title='bbox 512 2497 559 2533; x_wconf 88' lang='lat' dir='ltr'>ad</span> <span class='ocrx_word' id='word_1_417' title='bbox 582 2497 751 2553; x_wconf 87' lang='lat' dir='ltr'>primarii</span> <span class='ocrx_word' id='word_1_418' title='bbox 778 2497 988 2541; x_wconf 86' lang='lat' dir='ltr'>exemplum</span> <span class='ocrx_word' id='word_1_419' title='bbox 1014 2500 1071 2532; x_wconf 87' lang='lat' dir='ltr'>est</span> <span class='ocrx_word' id='word_1_420' title='bbox 1096 2495 1377 2533; x_wconf 87' lang='lat' dir='ltr'>conformatum.</span> <span class='ocrx_word' id='word_1_421' title='bbox 1415 2497 1458 2532; x_wconf 90' lang='lat' dir='ltr'>In</span> <span class='ocrx_word' id='word_1_422' title='bbox 1483 2496 1640 2543; x_wconf 87' lang='lat' dir='ltr'>proclivi</span> <span class='ocrx_word' id='word_1_423' title='bbox 1666 2497 1724 2532; x_wconf 85' lang='lat' dir='ltr'>est</span> 
     </span>
     <span class='ocr_line' id='line_1_42' title="bbox 193 2540 1722 2598; baseline 0.001 -19"><span class='ocrx_word' id='word_1_424' title='bbox 193 2545 374 2580; x_wconf 88' lang='lat' dir='ltr'>correctio</span> <span class='ocrx_word' id='word_1_425' title='bbox 401 2542 470 2580; x_wconf 81' lang='grc' dir='ltr'>οὐκ</span> <span class='ocrx_word' id='word_1_426' title='bbox 497 2540 545 2580; x_wconf 71' lang='grc' dir='ltr'>ἂν</span> <span class='ocrx_word' id='word_1_427' title='bbox 566 2542 738 2590; x_wconf 81' lang='grc' dir='ltr'><em>ἄνιώμην</em></span> <span class='ocrx_word' id='word_1_428' title='bbox 764 2546 801 2590; x_wconf 90' lang='lat' dir='ltr'>(i.</span> <span class='ocrx_word' id='word_1_429' title='bbox 817 2556 847 2581; x_wconf 89' lang='lat' dir='ltr'>e.</span> <span class='ocrx_word' id='word_1_430' title='bbox 870 2542 1066 2590; x_wconf 76' lang='grc' dir='ltr'><em>ηνιώμην),</em></span> <span class='ocrx_word' id='word_1_431' title='bbox 1090 2555 1178 2579; x_wconf 82' lang='grc'>113111</span> <span class='ocrx_word' id='word_1_432' title='bbox 1198 2551 1213 2579; x_wconf 92' lang='grc' dir='ltr'><em>ῑ</em></span> <span class='ocrx_word' id='word_1_433' title='bbox 1230 2544 1464 2598; x_wconf 83' lang='lat' dir='ltr'>productum,</span> <span class='ocrx_word' id='word_1_434' title='bbox 1490 2545 1590 2589; x_wconf 90' lang='lat' dir='ltr'>quod</span> <span class='ocrx_word' id='word_1_435' title='bbox 1609 2543 1722 2580; x_wconf 85' lang='lat' dir='ltr'>offen-</span> 
     </span>
     <span class='ocr_line' id='line_1_43' title="bbox 192 2591 1721 2637; baseline 0 -10"><span class='ocrx_word' id='word_1_436' title='bbox 192 2591 286 2627; x_wconf 89' lang='lat' dir='ltr'>sioni</span> <span class='ocrx_word' id='word_1_437' title='bbox 311 2591 384 2627; x_wconf 80' lang='lat' dir='ltr'>fuit</span> <span class='ocrx_word' id='word_1_438' title='bbox 411 2591 670 2636; x_wconf 86' lang='lat' dir='ltr'>Herwerden0‚</span> <span class='ocrx_word' id='word_1_439' title='bbox 697 2592 871 2637; x_wconf 89' lang='lat' dir='ltr'>quoniam</span> <span class='ocrx_word' id='word_1_440' title='bbox 898 2591 936 2627; x_wconf 87' lang='lat' dir='ltr'>in</span> <span class='ocrx_word' id='word_1_441' title='bbox 962 2592 1019 2627; x_wconf 88' lang='lat' dir='ltr'>his</span> <span class='ocrx_word' id='word_1_442' title='bbox 1045 2591 1184 2637; x_wconf 85' lang='lat' dir='ltr'>eclogis</span> <span class='ocrx_word' id='word_1_443' title='bbox 1210 2591 1396 2627; x_wconf 88' lang='lat' dir='ltr'>variorum</span> <span class='ocrx_word' id='word_1_444' title='bbox 1421 2594 1618 2637; x_wconf 86' lang='lat' dir='ltr'>poetarum</span> <span class='ocrx_word' id='word_1_445' title='bbox 1643 2603 1721 2628; x_wconf 88' lang='lat' dir='ltr'>cor-</span> 
     </span>
     <span class='ocr_line' id='line_1_44' title="bbox 189 2638 1722 2696; baseline 0.001 -22"><span class='ocrx_word' id='word_1_446' title='bbox 189 2638 263 2684; x_wconf 88' lang='lat' dir='ltr'>ripi</span> <span class='ocrx_word' id='word_1_447' title='bbox 297 2641 409 2684; x_wconf 89' lang='lat' dir='ltr'>solet,</span> <span class='ocrx_word' id='word_1_448' title='bbox 448 2652 522 2675; x_wconf 89' lang='grc'>11011</span> <span class='ocrx_word' id='word_1_449' title='bbox 553 2642 611 2675; x_wconf 89' lang='lat' dir='ltr'>est</span> <span class='ocrx_word' id='word_1_450' title='bbox 636 2640 844 2675; x_wconf 85' lang='lat' dir='ltr'>calumniae</span> <span class='ocrx_word' id='word_1_451' title='bbox 879 2640 1098 2683; x_wconf 84' lang='lat' dir='ltr'>obnoxium3</span> <span class='ocrx_word' id='word_1_452' title='bbox 1135 2642 1176 2675; x_wconf 86' lang='lat' dir='ltr'>at</span> <span class='ocrx_word' id='word_1_453' title='bbox 1205 2640 1294 2674; x_wconf 89' lang='lat' dir='ltr'>tunc</span> <span class='ocrx_word' id='word_1_454' title='bbox 1325 2641 1520 2685; x_wconf 86' lang='lat' dir='ltr'>praeterea</span> <span class='ocrx_word' id='word_1_455' title='bbox 1551 2640 1722 2696; x_wconf 81' lang='lat' dir='ltr'>proxima</span> 
     </span>
     <span class='ocr_line' id='line_1_45' title="bbox 190 2683 1720 2740; baseline 0 -18"><span class='ocrx_word' id='word_1_456' title='bbox 190 2687 421 2733; x_wconf 84' lang='lat' dir='ltr'>refingenda,</span> <span class='ocrx_word' id='word_1_457' title='bbox 447 2687 552 2723; x_wconf 87' lang='lat' dir='ltr'>Velut</span> <span class='ocrx_word' id='word_1_458' title='bbox 576 2692 653 2728; x_wconf 83' lang='grc' dir='ltr'><em>τοῖς</em></span> <span class='ocrx_word' id='word_1_459' title='bbox 678 2684 841 2732; x_wconf 73' lang='grc' dir='ltr'><em>ἀγαθοῖς</em></span> <span class='ocrx_word' id='word_1_460' title='bbox 868 2685 1062 2730; x_wconf 79' lang='grc' dir='ltr'><em>ἐνέπων,</em></span> <span class='ocrx_word' id='word_1_461' title='bbox 1088 2697 1207 2740; x_wconf 79' lang='lat' dir='ltr'>neque</span> <span class='ocrx_word' id='word_1_462' title='bbox 1234 2686 1324 2722; x_wconf 86' lang='lat' dir='ltr'>satis</span> <span class='ocrx_word' id='word_1_463' title='bbox 1351 2687 1586 2722; x_wconf 85' lang='lat' dir='ltr'>commodum</span> <span class='ocrx_word' id='word_1_464' title='bbox 1612 2683 1720 2722; x_wconf 78' lang='grc' dir='ltr'><em>ἄνιᾶ-</em></span> 
     </span>
    </p>

    <p class='ocr_par' dir='ltr' id='par_1_9' title="bbox 190 2729 1719 2780">
     <span class='ocr_line' id='line_1_46' title="bbox 190 2729 1719 2780; baseline 0 -11"><span class='ocrx_word' id='word_1_465' title='bbox 190 2737 283 2769; x_wconf 82' lang='grc' dir='ltr'><em>σθαι</em></span> <span class='ocrx_word' id='word_1_466' title='bbox 332 2735 461 2780; x_wconf 81' lang='lat' dir='ltr'>Itaque</span> <span class='ocrx_word' id='word_1_467' title='bbox 483 2735 558 2770; x_wconf 89' lang='lat' dir='ltr'>alia</span> <span class='ocrx_word' id='word_1_468' title='bbox 577 2735 723 2770; x_wconf 91' lang='lat' dir='ltr'>medela</span> <span class='ocrx_word' id='word_1_469' title='bbox 742 2735 972 2779; x_wconf 82' lang='lat' dir='ltr'>adhibenda,</span> <span class='ocrx_word' id='word_1_470' title='bbox 999 2733 1174 2780; x_wconf 87' lang='lat' dir='ltr'>suspicor</span> <span class='ocrx_word' id='word_1_471' title='bbox 1190 2734 1389 2779; x_wconf 86' lang='lat' dir='ltr'>legendum</span> <span class='ocrx_word' id='word_1_472' title='bbox 1415 2731 1484 2770; x_wconf 80' lang='grc' dir='ltr'>οὐκ</span> <span class='ocrx_word' id='word_1_473' title='bbox 1511 2729 1560 2768; x_wconf 80' lang='grc' dir='ltr'>ὂὶν</span> <span class='ocrx_word' id='word_1_474' title='bbox 1584 2731 1719 2769; x_wconf 79' lang='grc' dir='ltr'><em>ὑπαι-</em></span> 
     </span>
    </p>

    <p class='ocr_par' dir='ltr' id='par_1_10' title="bbox 189 2780 1720 2970">
     <span class='ocr_line' id='line_1_47' title="bbox 189 2780 1720 2829; baseline 0.001 -13"><span class='ocrx_word' id='word_1_475' title='bbox 189 2783 356 2827; x_wconf 82' lang='grc' dir='ltr'><em>νίγμην</em></span> <span class='ocrx_word' id='word_1_476' title='bbox 388 2782 526 2828; x_wconf 87' lang='lat' dir='ltr'>agendi</span> <span class='ocrx_word' id='word_1_477' title='bbox 555 2782 707 2818; x_wconf 83' lang='lat' dir='ltr'>notione</span> <span class='ocrx_word' id='word_1_478' title='bbox 738 2783 872 2826; x_wconf 82' lang='lat' dir='ltr'>ascita,</span> <span class='ocrx_word' id='word_1_479' title='bbox 904 2780 1119 2829; x_wconf 79' lang='grc' dir='ltr'><em>ὑπῃνίγμην</em></span> <span class='ocrx_word' id='word_1_480' title='bbox 1150 2783 1193 2816; x_wconf 91' lang='lat' dir='ltr'>ut</span> <span class='ocrx_word' id='word_1_481' title='bbox 1224 2781 1423 2827; x_wconf 82' lang='lat' dir='ltr'>scribatur,</span> <span class='ocrx_word' id='word_1_482' title='bbox 1453 2793 1529 2817; x_wconf 91' lang='lat' dir='ltr'>non</span> <span class='ocrx_word' id='word_1_483' title='bbox 1559 2793 1720 2824; x_wconf 88' lang='lat' dir='ltr'>necesse,</span> 
     </span>
     <span class='ocr_line' id='line_1_48' title="bbox 189 2827 1722 2888; baseline 0.001 -24"><span class='ocrx_word' id='word_1_484' title='bbox 189 2841 417 2888; x_wconf 77' lang='lat' dir='ltr'>quamquam</span> <span class='ocrx_word' id='word_1_485' title='bbox 448 2830 546 2865; x_wconf 88' lang='lat' dir='ltr'>infra</span> <span class='ocrx_word' id='word_1_486' title='bbox 571 2843 606 2866; x_wconf 89' lang='lat' dir='ltr'>v.</span> <span class='ocrx_word' id='word_1_487' title='bbox 634 2834 701 2866; x_wconf 88' lang='lat'>681</span> <span class='ocrx_word' id='word_1_488' title='bbox 732 2827 881 2877; x_wconf 80' lang='grc' dir='ltr'><em>ᾐνίχθω</em></span> <span class='ocrx_word' id='word_1_489' title='bbox 906 2830 1087 2865; x_wconf 88' lang='lat' dir='ltr'>traditum</span> <span class='ocrx_word' id='word_1_490' title='bbox 1113 2830 1180 2866; x_wconf 89' lang='lat' dir='ltr'>est.</span> <span class='ocrx_word' id='word_1_491' title='bbox 1231 2828 1336 2871; x_wconf 84' lang='lat' dir='ltr'>Quod</span> <span class='ocrx_word' id='word_1_492' title='bbox 1369 2829 1408 2864; x_wconf 87' lang='lat' dir='ltr'>in</span> <span class='ocrx_word' id='word_1_493' title='bbox 1433 2828 1575 2874; x_wconf 85' lang='lat' dir='ltr'>protasi</span> <span class='ocrx_word' id='word_1_494' title='bbox 1600 2831 1658 2865; x_wconf 89' lang='lat' dir='ltr'>est</span> <span class='ocrx_word' id='word_1_495' title='bbox 1685 2829 1722 2866; x_wconf 81' lang='grc' dir='ltr'>εἰ</span> 
     </span>
     <span class='ocr_line' id='line_1_49' title="bbox 191 2876 1718 2923; baseline 0.001 -12"><span class='ocrx_word' id='word_1_496' title='bbox 191 2877 328 2922; x_wconf 80' lang='grc' dir='ltr'><em>ἔχοιμι,</em></span> <span class='ocrx_word' id='word_1_497' title='bbox 354 2889 429 2912; x_wconf 92' lang='lat' dir='ltr'>non</span> <span class='ocrx_word' id='word_1_498' title='bbox 450 2876 569 2923; x_wconf 80' lang='grc' dir='ltr'><em>εἶχον,</em></span> <span class='ocrx_word' id='word_1_499' title='bbox 594 2879 761 2914; x_wconf 84' lang='lat' dir='ltr'>variatae</span> <span class='ocrx_word' id='word_1_500' title='bbox 788 2879 995 2913; x_wconf 87' lang='lat' dir='ltr'>structurae</span> <span class='ocrx_word' id='word_1_501' title='bbox 1022 2877 1192 2922; x_wconf 86' lang='lat' dir='ltr'>exempla</span> <span class='ocrx_word' id='word_1_502' title='bbox 1213 2876 1315 2922; x_wconf 85' lang='lat' dir='ltr'>apud</span> <span class='ocrx_word' id='word_1_503' title='bbox 1332 2876 1534 2912; x_wconf 87' lang='lat' dir='ltr'>Homerum</span> <span class='ocrx_word' id='word_1_504' title='bbox 1562 2879 1600 2912; x_wconf 90' lang='lat' dir='ltr'>et</span> <span class='ocrx_word' id='word_1_505' title='bbox 1623 2877 1718 2913; x_wconf 82' lang='lat' dir='ltr'>anti-</span> 
     </span>
     <span class='ocr_line' id='line_1_50' title="bbox 190 2924 1720 2971; baseline 0.001 -13"><span class='ocrx_word' id='word_1_506' title='bbox 190 2924 339 2970; x_wconf 85' lang='lat' dir='ltr'>quiores</span> <span class='ocrx_word' id='word_1_507' title='bbox 371 2936 444 2960; x_wconf 88' lang='lat' dir='ltr'>non</span> <span class='ocrx_word' id='word_1_508' title='bbox 477 2926 638 2969; x_wconf 85' lang='lat' dir='ltr'>exstant,</span> <span class='ocrx_word' id='word_1_509' title='bbox 675 2925 739 2960; x_wconf 85' lang='lat' dir='ltr'>sed</span> <span class='ocrx_word' id='word_1_510' title='bbox 766 2925 901 2960; x_wconf 87' lang='lat' dir='ltr'>Atticis</span> <span class='ocrx_word' id='word_1_511' title='bbox 933 2925 1004 2960; x_wconf 91' lang='lat' dir='ltr'>hoc</span> <span class='ocrx_word' id='word_1_512' title='bbox 1036 2936 1151 2971; x_wconf 89' lang='lat' dir='ltr'>genus</span> <span class='ocrx_word' id='word_1_513' title='bbox 1182 2924 1330 2959; x_wconf 89' lang='lat' dir='ltr'>dicendi</span> <span class='ocrx_word' id='word_1_514' title='bbox 1361 2924 1460 2959; x_wconf 88' lang='lat' dir='ltr'>haud</span> <span class='ocrx_word' id='word_1_515' title='bbox 1485 2924 1720 2970; x_wconf 88' lang='lat' dir='ltr'>inusitatum,</span> 
     </span>
    </p>
   </div>
  </div>
 </body>
</html>
