1890 3216
850 171 1115 210 HIPPONAX.
1662 173 1750 218 487

872 283 939 328 75.
973 284 1080 338 [80.]

294 401 681 413 ..........
710 364 853 425 Ἀφέω

292 439 458 483 τοῦτον
488 437 570 484 τὸν
603 437 895 484 ἑπτάδουλον.

871 561 1085 616 76.[65J

294 644 447 701 Λαιμᾷ
481 642 534 687 δέ
562 654 648 687 σου
678 640 728 687 τὸ
762 646 908 701 χεῖλος
939 640 1000 695 ὡς
1032 644 1237 705 ἐρῳδιοῦ.

870 777 938 820 77.
972 777 1077 830 [67.]

293 894 302 903 .
337 896 345 905 .
379 895 387 903 .
421 897 429 905 .
463 859 612 918 Κρέας
644 860 691 904 ἐκ
723 861 999 917 μολοβρίτου
1031 858 1149 911 συός.

682 1019 1262 1066 ΤΕΤΡΑΜΕΤΡΑ.
1678 1028 1746 1060 774

824 1125 847 1149 ’³‘
883 1122 950 1165 78.
986 1122 1122 1175 [112]

291 1207 566 1264 Μητροτίμῳ
600 1198 739 1261 δηῦτέ
768 1221 820 1261 με
853 1202 935 1263 χρὴ
969 1206 1028 1264 τῷ
1063 1203 1206 1264 σκότῳ
1240 1203 1512 1258 δικάζεσθαι.

0 1132 20 1183 Ξ,

0 1188 11 1220 ἰ,

0 1228 22 1274 εξ,

198 1383 298 1416 esse,
329 1374 373 1408 ut
405 1383 534 1408 versus
561 1374 759 1418 sequentes
795 1372 934 1408 Critiae
967 1371 1090 1418 ignoti
1123 1371 1280 1408 alicuius
1315 1373 1449 1418 poetae
1485 1373 1620 1408 essent.
1672 1372 1745 1408 Sed

197 1421 299 1457 recte
325 1421 471 1456 Ahrens
495 1420 685 1456 intellexit
710 1419 836 1456 omnia
872 1431 953 1456 esse
981 1419 1244 1466 Hipponactis,
1278 1421 1318 1455 et
1348 1419 1448 1455 hunc
1482 1431 1629 1455 versum
1655 1423 1746 1465 Κρι-

168 1476 170 1478 “
198 1470 278 1515 τίης
303 1471 378 1504 κτλ.
407 1480 492 1504 cnm
518 1468 641 1513 priore
667 1470 771 1504 arcte
798 1468 1012 1511 cohaerere,
1048 1468 1114 1503 sed
1138 1479 1213 1503 non
1239 1469 1339 1503 recte
1371 1468 1604 1503 choliambos
1636 1468 1743 1504 resti-

197 1517 288 1552 tuit:
316 1513 374 1552 Οὔ
401 1529 464 1562 μοι
490 1517 647 1556 δικαίως
679 1512 772 1552 ὥστε
805 1514 951 1562 μοιχὸς
971 1512 1116 1551 ἁλῶναι
1144 1520 1148 1559 1
1178 1513 1306 1551 δοκέει
1338 1517 1491 1560 Κριτίης
1523 1512 1542 1551 ὁ
1577 1518 1670 1557 Χῖος
1702 1513 1744 1552 ἐν

198 1565 248 1613 τῷ
281 1562 382 1607 πτὼξ,
415 1560 538 1612 δούλῳ
571 1564 670 1609 (coll.
697 1563 876 1610 Hesych.:
910 1564 1072 1604 Δοῦλος·
1108 1560 1131 1609 ἡ
1165 1562 1286 1598 οἰκία·
1318 1558 1341 1608 ἢ
1375 1561 1444 1608 τὴν
1478 1560 1541 1599 ἐπὶ
1572 1561 1614 1598 τὸ
1647 1560 1742 1599 αὐτὸ

198 1610 418 1648 συνέλευσιν
443 1611 518 1647 τῶν
543 1612 736 1656 γυναικῶν
747 1613 770 1657 ·)
795 1623 907 1657 quem
934 1611 1082 1647 secutus
1109 1610 1226 1646 Brink
1252 1611 1346 1646 coni.
1376 1609 1417 1646 ἐν
1444 1611 1592 1646 κασσῶν
1618 1609 1743 1659 δούλῳ

198 1660 360 1706 (Hecker
387 1657 428 1695 ἐν
453 1660 504 1708 τῷ
531 1661 752 1704 κασωρίδων
780 1658 918 1708 δούλῳ)
946 1661 984 1695 et
1009 1658 1182 1705 Hattu'ng
1208 1655 1250 1694 ἐν
1276 1659 1435 1706 πρωκτῷ
1462 1656 1596 1706 δούλῳ.
1649 1659 1745 1695 Sunt

197 1709 297 1744 enim
322 1707 451 1743 iambi.
479 1728 523 1733 ——
556 1707 600 1744 V.
627 1711 659 1743 2.
695 1705 736 1743 ἐν
763 1708 960 1752 κασωρικῶ
987 1704 1091 1754 δόμῳ
1124 1706 1219 1752 (sive
1251 1708 1446 1753 κασωρείῳ
1481 1704 1586 1755 δόμῳ
1618 1707 1742 1752 malis)

197 1755 332 1802 scripsi
356 1767 426 1813 pro
453 1752 495 1791 ἐν
521 1756 572 1804 τῷ
599 1755 793 1803 κατωτικῷ
828 1745 970 1803 δούλῳ,
1002 1754 1176 1791 Meineke
1203 1754 1297 1790 coni.
1325 1756 1478 1799 Κριτίης
1504 1751 1523 1790 ὁ
1550 1756 1675 1800 λίχνος
1701 1752 1743 1791 ἔν

197 1805 248 1852 τῷ
273 1816 452 1851 κατωγεῳ
479 1800 584 1851 δόμῳ
618 1805 657 1839 et
687 1805 885 1850 praeterea
915 1808 958 1839 ut
990 1803 1238 1848 anapaestum
1269 1804 1496 1847 removeret,
1531 1803 1742 1848 suspicatus

199 1854 256 1888 est
281 1852 441 1896 Κριτίος.

292 1900 351 1935 Fr.
379 1903 435 1935 75.
474 1898 577 1934 Ense.
605 1898 671 1934 Od.
702 1902 806 1942 1542,
825 1902 888 1934 50:
910 1895 1098 1942 Ἰππώναξ,
1125 1896 1167 1934 δὲ
1194 1894 1442 1946 ὑπεραναβὰς
1467 1899 1579 1934 τοῦτο
1605 1900 1742 1945 φησίν·

193 1945 310 1993 Ἀφέω
337 1949 412 1983 κτλ.
459 1945 514 1981 cf.
542 1947 589 1982 ad
610 1946 651 1982 Il.
673 1950 754 1991 725,
775 1951 831 1983 39.
878 1944 1134 1987 Ἑπτάδουλος
1159 1957 1205 1982 ex
1229 1945 1466 1992 Hipponacte
1492 1945 1601 1982 affert
1625 1945 1741 1982 etiam

198 1995 410 2039 Suetonius,
436 1994 513 2030 vid.
538 1994 637 2030 infra
661 1993 719 2030 Fr.
749 1998 817 2030 113
832 1994 872 2038 B,
898 1995 964 2030 ubi
990 1994 1075 2030 vide
1102 2005 1200 2039 quae
1224 1993 1416 2029 adnotavi.

291 2042 350 2078 Fr.
379 2047 434 2078 76.
486 2041 610 2078 Schol.
643 2041 820 2079 Nicandr.
854 2042 963 2077 Ther.
996 2046 1084 2077 470:
1126 2038 1365 2087 Μαιμώσσων
1398 2038 1483 2076 ἀντὶ
1519 2042 1586 2077 τοῦ
1620 2043 1740 2087 ζητῶν

197 2090 264 2127 καὶ
289 2087 436 2137 ὁρμῶν·
471 2086 662 2136 γράφεται
692 2089 758 2126 καὶ
789 2087 1010 2147 λαιμώσσῳν
1042 2086 1128 2125 ἀντὶ
1163 2090 1230 2125 τοῦ
1262 2089 1424 2135 πεινῶν,
1458 2085 1508 2130 ὡς
1533 2086 1739 2134 Ἱππῶναξ·

936 2151 964 2172 ω

195 2183 412 2232 Λαιμώσσει
437 2184 505 2230 (sic
530 2185 574 2230 A,
601 2186 736 2231 λαιμῶι
761 2185 842 2231 PG,
869 2188 959 2231 λαιμ
984 2185 1034 2230 K,
1060 2181 1282 2230 λαιμώσσων
1306 2185 1357 2230 R,
1382 2182 1596 2231 λαιμόσσων
1621 2185 1668 2230 V)
1696 2184 1740 2221 δέ

197 2246 264 2271 σου
293 2233 349 2280 (δέ
378 2245 445 2268 σου
471 2244 544 2269 om.
565 2233 647 2278 VR.)
666 2246 697 2269 τ.
717 2247 749 2279 χ.
771 2230 821 2274 ὡς
840 2230 1000 2278 ἐρωδιοῦ
1021 2233 1091 2279 (ita
1109 2232 1286 2277 KPGLV,
1312 2229 1463 2278 ἡρώδου
1483 2234 1515 2268 Α
1535 2234 1578 2268 ut
1597 2233 1738 2280 vulgo).

197 2281 338 2328 Scripsi
362 2281 525 2330 λαιμᾷ,
554 2280 629 2316 nisi
660 2280 744 2326 quis
775 2281 919 2327 λαιμῶν
949 2280 1155 2327 praeferat,
1188 2280 1235 2316 cf.
1260 2279 1487 2326 Hesychius:
1519 2281 1652 2327 λαιμᾷ·
1685 2281 1740 2322 εἰς

197 2330 335 2376 βρῶσιν
361 2324 529 2374 ὥρμηται
555 2329 595 2364 et
618 2329 779 2374 λαιμᾶν·
807 2326 954 2364 ἐσθίειν
989 2324 1169 2374 ἀμέτρως.
1203 2347 1246 2355 —-
1281 2325 1442 2376 ἐρῳδιοῦ
1479 2327 1740 2364 Schneidewin

198 2389 266 2425 pro
293 2374 468 2422 ἔρωδιοῦ,
493 2376 595 2411 idem
621 2387 687 2412 σευ
713 2375 883 2421 requirit,
909 2375 1026 2412 Brink
1051 2371 1175 2420 ὥσπερ
1202 2373 1345 2424 ῥ’ῳδιοῦ
1374 2375 1544 2412 coniecit.

289 2425 349 2460 Fr.
378 2428 438 2468 77.
484 2422 587 2459 Eust.
620 2423 687 2460 Od.
724 2428 834 2468 1817,
870 2428 936 2459 20:
965 2420 1122 2468 Ἐπὰγει
1155 2420 1448 2470 (Ἀριστοφάνης)
1486 2420 1535 2464 ὡς
1571 2425 1638 2459 καὶ
1665 2422 1737 2459 Ἱπ-

195 2473 327 2516 πῶναξ
353 2470 419 2507 τὸν
445 2472 546 2507 ἴδιον
570 2469 656 2507 υἱὸν
682 2473 906 2520 μολοβρίτην
932 2484 1006 2507 που
1032 2470 1133 2516 λέγει
1166 2468 1207 2507 ἐν
1244 2471 1310 2519 τῷ·
1345 2469 1470 2516 Κρέας
1501 2474 1575 2507 κτλ.
1628 2472 1736 2530 R-esp.

194 2521 339 2557 Aelian.
366 2519 463 2554 Hist.
490 2520 559 2556 An.
589 2519 655 2554 VII
681 2523 745 2555 47:
772 2516 955 2560 ἀκούσαις
987 2517 1024 2555 δ’
1058 2516 1108 2555 ἂν
1141 2519 1209 2555 τοῦ
1234 2515 1490 2559 Ἱππώνακτος
1521 2518 1586 2554 καὶ
1618 2516 1737 2555 αὐτον

193 2567 260 2606 τὸν
285 2562 333 2604 ὗν
357 2566 464 2612 (olim
488 2566 550 2603 hic
575 2577 724 2613 quoque
755 2564 841 2603 υἱὸν
872 2567 1085 2614 legebatur)
1115 2569 1206 2613 μολο
1234 2567 1339 2612 ρίτην
1372 2579 1446 2602 που
1478 2565 1663 2612 λέγοντος.
1691 2588 1734 2594 —

195 2615 318 2663 κρέας,
344 2614 517 2651 Meineke
543 2619 681 2660 κρεῖας.
702 2635 749 2641 -—
770 2612 812 2650 ἐκ
838 2615 942 2650 delet
966 2615 1124 2659 Becker,
1151 2625 1189 2650 se
1241 2616 1355 2660 poeta
1379 2614 1538 2650 fortasse
1565 2613 1734 2660 ἔταμνε

194 2669 352 2711 κρεῖας
383 2660 426 2698 ἐκ
458 2675 493 2708 μ.
529 2675 559 2698 σ.
587 2662 648 2698 vel
679 2661 770 2703 συὸς
794 2660 971 2709 τμηθὲν
1004 2662 1160 2698 dixerat.
1218 2661 1478 2697 Schneidewin
1509 2663 1734 2709 μολοβρίτεω

193 2711 361 2759 requirit.
414 2710 484 2753 Qui
510 2721 735 2757 cognoscere
762 2710 900 2756 cupiat,
927 2710 1114 2755 quomodo
1142 2709 1258 2744 Brink
1283 2710 1355 2745 hoc
1380 2708 1425 2744 fr.
1452 2720 1536 2744 cum
1569 2709 1654 2745 aliis
1680 2722 1735 2746 re-

193 2760 321 2806 liquiis
346 2757 672 2803 conglutinaverit.
697 2757 874 2803 inspiciat
897 2757 1031 2793 Philol.
1059 2757 1110 2792 VI
1137 2760 1194 2802 54,
1222 2759 1301 2792 728.
1329 2757 1417 2792 XIII
1444 2761 1523 2794 607.

290 2807 348 2843 Fr.
376 2809 432 2842 78.
483 2805 688 2852 Hephaest.
720 2818 756 2851 p.
796 2809 859 2841 34:
893 2805 1007 2841 τοῦτο
1043 2803 1085 2841 δὲ
1121 2802 1163 2840 τὸ
1199 2802 1450 2850 τετράμετρον
1487 2806 1633 2850 γίνεται
1669 2805 1735 2841 καὶ

197 2852 316 2901 χωλὸν
341 2853 409 2889 τδῦ
435 2850 716 2899 παρατελεύτον
743 2850 861 2894 ποδὸς
885 2854 1087 2889 σπονδείου
1114 2851 1341 2898 γενομένου,
1374 2849 1456 2888 οἶόν
1489 2850 1568 2888 ἐστι
1600 2852 1665 2888 καὶ
1689 2851 1732 2889 τὸ

195 2903 424 2948 Μητροτίμῳ
451 2905 526 2937 κτλ.
552 2901 606 2937 sio
631 2901 744 2937 Turn.
764 2900 942 2946 ACMPE,
967 2901 1170 2947 μϊτροτίμῳ
1196 2899 1252 2945 Fl,
1273 2897 1328 2959 μὴ
1353 2901 1521 2946 προτίμω
1542 2900 1656 2945 ΗΝΒ,
1682 2898 1732 2947 μὴ

194 2951 356 2996 προτίμα
380 2949 492 2985 Turn.
518 2949 557 2985 in
582 2949 696 2985 calce.
724 2969 767 2974 —
794 2941 910 2994 δηῦτέ
935 2961 997 2994 με,
1030 2948 1096 2984 ΕΗ
1123 2946 1160 2983 δ’
1189 2941 1280 2994 ηὖτε
1307 2960 1372 2994 με,
1407 2946 1504 2983 ANC
1531 2946 1648 2994 δηῦτέ
1673 2962 1732 2995 με,
