1890 3216
679 167 941 207 DIONYSIUS
967 165 1202 205 OHALCUS.
1624 162 1710 205 263

103 384 107 386 ’
176 421 178 424 ,
239 374 676 434 Κότταβον’ἐνθάδε
710 373 782 418 σοὶ
814 376 964 431 τρίτον
998 373 1176 417 ἱστάναι
1208 373 1255 416 οἱ
1286 371 1533 427 δυσέρωτες

299 447 427 507 ἡμεῖς
457 451 757 506 προστίθεμεν
790 448 1022 502 γυμνασίῳ
1055 447 1258 501 Βρομίου
1300 457 1303 460 ⁴
1643 453 1711 485 588

239 522 466 580 κώρυκον·
499 520 546 563 οἱ
575 517 624 562 δὲ
655 516 873 574 παρόντες
906 518 1093 573 ἐνείρετε
1126 524 1274 573 χεῖρας
1306 513 1497 567 ἅπαντες

300 595 343 647 ἐς
375 595 569 650 σφαίρας
598 593 812 634 κυλίκων·
845 588 919 633 καὶ
951 588 1059 646 πρὶν
1092 588 1266 632 ἐκεῖνον
1300 590 1429 642 ἰδεῖν,

192 678 214 711 ὅ
240 664 404 724 ὄμματι
435 665 761 721 βηματίσαισθε
793 659 873 705 τὸν
907 659 1017 718 ἀέρα
1049 659 1130 704 τὸν
1162 658 1271 704 κατὰ
1302 663 1482 716 κλίνην,

300 739 363 790 είς
395 734 506 781 ὅσον
538 736 588 779 αἱ
616 732 803 790 λάταγες
835 735 1002 789 χωρίον
1036 731 1244 776 ἐκτατέαι.

0 786 5 795 -
0 757 8 767 r
0 538 22 742 *vuwxv-vv*
13 476 18 483 Α

915 866 955 907 4.

228 952 423 1011 ’Ὑμνους
456 953 680 1008 οἰνοχοεῖν
713 948 908 1001 ἐπιδέξια
940 950 1016 991 σοί
1043 964 1089 990 τε
1120 946 1193 990 καὶ
1227 945 1333 1003 ἡμῖν

300 1023 432 1070 τόνδε
464 1021 545 1068 τὸν
577 1020 768 1079 άρχαῖον
800 1017 1054 1076 τηλεδαπόν
1085 1035 1130 1062 τε
1163 1022 1299 1075 φίλον

243 1099 409 1155 εἰρεσίῃ
442 1093 647 1153 γλώσσης
678 1091 999 1149 ἀποπέμψομεν
1033 1093 1095 1143 εἰς
1127 1090 1267 1147 μέγαν
1300 1087 1431 1134 αἶνον

299 1166 424 1213 τοῦδ’
462 1166 532 1212 ἐπὶ
564 1167 835 1223 συμποσίου·
869 1161 1067 1219 δεξιότης
1099 1179 1143 1206 τε
1175 1161 1317 1219 λόγου

195 1255 216 1287 5
246 1244 444 1292 Φαίακος
475 1240 681 1284 Μουσῶν
715 1237 866 1295 ἐρέτας
897 1235 967 1280 ἐπὶ
1001 1235 1193 1292 σέλματα
1223 1235 1393 1291 πέμπει.

918 1370 957 1412 5.

246 1461 340 1502 Καί
368 1473 484 1509 τινες
516 1453 647 1499 οἶνον
680 1451 866 1510 ἄγοντες
898 1453 946 1496 ἐν
979 1454 1146 1509 εἰρεσίῃ
1179 1449 1435 1507 Διονύσου,

266 1612 325 1648 Fr.
352 1616 384 1648 3.
435 1611 572 1647 Athen.
595 1610 663 1646 XV
691 1614 760 1646 668
787 1609 833 1645 E:
862 1605 1110 1654 Μνημονεύει
1134 1607 1211 1642 τῶν
1237 1604 1410 1652 λατάγων
1438 1606 1501 1642 καὶ
1527 1607 1600 1641 τῶν
1627 1620 1709 1643 κοτ’

170 1658 295 1720 τάβων
315 1659 381 1696 καὶ
401 1655 420 1695 ὁ
444 1659 656 1699 Χαλκοῦς
681 1654 968 1704 καλούμενος
988 1652 1240 1696 Διονύσιος
1267 1651 1314 1690 ἐν
1341 1659 1438 1695 τοίς
1461 1651 1711 1713 Ἐλεγείοις

169 1711 235 1746 δια
271 1705 431 1745 τούτων·
467 1704 706 1753 Κότταβον
738 1708 813 1741 κτλ.
851 1725 895 1731 —-
926 1704 972 1740 V.
1002 1709 1032 1739 1.
1069 1700 1220 1739 ἴστάναι
1255 1703 1310 1738 ed..
1345 1703 1428 1739 Bas.
1462 1702 1522 1747 L.,
1555 1700 1710 1739 εστάναι

169 1756 283 1802 BPV,
315 1767 471 1792 εσταναι
497 1754 538 1790 A.
571 1775 619 1781 -—-
650 1753 709 1790 σοὶ
742 1752 892 1799 scripsi,
924 1752 1121 1798 legebatur
1153 1763 1221 1787 σοι.
1267 1750 1441 1796 Harssung
1473 1748 1641 1786 ἱστάναι·
1675 1749 1714 1786 οἱ

168 1803 410 1851 interpunxit,
437 1801 655 1847 Bernhardy
681 1801 777 1837 coni.
804 1798 986 1848 κότταβος
1013 1797 1065 1834 ε’ν.
1093 1811 1151 1835 σοι
1177 1799 1298 1843 τρίτος
1325 1794 1354 1834 ἒ.
1382 1794 1428 1834 ὃν
1455 1797 1598 1843 δυσέρ,
1625 1798 1709 1834 Em-

169 1852 294 1899 petius
327 1848 472 1897 πρέπον
497 1850 558 1886 vel
584 1846 733 1896 τρίποδ’
763 1845 918 1885 ἑστάναι
944 1876 951 1884 .
974 1877 982 1884 .
1004 1876 1012 1885 .
1039 1848 1307 1892 προυτίθεμεν.
1338 1867 1377 1871 ——
1407 1846 1450 1882 V.
1477 1850 1509 1881 4.
1538 1843 1593 1891 ε’ς,
1620 1847 1710 1882 fort-

168 1911 250 1937 asse
276 1898 342 1941 εἰς
373 1898 621 1934 scribendum.
643 1918 686 1923 —
715 1896 823 1941 ἰδεῖν,
849 1895 1114 1942 Dalecampius
1140 1893 1225 1938 ἷεῑν,
1250 1894 1409 1930 fortasse
1435 1894 1500 1929 καὶ
1520 1895 1607 1940 πρὶν
1633 1891 1708 1930 ἄπ’

168 1946 300 1984 οἶνον
333 1945 370 1983 ἴε
381 1951 423 1982 ῖν
455 1945 667 1992 legendnm.
702 1966 743 1971 —
777 1944 822 1982 V.
849 1949 882 1980 5.
909 1944 1186 1991 βηματίσαισθε
1213 1941 1289 1987 ΑΒ,
1317 1943 1574 1990 βηματίσασθε
1603 1941 1709 1979 PVL.

172 2017 216 2022 —
240 1992 338 2040 ἀέρα
363 1993 412 2037 B,
438 1993 574 2038 reliqui
600 1991 751 2038 αἰθέρα.
780 2013 823 2018 -
851 1989 947 2028 κατὰ
975 1992 1104 2037 κλίνην
1132 1991 1177 2035 Ρ,
1210 1991 1461 2035 κατακλείνην
1487 1989 1568 2034 AB,
1596 2003 1710 2026 κατα-

169 2043 276 2088 κλινῆ
304 2042 377 2078 VL.
415 2061 459 2067 —
498 2041 543 2077 V.
579 2046 611 2077 6.
645 2038 821 2077 ἐκτατέαι
852 2039 1054 2084 Btieheler‚
1089 2038 1154 2084 qui
1186 2037 1356 2074 difficiles
1389 2038 1458 2073 has
1493 2050 1613 2084 nugas
1652 2050 1710 2074 ex—

170 2091 301 2137 pedire
327 2089 470 2126 studuit
489 2089 527 2124 in
547 2089 670 2124 Iahnii
687 2088 821 2124 Annal.
845 2092 948 2131 1875,
974 2087 1171 2132 legebatur
1195 2083 1403 2130 ἐκτέταται,
1430 2082 1651 2121 ἐκτέτανται
1673 2087 1710 2121 B.

172 2139 364 2175 Hermann
389 2136 484 2174 coni.
512 2133 700 2182 ἐκτέαται,
726 2135 901 2182 Hartung
926 2134 980 2176 εἰς
1001 2132 1091 2171 ὅσον
1118 2132 1157 2170 οἷ
1181 2132 1351 2179 λάταγος.

267 2210 325 2246 Fr.
353 2213 385 2244 4.
436 2208 571 2244 Asshen.
592 2207 661 2243 XV
681 2211 749 2244 668
770 2207 816 2243 F:
838 2204 924 2242 Ἐπὶ
950 2203 1098 2246 τούτοις
1123 2202 1142 2240 ὁ
1172 2202 1390 2246 Οὐλπιανὸς
1414 2202 1496 2252 ᾔτει
1522 2209 1623 2241 πιεῖν
1649 2218 1710 2251 με-

171 2254 266 2305 γάλῃ
293 2254 417 2292 κύλικι
445 2253 627 2301 ἐπιλέγων
661 2253 708 2291 ἐκ
741 2256 827 2290 τῶν
859 2251 1007 2290 αὐτῶν
1041 2251 1256 2298 ἐλεγείων
1282 2254 1347 2288 καὶ
1371 2250 1479 2288 τόδε·
1509 2249 1713 2299 ”’Τμνους

173 2308 248 2342 κτλ.
278 2325 320 2330 ——
347 2304 393 2340 V.
423 2308 452 2338 1.
480 2299 624 2349 ὕμνους
649 2302 855 2348 οἰνοχοεῖν,
887 2301 1082 2356 Emperius
1108 2298 1250 2343 ὕθλους
1281 2297 1533 2346 οἰνοχοοῦντῖ
1562 2322 1603 2327 *-
1635 2299 1712 2337 ἐπι-

174 2351 294 2397 δέξια,
320 2351 459 2388 rectius
486 2348 548 2387 ἐπὶ
574 2348 680 2394 δεξιά
708 2356 746 2386 et.
771 2349 834 2386 hie
859 2350 898 2386 et
922 2349 1014 2385 ahbi
1040 2349 1243 2395 scripseris,
1270 2360 1357 2384 nam
1384 2359 1427 2384 ex
1453 2348 1536 2395 ipso
1557 2349 1628 2384 hoc
1648 2349 1711 2384 ad-

175 2400 302 2437 verbio
329 2401 452 2435 ortum
477 2401 535 2435 est
560 2398 790 2435 adieetivum
823 2394 1029 2442 ἐπιδέξιος,
1061 2408 1180 2443 neque
1214 2408 1302 2433 vero
1335 2396 1383 2432 ab
1416 2397 1487 2432 hoc
1519 2396 1713 2433 descendit

99 2491 104 2496 ,
175 2447 394 2485 adverbium
422 2443 605 2490 ἐπιδέξια.
652 2446 725 2482 Sed
750 2444 854 2481 nolui
881 2446 1012 2481 contra
1036 2444 1152 2480 libros
1178 2444 1384 2490 quidquam
1409 2455 1561 2480 novare.
1589 2465 1632 2471 —
1654 2446 1717 2480 σοι’

175 2509 212 2532 τε
239 2495 315 2540 καὶ,
343 2495 401 2531 σοὶ
427 2494 492 2531 καὶ
524 2494 594 2529 BP.
622 2514 666 2520 —-
693 2494 736 2529 V.
764 2497 797 2528 2.
830 2489 1043 2538 τηλεδαπόν
1075 2505 1113 2528 τε
1142 2492 1190 2537 L,
1215 2491 1303 2527 libri
1333 2489 1547 2537 τηλέπαδόν
1579 2505 1618 2527 τε
1651 2492 1711 2527 vel

176 2541 387 2590 τηλεπαδόν
414 2555 464 2578 τε.
493 2563 536 2568 -
564 2541 606 2577 V.
634 2546 666 2577 4.
696 2539 845 2577 Conieci
871 2539 978 2576 olim:
1005 2537 1112 2576 τοῦδ’
1147 2536 1235 2575 ἀπὸ
1263 2539 1334 2584 (ita
1360 2538 1476 2574 etiam
1502 2539 1712 2585 Emperius)

176 2587 698 2676 ἴέἔιῗίσᾶἒυὸοῗέξῖῗῖῗςᾼῗι
719 2586 873 2680 λὲἔὲἒᾲ
897 2616 903 2623 ’
933 2617 939 2624 ’
967 2586 1189 2680 ’ἱῖἰῖῖἴοῖὲὸυ
1204 2587 1273 2670 ἷῖἒ
1292 2585 1710 2680 ἓῖῗέἒξίοῗῗὲνῗοω”

282 2666 289 2674 .
482 2666 490 2674 .
588 2666 594 2673 .
700 2666 707 2673 .
876 2665 881 2671 .
1275 2663 1286 2679 ,
1638 2662 1645 2670 .

175 2687 278 2730 V.‚5.
309 2687 486 2730 Φαίακος,
511 2685 706 2731 Emperius
733 2685 917 2727 Φαίακας,
943 2683 1042 2729 quod
1068 2683 1202 2728 probat
1229 2681 1413 2718 Welcker.

271 2758 331 2794 Fr.
358 2762 390 2794 5.
441 2758 577 2794 Athen.
604 2756 637 2791 X
662 2760 732 2792 443
760 2755 804 2791 C:
835 2753 876 2791 Ὁ
902 2751 1114 2795 Ποντιανὸς
1150 2752 1224 2799 ἔφη
1256 2750 1408 2789 πάντων
1441 2750 1583 2789 τούτων
1610 2751 1712 2790 εἶναι

177 2806 250 2842 τῶν
277 2806 414 2842 δεινῶν
441 2802 668 2852 μητρόπολιν
695 2802 760 2839 τὸν
788 2800 906 2848 οἶνον,
932 2798 986 2838 δι’
1015 2797 1059 2837 ὃν
1080 2801 1144 2837 καὶ
1163 2798 1231 2842 τὰς
1249 2799 1373 2847 μέθας
1392 2800 1457 2836 καὶ
1477 2799 1545 2842 τὰς
1563 2802 1712 2858 μανίας,

179 2852 235 2890 ἔτι
260 2851 302 2890 δὲ
330 2853 395 2889 καὶ
421 2851 489 2894 τὰς
514 2853 714 2898 παροινίας
740 2852 956 2897 γίγνεσθαιι
984 2845 1028 2886 οὗ
1049 2847 1137 2890 τοὺς
1157 2845 1338 2890 ἐκπαθῶς
1356 2850 1714 2898 μεταλαμβανοντας

179 2898 225 2937 οῦ
259 2901 385 2942 κακῶς
415 2897 436 2937 ὁ
472 2900 681 2941 Χαλκοῦς
717 2895 1082 2944 ἐπικαλούμενος
1117 2893 1366 2937 Διονύσιος
1401 2893 1449 2932 ἐν
1482 2901 1580 2939 τοῖς
1615 2893 1710 2934 ἔλε-

179 2949 324 2995 γείοις
348 2949 546 2985 κυλίκων
574 2945 732 2994 ἐρέτας
759 2945 850 2993 ἔφη·
884 2946 976 2981 Καί
1004 2958 1125 2987 τινες
1150 2947 1224 2981 κτλ.
1253 2966 1296 2971 -
1322 2943 1366 2980 V.
1395 2948 1426 2980 1.
1453 2945 1522 2980 καί
1542 2957 1643 2986 τινες
1670 2945 1711 2989 Ρ,
