1890 3216
178 161 264 202 318
710 157 900 192 ΡΟΕΤΑΕ
928 155 1167 195 ELEGIACI.

178 271 511 322 quemadmodum
545 270 665 308 etiam
695 268 838 308 Graeci
869 271 1014 318 poetae
1044 281 1123 307 non
1149 268 1280 307 minus
1312 268 1521 319 magnifice
1547 268 1595 307 de
1627 267 1710 307 suis

181 338 369 387 operibus
395 336 746 387 praedicaverunt:
773 337 815 372 at
840 335 1020 385 ineptum
1047 347 1211 383 prorsus
1237 336 1278 372 et
1297 333 1570 384 importunum
1595 333 1713 383 foret,

182 403 214 442 si
247 404 336 453 quis
369 404 529 452 praeter
561 400 774 440 veritatem
807 410 983 438 summos
1016 399 1187 447 pictores
1227 399 1275 437 de
1308 402 1393 437 arte
1431 411 1504 438 sua
1534 399 1713 448 impense

179 468 397 518 gloriantes
429 467 668 505 induxisset:
708 465 814 515 quod
853 466 886 504 si
924 465 1130 514 exagitare
1169 465 1210 502 et
1242 464 1407 503 irridere
1447 466 1547 503 hanc
1579 477 1714 514 super-

182 535 288 572 biam
328 533 543 582 voluisset,
576 532 790 581 oportebat
822 533 958 580 aperte
991 542 1036 568 ac
1073 530 1191 580 plane
1222 530 1262 568 id
1300 530 1398 570 fieri.
1447 529 1714 569 Nicomachus

182 600 216 638 si
248 612 293 637 eo
327 598 470 647 modo,
494 610 571 647 quo
598 596 761 636 Iahnius
788 597 892 647 vult,
924 595 1023 634 artis
1056 596 1259 634 antistites
1286 595 1575 645 descripsisset,
1608 596 1715 634 certe

179 665 269 703 illos
301 676 381 702 non
412 664 561 701 honore
594 663 820 712 ornavisse,
859 662 927 701 sed
967 672 1123 699 summa
1154 660 1332 698 affecisse
1370 659 1518 698 iniuria
1555 671 1711 698 censen·

179 731 252 768 dus
284 729 402 768 foret.
1463 719 1467 723 ’

297 795 439 845 Neque
464 807 559 837 vero
587 794 647 832 illi
672 794 770 833 haec
796 783 836 832 et
861 793 960 831 talia
985 791 1154 841 publicis
1175 791 1361 841 operibus
1383 790 1716 841 subscripserunt,

180 861 249 899 sed
279 861 448 910 tabulis,
481 872 584 910 quae
615 860 656 897 in
687 859 867 909 ipsorum
893 858 1062 898 officinis
1094 857 1351 908 prostabant,
1383 856 1447 895 vel
1476 856 1716 896 commissio·

177 928 238 965 nis
270 939 390 966 causa
421 926 578 976 publice
610 925 839 975 propositae
870 924 1051 962 fuerunt:
1091 937 1183 962 nam
1216 923 1279 961 his
1306 922 1592 962 certaminibus
1619 922 1717 962 arti-

178 993 295 1031 ficum
328 991 636 1031 aemulationem
672 991 855 1040 inprimis
894 989 1105 1028 excitatam
1148 991 1189 1027 et
1227 990 1386 1026 auctam
1424 1000 1510 1026 esse
1556 999 1717 1026 consen-

179 1059 341 1096 taneum
379 1059 452 1097 est.
502 1056 703 1095 Pictorum
743 1058 943 1095 certamen
984 1056 1025 1093 et
1055 1054 1218 1094 victoris
1257 1052 1518 1092 honorificum
1558 1064 1717 1091 carmen

179 1123 297 1172 plane
329 1122 572 1161 testificatur
598 1120 752 1159 Plinius
774 1121 922 1159 XXXV
944 1121 999 1158 58
1029 1115 1126 1171 (vid.
1146 1123 1227 1158 not.
1248 1120 1299 1157 ad
1319 1119 1425 1157 Zeux
1445 1113 1537 1170 ep).
1575 1117 1716 1166 Neque

180 1188 283 1226 enim
317 1186 616 1226 assentiendum
644 1187 708 1224 est
733 1186 884 1233 Iahnio,
917 1185 986 1234 qui
1011 1184 1102 1223 huic
1135 1187 1176 1223 et
1206 1185 1296 1223 aliis
1329 1183 1513 1223 omnibus
1539 1181 1716 1221 eiusdem

181 1253 287 1292 modi
324 1251 565 1290 testimoniis
603 1250 720 1289 fidem
760 1251 946 1300 abrogat:
993 1252 1086 1288 sunt
1125 1262 1218 1288 sane
1257 1249 1377 1288 etiam
1423 1248 1486 1286 hic
1525 1247 1719 1287 nonnulla

180 1317 272 1355 ficta
304 1317 375 1354 aut
405 1315 553 1354 fabulis
586 1318 632 1354 ut
669 1315 757 1353 fieri
789 1315 891 1354 solet
923 1317 1134 1365 exornata,
1173 1317 1215 1353 at
1252 1327 1332 1353 non
1362 1313 1589 1363 potuissent
1619 1312 1719 1350 talia

180 1382 296 1432 fingi,
327 1382 406 1420 nisi
438 1394 579 1432 reapse
612 1380 754 1420 Graeci
785 1381 981 1419 artificum
1018 1380 1314 1419 commissiones
1345 1378 1629 1417 instituissent.
1662 1397 1715 1404 —

182 1447 440 1486 Testificatur
471 1447 560 1493 hoc,
597 1446 701 1496 quod
733 1445 827 1484 olim
853 1446 1037 1484 contendi
1067 1446 1301 1495 planissime
1339 1444 1483 1482 titulus
1516 1442 1718 1481 Victoriae

180 1525 306 1562 nuper
334 1510 544 1562 Olympiae
570 1514 773 1561 repertae,
801 1510 870 1548 ubi
896 1509 1094 1551 Paeonius
1113 1511 1331 1550 Mendaeus
1357 1510 1442 1560 ipse
1469 1509 1516 1547 de
1536 1521 1578 1547 se
1606 1520 1718 1557 prae-

182 1579 304 1618 dicat:
337 1575 403 1616 καὶ
434 1573 680 1628 τᾶκρωτήρια
711 1577 838 1615 ποιῶν
864 1573 927 1614 ἐπὶ
952 1572 1020 1616 τὸν
1047 1572 1145 1616 ναὸν
1171 1574 1292 1615 ε’νίκα.
1344 1574 1402 1614 Cf.
1429 1573 1589 1613 Urlichs
1616 1572 1718 1611 iiber

184 1646 220 1684 d.
255 1643 315 1683 Ol.
349 1643 515 1693 Tempel
546 1657 582 1693 p.
620 1644 673 1681 14
695 1654 775 1692 seq.
825 1642 958 1692 Igitur
989 1642 1031 1681 in
1063 1642 1280 1681 certamine
1312 1640 1508 1679 Paeonius
1533 1638 1718 1688 primum,

183 1710 420 1748 Alcamenes
454 1709 669 1747 secundum
702 1707 877 1746 obtinuit
907 1707 1057 1746 locum:
1089 1707 1271 1745 tulerunt
1303 1708 1437 1744 autem
1463 1704 1612 1743 iudices
1640 1702 1720 1742 suf-

183 1776 316 1826 fragia
343 1775 391 1813 de
424 1775 615 1824 exemplis
648 1773 872 1824 signorum,
911 1785 1014 1822 quae
1046 1771 1382 1822 postea'fastigia
1413 1769 1553 1819 templi
1585 1767 1719 1818 Olym-

185 1841 262 1891 pici
300 1843 555 1880 ornaverunt.
613 1839 720 1878 Vicit
761 1841 894 1878 autem
942 1838 1138 1877 Paeonius
1183 1840 1229 1876 ut
1277 1837 1416 1886 opinor
1466 1836 1717 1885 argumento,

187 1907 423 1946 Alcamenes
455 1906 554 1944 artis
587 1905 733 1955 gratia.

237 2007 476 2066 ἹΙροέκλεια
507 2010 677 2064 πατρίς,
711 2007 865 2059 Ζεῦξις
897 2004 938 2050 δ’
975 2003 1125 2063 ὄνομ’·
1157 2007 1198 2049 εἰ
1229 2004 1281 2049 δέ
1309 2021 1372 2056 τις
1405 2000 1590 2060 ἀνδρῶν

303 2078 516 2138 ἡμετέρης
546 2080 701 2136 τέχνης
732 2076 918 2136 πείρατα
951 2090 1092 2135 φησιν
1124 2060 1261 2134 ἔχειῦ,

246 2153 392 2206 δείξας
423 2150 599 2196 νικάτω.
693 2186 702 2195 .
795 2186 804 2195 .
896 2184 905 2193 .
998 2184 1007 2192 .
1099 2183 1108 2193 .
1201 2184 1208 2192 .

597 2225 714 2266 δοκῶ
748 2220 791 2266 δ’
828 2219 943 2279 ἡμᾶς
976 2218 1076 2278 οὐχὶ
1107 2218 1160 2264 τὰ
1195 2216 1370 2276 δεύτερ’
1407 2221 1535 2276 ἔχειν.

285 2354 459 2390 Zeuxis.
511 2353 663 2388 Aristid.
691 2352 726 2387 II
753 2356 839 2388 521:
867 2349 982 2388 ἄκουε
1011 2349 1058 2397 δὴ
1087 2350 1152 2386 καὶ
1178 2346 1307 2395 ἑτέρου
1335 2347 1547 2394 ζωγράφου,
1575 2344 1624 2387 ὡς
1648 2346 1718 2393 μὲν

188 2401 232 2439 σὺ
260 2403 376 2448 φαίης
402 2398 463 2446 ἄν,
489 2398 830 2446 ἀλαζονευομένου,
857 2397 906 2441 ὡς
932 2398 975 2435 δὲ
1002 2397 1042 2434 οἴ
1064 2399 1184 2434 ταῦτα
1211 2397 1332 2433 δεινοὶ
1357 2397 1541 2442 λέγουσιν,
1570 2392 1615 2430 οὖ
1640 2399 1718 2440 μεῖ-

189 2454 251 2494 ζον
277 2446 299 2495 ἢ
326 2450 519 2495 προσῆκον
545 2446 820 2494 φρονήσαντος·
849 2446 950 2493 λέγει
976 2445 1018 2483 δὲ
1044 2448 1098 2491 τί;
1118 2443 1319 2490 (Ηράκλεια
1347 2473 1354 2479 .
1376 2472 1384 2479 .
1406 2473 1412 2480 .
1434 2441 1592 2479 νικάτω·
1619 2442 1719 2478 δοκῶ

188 2497 242 2544 δέ,
270 2499 397 2543 φησίν,
423 2496 523 2543 ἡμᾶς
548 2499 621 2532 κτλ.
663 2495 794 2531 Zeuxis
818 2496 875 2531 his
901 2495 1070 2530 versibus
1098 2495 1227 2539 aperte
1253 2493 1372 2538 carpit
1392 2490 1582 2527 Parrhasii
1607 2501 1664 2535 ep.
1687 2495 1719 2526 2.

189 2547 242 2582 De
283 2545 454 2581 Zeuxidis
494 2543 669 2590 superbia
706 2544 801 2578 conf.
834 2542 930 2579 Plin.
957 2541 1001 2578 H.
1029 2542 1073 2578 N.
1100 2540 1238 2576 XXXV
1265 2544 1302 2583 9,
1330 2544 1393 2575 62:
1428 2538 1556 2583 „Fecit
1588 2539 1626 2572 et
1652 2565 1661 2574 .
1683 2565 1689 2573 .
1712 2565 1720 2573 .

189 2594 392 2637 athletam,
419 2593 586 2637 adeoque
611 2592 650 2627 in
674 2591 741 2626 illo
767 2591 839 2627 sibi
864 2589 1108 2636 complacuit,
1141 2589 1183 2624 ut
1215 2599 1361 2623 versum
1388 2586 1639 2622 subscriberet
1663 2596 1720 2620 ce-

190 2643 330 2677 lebrem
356 2652 401 2676 ex
427 2652 488 2683 eo,
513 2640 720 2675 invisurum
753 2639 909 2684 aliquem
939 2638 1108 2682 facilius,
1140 2647 1249 2682 quam
1279 2635 1546 2670 imitaturmnf‘
1578 2630 1719 2679 (μωμή-

190 2690 299 2724 σεταί
325 2702 380 2729 τις
412 2689 552 2734 μᾶλλον
578 2682 601 2732 ἢ
628 2683 845 2732 μιμήσεται,
877 2685 942 2721 alii
970 2683 1203 2734 Apollodoro·
1230 2682 1417 2726 tribuunt,
1450 2681 1523 2717 vid.
1549 2680 1648 2716 Plut.
1673 2681 1720 2715 de

191 2738 283 2783 glor.
311 2737 397 2772 Ath.
419 2748 449 2771 c.
470 2740 502 2770 2.
529 2734 735 2779 Hesychius
761 2747 794 2769 v.
822 2733 1090 2778 σκιαγραφίαν,
1109 2742 1336 2778 quamquam
1358 2729 1488 2765 Zeuxis
1510 2728 1587 2763 sive
1608 2728 1720 2773 Apol·

192 2785 340 2819 lodorus
365 2784 464 2819 hunc
490 2794 637 2818 versum
671 2792 744 2817 non
776 2781 858 2826 ipse
889 2780 1035 2824 fecisse,
1073 2780 1137 2815 sed
1175 2778 1324 2814 aliunde
1355 2776 1528 2813 ascivisse
1561 2775 1720 2819 videtur,

191 2832 262 2867 fuit
286 2834 413 2867 autem
438 2831 595 2866 fortasse
621 2840 800 2875 germana
833 2828 974 2875 species
1007 2823 1283 2874 βουλήσεταί
1311 2838 1366 2865 τις
1392 2824 1531 2871 μᾶλλον
1561 2819 1584 2868 ἢ
1611 2819 1719 2869 μιμή-

192 2891 312 2923 σεται,
348 2878 421 2914 vid.
449 2890 524 2914 var.
556 2878 642 2913 lect.
668 2876 889 2923 Diogeniani
916 2876 965 2910 VI
993 2877 1063 2920 74).
1115 2873 1222 2917 Quod
1257 2872 1399 2908 Plinius
1436 2872 1485 2907 ib.
1513 2870 1622 2907 dicit:
1655 2870 1721 2914 „In

194 2938 278 2964 eum
305 2927 551 2972 Apollodorus
575 2936 694 2970 supra·
712 2925 870 2970 scriptus
895 2934 1022 2958 versus
1055 2921 1163 2966 fecit,
1195 2921 1320 2957 Artem
1351 2921 1442 2966 ipsis
1472 2919 1525 2964 (id
1557 2919 1616 2954 est
1645 2916 1719 2953 Ne—

1734 2013 1803 2046 634
