1890 3216
848 188 1051 227 CRITIAS.
1631 183 1715 227 281

249 299 504 359 τεύχουσιν·
537 299 649 359 πρὸς
681 297 723 344 δ’
760 296 919 358 ὄμματ’
955 295 1096 356 ἀχλὺς
1128 292 1368 354 ἀμβλωπός
1401 294 1556 352 ἐφίζει·

308 375 459 431 λῆστις
491 370 532 416 δ’
569 370 739 429 ἐκτήκει
772 368 1069 429 μνημοσύνην
1100 370 1356 427 πραπίδων·

183 456 185 458 “
248 447 358 498 νοῦς
389 443 438 489 δὲ
470 444 796 502 παρέσφαλται·
829 444 974 500 δμῶες
1005 439 1046 486 δ’
1083 438 1333 485 ἀκόλαστον
1366 442 1547 498 ἔχουσιν

309 510 441 574 ἦθος·
475 516 745 561 ἐπεισπίπτει
778 513 819 560 δ’
855 511 1110 572 οἰκοτριβὴς
1141 511 1336 570 δαπάνη·

181 601 224 634 15
251 590 298 634 οἰ
328 590 700 646 Λακεδαιμονίων
733 586 782 632 δὲ
813 586 941 645 κόροι
973 589 1155 631 πίνουσι
1187 586 1429 639 τοσοῦτον,

311 659 423 706 ὥστε
455 657 584 717 φρέν’
621 661 684 712 εἰς
716 656 879 717 ἱλαρὰν
912 658 1070 702 ἐλπίδα
1101 655 1270 710 πάντας
1302 654 1446 713 ἄγειν,

252 737 315 786 εἴς
346 750 392 777 τε
424 730 773 790 φιλοφροσύνην
805 731 1015 787 γλῶσσαν
1047 727 1229 787 μέτριόν
1260 745 1307 773 τε
1338 728 1525 785 γέλωτα’

311 803 494 861 τοιαύτη
528 803 578 849 δὲ·
610 802 739 856 πόσις
772 800 946 859 σώματί
974 799 1012 845 τ’
1049 799 1274 859 ὠφέλιμος

250 876 405 935 γνώμῃ
438 893 484 920 τε
514 874 665 933 κτήσει
696 888 759 919 τε·
793 875 940 926 καλῶς
971 871 1013 918 δ’
1050 874 1112 926 είς
1144 871 1236 930 ἔργ’
1270 871 1554 930 Ἀφροδίτης,
1656 883 1724 916 604

180 963 227 995 20
312 947 423 1007 πρός
453 946 504 993 θ’
540 945 686 992 ὕπνον
718 943 962 1004 ἥρμοσται,
994 941 1075 988 τὸν
1106 941 1318 1001 καμάτων
1350 943 1528 1000 λιμένα,

252 1018 365 1079 πρὸς
395 1018 478 1077 τὴν
509 1015 814 1078 τερπνοτάτην
845 1033 891 1061 τε
923 1018 1049 1060 θεῶν
1080 1020 1269 1072 θνητοῖς
1295 1011 1512 1072 Ὑγίειαν,
1545 1022 1554 1031 “

311 1091 385 1136 καὶ
417 1089 500 1148 τὴν
533 1088 754 1147 Εὐσεβίης
785 1091 965 1146 γείτονα
998 1085 1331 1145 Σωφροσύνην.

796 1186 819 1212 ²3
941 1213 965 1238 ἧς
1087 1185 1111 1210 >k

254 1285 304 1329 αἱ
331 1283 418 1341 γὰρ
450 1280 563 1341 ὑπὲρ
595 1279 645 1325 τὸ
679 1279 844 1338 μέτρον
874 1281 1071 1324 κυλίκων
1103 1277 1345 1337 προπόσεις
1376 1281 1644 1338 παραχρῆμα

312 1355 531 1413 τέρψασαι
563 1350 752 1398 λυποῦσ’
789 1353 852 1404 εἰς
881 1351 962 1396 τὸν
994 1347 1168 1395 ἅπαντα
1200 1349 1387 1408 χρόνον

184 1425 283 1486 25ἡ
317 1428 690 1483 Λακεδαιμονίων
723 1422 773 1468 δὲ
805 1420 949 1467 δίαιθ’
987 1419 1164 1480 ὁμαλῶς
1196 1421 1434 1480 διάκειται,

164 1490 167 1491 ⁷
318 1503 475 1545 ἔσθειν
505 1497 579 1542 καὶ
612 1499 760 1544 πίνειν
793 1493 1021 1552 σύμμετρα
1051 1491 1163 1552 πρὸς
1193 1492 1244 1538 τὸ
1278 1502 1467 1552 φρονεῖν

1182 1568 1198 1582 Ἰ
1253 1564 1263 1581 2
1314 1564 1324 1581 9
1375 1566 1386 1581 Ι

316 1641 459 1702 ἡμέρα
491 1643 679 1688 οἰνῶσαι
711 1637 823 1697 σῶμ’
860 1637 1089 1697 ἀμέτροισι
1120 1636 1286 1691 πότοις.

280 1823 324 1861 V.
354 1827 408 1859 11.
445 1819 661 1868 τεύχουσιν,
696 1819 799 1856 Bach
835 1814 1046 1864 τρύχουσιν.
1087 1838 1128 1844 -
1166 1814 1307 1864 ὄμματ’
1342 1819 1534 1855 Hermann
1559 1822 1598 1857 et
1633 1820 1725 1856 Mei-

186 1872 372 1917 nekesV.
412 1866 516 1918 ὄμμ’.
558 1889 601 1895 -
639 1868 684 1904 V.
726 1872 780 1903 12.
818 1867 943 1912 λῆστις
980 1865 1084 1910 C2L,
1122 1865 1304 1902 ABPVCI
1344 1867 1457 1912 λῆσις.
1495 1888 1538 1894 -
1584 1868 1628 1904 V.
1672 1873 1727 1906 16.

186 1917 322 1958 ἐλπίδα
343 1915 491 1960 πάντας
509 1914 619 1963 ἄγειν
641 1914 785 1962 scripsi,
812 1914 912 1961 quod
938 1913 1083 1960 recepit
1102 1913 1293 1959 Meineke,
1314 1916 1430 1960 abque
1453 1913 1587 1951 ἐλπίδα
1614 1915 1729 1953 etiam

187 1967 383 2014 Emperius
417 1965 595 2010 coniecit,
632 1964 805 2009 Hartung
842 1958 978 1999 ἐλπίδα
1015 1959 1162 2003 πάντας
1192 1958 1318 2008 ἀνεῖν,
1356 1963 1554 2008 legebatur
1585 1961 1729 2000 ἀσπίδα

186 2012 300 2053 πάντ’
334 2011 509 2060 ἀπάγειν.
544 2033 587 2039 -
620 2012 664 2048 V.
693 2016 749 2049 17.
775 2011 946 2056 γλῶσσαν
979 2010 1026 2053 Β,
1057 2010 1225 2055 γλῶτταν
1257 2022 1290 2046 v.
1319 2031 1363 2036 —
1395 2010 1439 2047 V.
1470 2015 1524 2047 18.
1558 2009 1726 2058 τοιαύτη,

188 2063 218 2099 Β
244 2063 414 2100 τοιαῦτα.
442 2083 485 2089 -
514 2061 558 2097 V.
580 2064 635 2096 19.
662 2056 700 2095 δ’
727 2058 834 2103 ABG,
855 2068 926 2093 om.
947 2056 1053 2093 PVL.
1076 2077 1120 2084 —
1141 2058 1184 2093 V.
1207 2062 1263 2094 21.
1283 2054 1432 2103 ὑγίειαν
1454 2059 1563 2104 PVL,
1591 2056 1724 2105 ὑγείαν

187 2110 293 2147 ΑΒΟ.
322 2131 364 2137 -
399 2110 442 2146 V.
469 2113 526 2146 22.
553 2105 756 2155 Εὐσεβίης,
782 2105 812 2141 Β
839 2102 1043 2154 εὐσεβείης.
1078 2126 1123 2132 -
1155 2105 1201 2143 V.
1223 2109 1279 2141 23.
1312 2106 1428 2142 Plura.
1453 2106 1581 2143 deesse
1613 2119 1728 2154 appa-

187 2159 263 2203 ret,
296 2157 390 2194 dicii:
420 2157 519 2194 enim
551 2156 781 2192 Athenaeus:
815 2150 902 2199 ἑξῆς
932 2166 971 2189 τε
1011 2150 1124 2188 πάλιν
1156 2154 1288 2199 φησίν·
1322 2151 1370 2188 Af
1397 2151 1470 2199 γὰρ
1504 2157 1578 2190 κτλ.
1629 2155 1742 2201 Epit:

189 2218 261 2243 om.
295 2218 328 2242 v.
367 2209 519 2242 23-27
558 2199 786 2249 (δυνατούς).
824 2222 869 2228 -
907 2201 951 2238 V.
984 2204 1040 2236 24.
1080 2197 1258 2247 ι’ἷέςνιεαντα,Ι
1285 2201 1549 2238 Schneidewin
1588 2200 1730 2238 ἔπειτα.

166 2254 280 2298 ‚-V.
308 2257 365 2299 26.
394 2251 543 2295 ἔσθειν,
582 2251 645 2287 AP
678 2247 837 2287 ἐσθίειν.
864 2270 909 2275 --
942 2252 1103 2294 φρονεῖν
1133 2248 1254 2294 Bach,
1286 2262 1320 2286 v.
1354 2248 1487 2294 φανέν.
1522 2271 1565 2276 -
1602 2249 1645 2287 V.
1673 2255 1730 2286 27.

190 2298 279 2346 οὐκ,
315 2302 400 2337 fort.
434 2296 546 2336 κούκ
578 2299 639 2335 vel
671 2294 782 2334 οὐδ’.
822 2318 868 2323 -
905 2293 1136 2341 ἀπότακτος,
1177 2296 1204 2332 C
1235 2294 1467 2342 ἀποτακτός,
1506 2297 1602 2333 PVL
1636 2294 1731 2334 ἀπό-

189 2362 337 2386 τακτον.
377 2369 422 2375 —·
459 2347 503 2384 V.
536 2351 593 2383 28.
634 2342 756 2392 ἡμέρα
793 2343 838 2389 C,
877 2343 1016 2390 ἡμέραι
1046 2344 1125 2388 BP,
1168 2341 1292 2394 ἡμέρᾳ
1323 2344 1400 2381 VL.
1440 2366 1483 2372 ——
1529 2343 1660 2387 πότοις
1690 2346 1729 2390 C,

189 2401 319 2438 ποτοῖς
350 2396 456 2432 PVL.
497 2416 539 2421 —
581 2394 699 2438 Quod.
732 2393 783 2429 Io.
821 2392 967 2438 Philop.
1001 2391 1051 2428 ad
1082 2391 1236 2429 Aristot.
1269 2394 1316 2429 de
1348 2404 1407 2431 an.
1436 2393 1462 2428 C
1496 2405 1532 2450 p.
1565 2397 1587 2429 8
1620 2392 1728 2429 dicit:

189 2445 284 2491 φασὶ
321 2443 363 2481 δὲ
403 2443 468 2480 καὶ
500 2443 670 2499 Κριτίαν,
695 2438 897 2486 γεγονέναι
929 2436 1130 2486 σοφιστήν,
1163 2435 1209 2477 οὗ
1239 2441 1305 2476 καὶ
1335 2437 1381 2476 τὰ
1415 2453 1608 2498 φερομενα
1641 2453 1728 2486 συγ-

188 2490 390 2539 γράμματα
426 2489 543 2535 εἶναι,
576 2486 627 2531 ὥς
664 2486 896 2533 Αλέξανδρος
932 2485 1050 2533 λέγει·
1089 2485 1155 2524 τὸν
1186 2485 1259 2534 γὰρ
1291 2488 1366 2524 τῶν
1397 2501 1602 2533 τριακοντα
1633 2486 1727 2534 μηδὲ

187 2538 423 2587 γεγραφέναι
452 2536 552 2577 ’ἄλλο
591 2551 643 2582 τι,
686 2534 783 2583 πλὴν
820 2535 1057 2577 πολιτείας
1095 2532 1366 2583 ἐμμέτρους·
1407 2530 1516 2578 οὗτος
1553 2529 1622 2572 οὖν
1659 2535 1729 2582 τὴν

189 2585 316 2635 ψυχὴν
344 2586 473 2634 ἔλεγεν
500 2586 596 2634 αἷμα
622 2583 738 2622 εἶναι·

382 2682 481 2730 Αἷμα
505 2679 578 2728 γὰρ
604 2680 750 2728 (φησὶν)
778 2676 999 2726 ἀνθρώποις
1022 2676 1272 2725 περικάρδιόν
1298 2675 1377 2715 ἔστι
1401 2676 1536 2725 νόημα.

191 2779 237 2816 cf.
263 2779 313 2816 ib.
339 2778 372 2814 A
397 2791 433 2825 p.
461 2783 500 2823 4,
525 2777 674 2814 videtur
708 2788 810 2812 error
836 2775 1006 2820 subesse,
1037 2785 1125 2811 nam
1155 2774 1218 2811 hic
1249 2774 1487 2820 Empedoclis
1521 2776 1578 2810 est
1601 2785 1729 2811 versus

192 2829 241 2873 (v.
267 2828 370 2872 317),
408 2837 636 2873 quamquam
670 2824 852 2871 placitum
886 2823 1009 2869 ipsum
1042 2822 1182 2859 Critiae
1213 2833 1286 2858 nou
1321 2822 1622 2859 abiudicandum.
1674 2821 1728 2858 cf.

196 2875 326 2911 Galen.
352 2875 398 2910 de
424 2874 604 2920 Hippocr.
631 2875 670 2909 et
694 2872 788 2908 Plafi.
816 2872 911 2917 plac.
940 2870 973 2905 Il
999 2870 1040 2907 T.
1062 2870 1077 2904 I
1097 2882 1132 2915 p.
1153 2873 1241 2905 264:
1275 2867 1370 2916 αἷμά
1396 2881 1512 2915 φησιν
1539 2867 1638 2909 εἶναι
1662 2867 1731 2916 τὴν

191 2919 337 3006 «ἐυχῖζιιν,
372 2919 422 2963 ὥς
455 2919 713 2968 Ἐμπεδοκλῆς
746 2919 812 2956 καὶ
845 2919 1002 2965 Κριτίας
1035 2915 1238 2966 ὑπέλαβον.
1288 2917 1384 2955 adde
1417 2917 1611 2954 Hermiam
1645 2918 1728 2955 adv.

227 2982 272 3006 en
294 2970 301 2977 ‘
321 2998 328 3005 .
356 2981 386 3006 ο.
415 2974 446 3006 1.
