1890 3216
645 189 910 227 SIMONIDES
935 190 1238 228 AMORGINUS.
1625 191 1714 236 459

167 297 456 356 ἀστυγειτόνων
492 317 531 343 τε
569 300 635 343 καὶ
673 305 826 358 λῃστῶν
864 299 936 357 τὴν
967 303 1138 345 Μυσίαν
1175 301 1273 346 κατὰ
1313 307 1383 358 τῆς
1424 302 1608 358 Τηλέφου
1645 307 1716 347 τοῦ

127 367 129 370 ⁴
168 366 359 422 βασιλέως
390 365 630 422 ἀποδημίαν.
662 367 870 423 κέχρηνται
901 367 944 411 δὲ
975 373 1021 425 τῇ
1052 372 1246 428 παροιμία
1276 368 1387 413 ἄλλοι
1412 386 1450 413 τε
1476 370 1543 413 καὶ
1568 368 1714 425 Στράτ-

167 449 225 484 τις
255 433 300 476 ἐν
331 435 498 491 Μηδείᾳ
527 433 595 476 καὶ
626 436 857 490 Σιμωνίδης
888 435 932 477 ἐν
958 432 1183 490 Ἰάμβοις.

907 530 976 574 38.
1646 542 1716 575 750
1733 593 1738 596 Ι

290 616 469 657 Gramm.
495 617 621 658 Bekk.
653 617 726 657 An.
751 617 814 657 III
837 619 968 658 1402:
1001 613 1211 670 Νήστης·
1245 614 1370 667 οὕτως
1401 617 1556 671 εἴρηκεν
1581 620 1715 670 Σιμω-

170 682 285 736 νίδης
323 679 431 736 παρὰ
463 679 505 724 τὸ
544 682 642 735 ἔδω,
679 681 741 723 καὶ
777 678 830 732 ὦς
860 678 968 735 παρὰ
999 679 1041 724 τὸ
1073 679 1234 735 ψεύδω,
1276 677 1325 725 οὗ
1356 680 1583 737 παθητικὸν
1614 680 1716 735 ψεύ-

123 791 127 795 ,
167 749 310 802 δομαι,
342 746 537 803 ψευστής,
569 746 672 790 οὕτω
704 744 811 802 παρὰ
843 745 885 790 τὸ
918 748 995 789 ἔδω
1027 745 1069 790 τὸ
1102 748 1244 801 ἐσθίω,
1286 742 1335 791 οὗ
1367 746 1409 790 τὸ
1443 748 1593 802 μέλλων
1625 748 1714 801 ἔσω,

170 814 282 868 ἔστης
307 813 373 855 καὶ
398 811 491 867 μετὰ
517 817 742 868 στερητικοῦ
767 814 813 855 τΤε
838 813 995 868 νεέστης
1015 811 1160 869 (Lentz
1186 816 1275 857 add.
1297 811 1482 869 νήστης),
1510 808 1558 856 οὗ
1584 813 1717 870 παριό-

170 897 300 934 νυμον
336 877 481 935 νήστης
519 877 656 936 (scrib.
689 894 779 921 cum
810 882 974 922 Lentzio
1013 878 1183 936 νῆστις)’
1224 879 1350 931 οὕτως
1382 878 1632 935 Ἡρωδιανὸς
1671 883 1716 924 ἐν

170 946 448 1000 ἕπιμερισμοῐς.
510 947 569 988 Of.
602 948 786 1000 Append.
820 948 954 989 Orion.
989 949 1086 999 187,
1121 950 1175 988 29
1209 950 1251 988 et
1282 950 1347 989 Et.
1380 948 1482 988 Gud.
1516 951 1616 999 408,
1645 952 1715 990 40.

171 1013 313 1054 Utitur
344 1015 419 1054 hac
450 1015 580 1054 forma.
612 1015 735 1070 etiam
767 1015 899 1055 Matro
932 1028 994 1066 ap.
1027 1014 1175 1055 Athen.
1202 1015 1259 1054 IV
1289 1017 1374 1055 134
1405 1009 1714 1067 νήστης,“’ἆλλο-

171 1079 290 1134 τρίων
320 1071 365 1120 εὖ
397 1075 512 1128 εἰδὼς
547 1076 863 1121 δειπνοσυνάων.

910 1174 980 1217 39.

293 1261 357 1300 Et.
390 1262 575 1319 M.·764‚
609 1263 683 1302 25:
730 1257 895 1315 Τρασιοὲ·
927 1256 1035 1314 παρὰ
1067 1256 1109 1301 τὸ
1141 1259 1261 1315 τέρσω
1293 1258 1336 1303 τὸ
1370 1263 1542 1316 ξηραίνω
1574 1258 1720 1315 τερσιᾶ,

172 1325 239 1367 καὶ
269 1323 457 1379 ταρσιᾶ,
495 1322 548 1375 ὦς
579 1322 687 1380 παρὰ
718 1326 948 1382 Σιμωνίδῃ,
979 1325 1046 1367 καὶ
1077 1323 1174 1367 καθ’
1210 1323 1426 1381 ὑπέρθεσιν
1457 1325 1607 1382 τρασιοὲ.
1659 1329 1717 1370 Cf.

173 1392 378 1446 Hesych:¹
404 1389 620 1446 ταρσιήν·
658 1388 732 1445 τὴν
763 1389 936 1444 τρασιᾶν.
999 1394 1087 1433 Hac
1118 1395 1206 1445 ipsa
1237 1396 1368 1435 forma,
1399 1395 1715 1447 iambographus

173 1460 334 1500 videtur
365 1472 462 1499 usus
494 1472 594 1499 esse.
645 1459 708 1499 Et.
736 1457 838 1498 Gud.
861 1460 945 1499 256
975 1454 1092 1512 (Cod.
1118 1459 1208 1500 sab.
1236 1475 1297 1512 ap.
1327 1461 1451 1502 Gaisf.
1480 1463 1530 1501 ad
1557 1462 1622 1502 Et.
1644 1457 1716 1516 M.)

175 1539 224 1566 ex
255 1526 432 1577 elegiaco
463 1528 583 1576 poeta
615 1525 830 1576 adscripsit
861 1527 1021 1578 τρασιῆς
1052 1523 1307 1580 ψευδόμενον
1339 1524 1508 1580 φύλακα.

912 1631 982 1674 40.

298 1718 360 1759 Είῑ.
388 1719 440 1757 Μ.
469 1720 567 1763 813,
595 1719 669 1758 53:
711 1691 874 1770 Ψηνὸς
905 1712 926 1757 ὃ
960 1715 1163 1772 φαλακρὸς
1185 1716 1301 1773 ’παρὰ
1333 1721 1554 1776 Σιμωνίδῃ.
1604 1720 1719 1760 Adde

176 1783 323 1824 Orion⁸>
340 1785 438 1836 168,
465 1786 503 1824 9.

296 1977 512 2017 Simonidis
537 1990 683 2017 nomen
708 1976 893 2017 existimo
913 1977 1116 2029 Hesychio
1143 1980 1392 2020 reddendum
1425 1993 1529 2020 esse:
1555 1976 1719 2019 “Exto-

178 2054 270 2096 ρες·
311 2039 506 2083 πάσσαλοι
538 2042 582 2083 ἐν
613 2043 740 2099 ῥυμῷ·
781 2038 943 2095 Σαπφὼ
976 2042 1020 2084 δὲ
1050 2041 1120 2085 τὸν
1151 2045 1248 2096 Δία,
1281 2045 1492 2097 Λεωνίδης
1529 2041 1598 2086 τὸν
1629 2060 1721 2097 κρο-

177 2106 392 2160 κύφαντον.
432 2109 656 2148 Permirum
684 2109 789 2148 enim
815 2109 1036 2149 Leonidam
1058 2111 1322 2151 Tarenizinum
1355 2113 1500 2151 testem
1527 2111 1722 2162 adhiberi,

177 2175 338 2215 videtur
368 2174 651 2226 corrigendum
672 2175 951 2227 Σιμωνίδης
982 2175 1006 2214 i.
1028 2189 1059 2216 e.
1086 2178 1417 2229 iambographus,
1449 2190 1528 2217 non
1555 2177 1721 2217 melicus

178 2243 310 2293 poeta.
338 2262 388 2268 —-
427 2240 619 2280 Simonidi
650 2241 715 2280 vel
748 2243 888 2281 comico
919 2242 1039 2281 alicui
1071 2245 1213 2293 poetae
1247 2243 1374 2284 Cobet
1405 2245 1622 2295 adscripsit
1652 2245 1722 2283 tri-

179 2308 330 2347 metros
369 2320 431 2357 ap.
464 2305 587 2346 Clem.
621 2306 734 2346 Alex.
766 2307 940 2359 Paodag.
972 2322 1010 2359 p.
1043 2311 1126 2348 261
1169 2310 1506 2360 quemadmodum
1544 2310 1720 2350 refinxit:

443 2390 636 2431 ’Χλανίσι
667 2387 710 2430 δὲ
743 2386 792 2443 δὴ
827 2394 993 2452 φαναῖσι
1023 2391 1354 2446 περιπεπεμμένοι

450 2455 532 2496 ,καὶ
564 2457 753 2510 μαστίχην
783 2454 1016 2511 τρώγοντες,
1047 2454 1202 2507 ὄζοντες
1233 2454 1373 2511 μύρου.

181 2555 279 2593 quos
322 2555 465 2582 versus
510 2543 673 2592 propter
718 2542 962 2581 solutionum
1002 2543 1270 2593 frequentiam
1313 2556 1392 2582 non
1436 2556 1524 2583 esse
1567 2544 1724 2594 antiqui

179 2609 460 2659 iambographi
491 2609 658 2658 planum
690 2609 763 2647 est.
1244 2613 1250 2618 '
