1890 3216
181 201 268 243 436
770 201 1125 251 IAMBocRAPHI.

823 323 919 366 195.
953 324 1088 378 [171]

301 423 479 462 Erotian.
515 424 600 461 360
634 418 738 474 (124
771 418 929 474 Klein):
971 419 1175 474 Τράμιν,
1212 418 1282 462 τὸν
1319 419 1456 476 ὄρρον,
1492 419 1612 476 ’ὅνπερ
1654 421 1720 464 καὶ

180 483 425 539 ι”ππόταυρον
463 483 742 541 (ἰπποταύριον
774 484 1050 541 Valckenaer)
1079 490 1276 540 καλοῦμεν
1307 518 1315 528 .
1343 517 1352 528 .
1380 520 1388 528 .
1428 486 1617 541 μέμνηται
1653 487 1719 528 καὶ

178 546 399 605 Ἀρχίλοχος
430 547 483 606 (Β
515 545 734 605 ἆρχίλαχος,
768 552 796 591 C
829 548 1041 607 ἅρχιολος).

823 693 1089 747 196.[172]

299 790 444 830 Pollux
474 790 516 829 II
551 792 624 830 23:
664 789 745 830 Καὶ
782 784 1003 844 οὐλότριχες
1033 785 1127 843 παρ’
1163 787 1381 846 “Ηροδότῳ,
1418 786 1639 844 ’Λρχίλοχος
1676 789 1719 831 δὲ

181 851 432 908 ἀναστρέψας
461 856 713 908 τρίχουλον
745 856 909 910 εἴρηκεν.

820 998 915 1040 197.
951 998 1085 1052 [174.]
1650 1009 1718 1041 731

300 1096 413 1135 Eust.
446 1095 517 1135 Od.
554 1089 678 1144 1746}
712 1097 757 1135 8:
783 1091 951 1147 Ὁμοίως
981 1098 1033 1152 τῷ
1064 1098 1141 1148 θῶ,
1173 1093 1295 1148 θύος,
1332 1095 1399 1136 καὶ
1430 1098 1536 1147 «pm,
1567 1092 1720 1148 φλύος

179 1159 286 1214 παρὰ
316 1156 527 1216 Ἀρχιλόχῳ
560 1160 623 1201 ἐπὶ
655 1161 862 1214 φλυαρίας.

821 1302 1088 1356 198.[175]

300 1401 446 1441 Athen.
485 1401 547 1440 III
581 1402 634 1440 86
649 1402 699 1440 Β
746 1399 825 1440 Καὶ
861 1394 1083 1454 Ἀρχίλοχος
1121 1397 1164 1439 δὲ
1202 1402 1271 1452 τῆς
1307 1397 1558 1454 χηράμβης
1596 1396 1720 1456 (ᾼΒΡ

182 1462 401 1520 χηράμβας,
433 1467 503 1506 VL
535 1462 730 1521 χηρᾶβας)
763 1464 963 1519 μέμνηται.

907 1607 1003 1650 199.

300 1706 491 1756 Hesych.:
524 1702 736 1746 Ψαυστοὶ·
762 1702 913 1757 ψαιστά
933 1701 1010 1760 (ita
1029 1707 1231 1762 Musei-m,
1257 1706 1342 1745 cod.
1361 1706 1507 1745 iterum
1527 1702 1717 1759 ψαυστοὶ).

175 1764 342 1823 Ἀρχίας.
376 1784 474 1811 corr.
503 1765 783 1824 Ἀρχίλοχος.

300 1987 364 2026 Ab
397 1987 638 2027 Archilocho
671 1986 825 2026 alienus
858 2000 1015 2036 versus,
1048 2000 1166 2037 quem
1199 1986 1412 2036 adscripsit
1444 1987 1594 2027 Marius
1615 1988 1717 2028 Plot.

183 2055 285 2093 268:
321 2053 404 2103 „De
443 2054 517 2092 hoc
557 2055 686 2093 metro
723 2054 764 2092 id
802 2055 864 2093 est
900 2067 1001 2104 puro
1045 2053 1214 2093 iambico
1252 2052 1437 2092 trimetro
1476 2052 1718 2094 Archilochio

182 2119 363 2169 exempla
395 2118 547 2162 Graeca
578 2119 675 2158 haec
708 2120 818 2159 sunt:

394 2209 526 2266 Πάτερ
558 2210 779 2267 Λύκαμβα,
811 2217 929 2255 ποῖον
960 2210 1120 2266 ἐφράσω
1151 2211 1252 2255 τόδε.

395 2280 578 2318 ΕΤῙΟΝ
604 2282 665 2319 KI
692 2282 801 2319 AEI
827 2282 895 2334 Kq
926 2282 1016 2319 ΕΜ
1029 2280 1174 2320 ΗΟΙΑ·
1207 2281 1350 2320 ΙΤΕΝ
1377 2277 1571 2318 ΡΡΟΛΙ“

180 2371 241 2415 iba]
270 2373 392 2415 codex
417 2375 468 2425 B,
501 2375 1449 2415 ETIONOKAEIKEMYO'IAITEHPPOAT
1470 2375 1506 2413 A
1538 2387 1562 2413 a
1587 2374 1717 2412 Keilio

182 2443 363 2490 collatus,
394 2441 518 2492 vulgo
551 2454 599 2479 ex
629 2441 956 2491 interpolatione:
988 2440 1096 2489 ἔπος·
1128 2442 1185 2489 τίς
1217 2437 1287 2489 σὰς
1317 2436 1529 2493 παρήειρεν
1560 2437 1718 2492 φρένας.

184 2507 290 2547 Olim
321 2508 386 2546 hic
406 2520 562 2557 quoque
589 2507 819 2546 Archilochi
842 2520 1003 2547 versum
1035 2507 1268 2563 delitescere
1294 2507 1515 2546 arbitratus
1547 2506 1718 2545 tentavi:

177 2569 305 2624 Ἐπήν
335 2588 370 2612 τι
402 2569 519 2626 δεύῃ,
552 2568 604 2624 μὴ
632 2566 691 2611 ’π’
727 2566 871 2627 ἆχηνίῃ
897 2570 1061 2625 τρέπειν.
1093 2575 1324 2623 comparata
1349 2571 1539 2622 Hesychii
1565 2571 1718 2622 glossa:

183 2635 259 2690 Μὴ
293 2637 494 2692 πασχηνίῃ
520 2636 689 2690 τρέπειν·
722 2634 774 2690 μὴ
808 2638 935 2678 αἰτιοῦ
967 2634 1039 2691 τὴν
1068 2638 1223 2687 πενίαν,
1254 2634 1316 2677 ὅτε
1348 2635 1498 2689 δέηται,
1535 2637 1605 2675 ubi
1636 2649 1718 2676 cor-

182 2705 411 2754 rigendum:
445 2700 496 2756 μὴ
526 2697 584 2742 ’π’
620 2697 766 2757 ἆχηνίῃ
797 2702 968 2757 τρέπειν·
1009 2700 1061 2756 μὴ
1094 2703 1203 2743 αἰτιῶ
1233 2699 1306 2754 τὴν
1337 2703 1490 2753 πενίαν,
1521 2698 1616 2755 ὅταν
1648 2700 1718 2754 δέῃ

182 2785 227 2808 τι.
261 2770 338 2809 Sed
368 2770 545 2809 Plotium
576 2769 767 2820 Aeschyli
798 2783 974 2810 versum:

391 2860 455 2904 Ἰὢ
488 2861 613 2904 Κοὶϊκε
645 2860 809 2904 Μύσιαί
834 2858 869 2903 τ’
905 2863 1110 2918 ἕπιρροαίζ

185 2972 232 2998 ex
269 2959 588 3009 Myrmidonibus
620 2959 703 3000 sive
740 2960 874 3010 potius
912 2961 1037 3011 Mysis
1076 2960 1306 2999 adhibuisse
1344 2953 1412 3012 (fr.
1453 2954 1557 3012 139)
1595 2959 1718 3010 signi-
