1890 3216
188 143 276 187 424
776 120 1127 184 IAMBOGRAPHL

840 255 934 299 131.
969 255 1073 308 [99]
1651 268 1719 302 ⁷20

309 373 317 381 .
349 335 501 393 Χολὴν
533 335 619 393 γὰρ
653 334 734 380 οὐκ
767 339 876 394 ἔχεις
909 334 994 399 ἐφί
1015 334 1158 392 ἥπατι.

192 492 300 527 Vind.
328 492 408 527 cod.
435 491 574 526 XXXII
599 504 632 527 v
659 491 847 536 προΐκτης,
873 491 1045 527 Favorin.
1073 496 1141 528 383
1163 491 1241 537 (ubi
1256 488 1512 550 Ἀρίσταρχος),
1538 494 1583 529 cf.
1606 493 1720 530 etiam

192 539 406 597 Mingarelli
433 539 512 574 cod.
539 539 633 575 Ν311.
660 543 741 575 496.
780 538 918 574 Contra
941 540 1000 574 Et.
1022 539 1170 575 Taurin.
1193 538 1318 574 CLXV
1338 542 1399 575 54.
1427 537 1447 575 ὃ
1474 539 1516 576 δὲ
1539 537 1603 587 Ἡρ
1607 542 1720 577 ωδιοι-

192 584 258 627 νὸς
283 583 360 621 απὸ
387 587 453 622 τοῦ
480 587 579 629 ἴσσω,
606 583 725 631 τ”γουν
752 587 934 631 προτείνω
966 584 1035 631 τὴν
1062 591 1179 632 χεῖρα,
1213 587 1310 622 unde
1335 586 1482 632 Peyron
1505 589 1629 624 10111111
1652 587 1723 624 Ar-

193 633 356 670 chilochi
379 634 631 678 fragmentum
652 633 851 687 delendum
878 636 1016 679 censet,
1043 634 1302 670 Schneidewin
1322 635 1548 671 Archilocho
1573 637 1721 673 tantum

192 681 327 717 tribuit
351 681 595 727 προΐσσομαι,
620 680 757 717 iniuria
781 683 947 726 uterque

287 776 345 812 Fr.
375 780 453 811 131.
498 776 710 811 Α111611.ΙΙΙ
741 771 864 812 107F:
900 775 1118 812 Δασυντέον
1151 775 1192 812 δὲ
1227 775 1405 822 λέγοντας
1436 775 1477 813 τὸ
1503 772 1624 836 ἧπαρ,
1657 779 1722 815 καὶ

192 821 274 870 γὰρ
291 821 313 881 ᾗ
341 822 552 870 συναλοιφή
579 821 656 860 ἐστι
682 821 773 868 παρ’
798 821 990 870 Ἀρχιλόχῳ
1012 823 1075 859 διὰ
1097 823 1247 865 δασέος·
1275 825 1368 869 φησὶ
1385 823 1475 870 γάρ·
1501 824 1627 872 Χολὴν
1646 830 1722 863 κτλ.

193 869 335 916 -γὰρ
362 883 434 907 0111.
460 871 501 906 B.
547 872 648 907 Haec
674 871 776 907 haud
801 872 912 907 dubie
938 872 987 907 ad
1012 883 1034 907 a
1036 871 1164 918 pologi
1190 871 1346 908 alicuius
1370 873 1623 910 narrationem
1641 887 1721 920 per-

190 919 324 954 tinent.
370 919 468 954 Olim
496 919 704 955 existimavi
737 919 782 955 de
809 920 949 955 camelo
976 919 1077 954 dicta
1101 930 1200 977 esse,
1234 919 1279 955 cf.
1306 920 1380 955 fab.
1403 920 1542 980 Aesop.
1571 925 1639 957 180
1665 923 1723 959 ed.

191 966 329 1002 Halm:
356 964 594 1024 Λίσθόμενοι
611 968 652 1002 δὲ
681 964 776 1002 κατὰ
803 965 945 1023 μικρὸν
963 963 1004 1002 τὸ
1034 968 1128 1015 ζῷον
1155 948 1204 1007 ὡς
1229 964 1343 1023 χολὴν
1369 964 1440 1002 οὐκ
1467 966 1556 1014 ἐ’,χει
1583 968 1638 1010 εἰς
1661 983 1721 1006 το·

194 1014 328 1049 σοῦτον
374 1012 691 1071 καταφρονήσεως
733 1008 872 1060 ἦλθον,
917 1011 1009 1050 ὥστε
1047 1004 1112 1050 καὶ
1149 1011 1325 1059 χαλινοὺς
1361 1011 1458 1062 αὐτῇ
1499 1015 1724 1062 περιθέντες

192 1061 323 1097 παισὶν
350 1058 523 1097 ἐλαύνειν
550 1059 771 1098 δεδώκασιν.
816 1062 894 1097 Nec
919 1064 1047 1098 tamen
1071 1063 1168 1097 hanc
1186 1062 1352 1098 fabulam
1373 1063 1602 1100 enarravisse
1622 1064 1723 1101 vide-

191 1110 253 1144 tur
277 1109 542 1153 Archilochus,
569 1110 634 1144 sed
659 1108 785 1155 potius
813 1110 983 1153 183,111)1
1009 1109 1161 1165 elephas
1186 1112 1225 1145 et
1250 1109 1414 1145 camelus
1434 1110 1479 1145 de
1499 1122 1538 1147 re
1593 1123 1615 1147 o
1635 1122 1724 1148 con-

193 1157 370 1216 tendu’nt,
396 1157 525 1201 vulpes
552 1159 678 1192 31116111
703 1158 904 1213 utrumque
930 1156 1067 1200 reiicit,
1095 1154 1162 1202 τὴν
1189 1155 1257 1202 μὲν
1277 1154 1463 1203 κάμηλον,
1491 1159 1589 1194 διοτι
1607 1157 1722 1206 χολὴν

194 1200 264 1239 οὐκ
301 1202 379 1249 ε”χει
412 1202 508 1239 κατὰ
543 1204 616 1239 τῶν
649 1201 897 1249 αδικούντων,
931 1215 1026 1249 quae
1058 1214 1209 1249 prorsus
1242 1206 1453 1249 congruunt
1477 1216 1562 1241 cum
1593 1207 1724 1243 Archi·

192 1251 295 1286 lochi
332 1262 451 1295 verm,
489 1253 532 1287 ut
569 1252 661 1287 haec
695 1251 819 1297 vulpis
853 1251 992 1287 fuerint
1024 1252 1149 1287 verba
1205 1251 1451 1288 Archilochus
1484 1254 1628 1299 autem,
1661 1255 1726 1300 qui

194 1298 344 1334 simiam
368 1280 484 1343 novit,
510 1300 661 1344 poterat
686 1299 802 1335 etiam
828 1299 866 1334 in
892 1300 1052 1345 apologo
1079 1299 1321 1345 elephantum
1347 1299 1386 1335 61
1411 1301 1593 1337 camelum
1619 1302 1724 1339 adhi-

193 1347 300 1390 bere,
332 1348 376 1381 ut
405 1346 468 1381 hic
492 1346 677 1393 apologus
703 1346 742 1382 in
773 1358 965 1382 numerum
993 1347 1218 1392 Libycarum
1250 1347 1460 1382 fabularum
1491 1348 1605 1384 fuerit
1629 1340 1724 1386 refe-

193 1394 340 1430 rendus.
387 1394 460 1429 Sed
485 1398 644 1439 possunt
669 1395 799 1430 eadem
824 1395 919 1430 haec
939 1393 1156 1430 Archilochi
1180 1394 1295 1430 verba
1320 1395 1435 1430 etiam
1456 1396 1650 1432 commode
1677 1398 1726 1434 ad

194 1453 345 1477 cervum
379 1441 522 1484 referri;
555 1442 600 1476 cf.
634 1441 757 1478 Schol.
789 1441 832 1478 11.
859 1455 884 1476 α
910 1445 995 1477 224:
1034 1440 1183 1487 λέγεται
1218 1439 1332 1487 χολὴν
1365 1439 1434 1478 οὐκ
1467 1441 1571 1502 ἔχειν
1601 1441 1643 1480 ἐν
1673 1445 1725 1494 τῷ

193 1484 311 1548 ἥπατι
342 1487 610 1535 περικειμένην
643 1487 664 1535 ἡ
700 1488 839 1546 ἔλαφος
875 1489 944 1532 (ita
968 1489 1012 1534 B)
1039 1491 1077 1525 et
1102 1489 1134 1524 V
1164 1487 1313 1534 λέγεται
1338 1491 1500 1534 καρδίαν
1527 1503 1596 1527 ουκ
1623 1482 1724 1538 ἔχειν

194 1533 235 1571 τὸ
265 1533 433 1581 ελαφιον,
461 1537 600 1581 μᾶλλον
627 1536 669 1573 δε
703 1540 815 1582 χολην
847 1535 917 1572 οὐκ
951 1535 1038 1582 ἔχει.
1078 1548 1239 1582 quocum
1264 1548 1459 1595 compono,
1494 1538 1594 1583 quod
1619 1539 1726 1576 Anti-

194 1595 280 1642 gon.
302 1582 443 1629 Caryst.
467 1587 511 1620 70
531 1584 734 1620 memoriae
753 1584 936 1642 prodidit:
958 1584 1032 1619 τῶν
1053 1583 1095 1620 δε
1118 1581 1271 1629 ἐλάφων
1291 1583 1379 1625 τοὺς
1393 1582 1571 1631 αχαιΐνας
1589 1589 1725 1623 καλου-

196 1629 334 1676 μένους
360 1632 488 1666 δοκεῖν
523 1628 564 1667 ἐν
597 1632 647 1679 τῷ
679 1630 801 1680 κε’ρκῳ
827 1629 895 1677 τὴν
922 1629 1034 1678 χολὴν
1068 1630 1179 1677 ἔχειν.
1187 1632 1220 1677 *)
1269 1632 1443 1668 Fortasse
1470 1633 1568 1668 enim
1592 1635 1726 1671 Archi-

194 1679 323 1714 lochus
350 1679 551 1724 apologum
577 1669 632 1714 de
649 1680 756 1715 leone
781 1681 1012 1725 aegrotante
1024 1680 1145 1724 (Babr.
1167 1681 1227 1723 95)
1247 1679 1452 1716 enarravit.
1479 1681 1602 1726 potuit
1627 1682 1726 1718 enim

196 1726 327 1771 vulpes
365 1727 457 1761 haec
495 1726 629 1770 dicere,
668 1738 753 1762 cum
791 1738 900 1763 cervo
937 1727 1149 1772 persuadet,
1186 1727 1228 1761 ut
1258 1727 1395 1762 iterum
1427 1728 1572 1764 leonem
1610 1729 1722 1766 visat.

194 1772 352 1809 Babrius
386 1784 473 1807 sane
506 1785 654 1809 cervum
686 1775 929 1810 vehementer
959 1775 1097 1810 iratum
1128 1773 1238 1819 fingit
1267 1786 1302 1809 v.
1329 1779 1374 1809 60
1406 1773 1495 1820 χολὴ
1528 1772 1566 1811 δ’
1601 1773 1726 1820 ἐπέξει

195 1822 370 1865 καρδίην,
398 1820 463 1855 sed.
487 1820 549 1856 vel
575 1821 628 1856 sic
654 1821 780 1857 decuit
805 1821 981 1857 callidam
1001 1822 1151 1867 vulpem
1176 1821 1251 1856 ista
1277 1822 1445 1858 oratione
1466 1823 1531 1867 uti,
1557 1824 1726 1868 poterat-

197 1879 269 1912 que
295 1870 408 1912 poeta
428 1868 620 1912 antiquam
639 1869 790 1913 famam,
817 1881 911 1914 quae
932 1880 1081 1905 cervum
1100 1869 1188 1904 felle
1209 1879 1334 1904 carere
1352 1869 1585 1915 perhibebat,
1611 1871 1726 1907 etiam

197 1915 236 1950 in
274 1916 437 1960 apologo
477 1915 522 1950 de
559 1916 666 1951 leone
699 1918 918 1962 aegrotante
949 1928 1145 1961 usurpare,
1177 1926 1404 1961 quamquam
1434 1917 1544 1953 huius
1575 1898 1726 1955 ’fabulae

199 1974 343 1997 summa
369 1961 548 1998 aliorsum
567 1964 722 2008 spectat.
774 1963 991 2008 Antiquitus
1012 1963 1123 2006 enim,
1148 1964 1191 1998 ut
1209 1966 1312 2008 puto,
1337 1963 1439 1999 fama
1458 1967 1550 2010 erat,
1577 1976 1727 2009 cervum

199 2010 308 2046 corde
342 2021 483 2045 carere·
516 2020 603 2046 nam
637 2013 674 2046 et
703 2011 877 2046 timidum
909 2013 946 2046 et
979 2011 1135 2046 stultum
1160 2010 1300 2045 animal
1326 2013 1400 2047 est:
1431 2013 1570 2057 καρδία
1601 2014 1727 2049 31116111

197 2057 339 2102 pariter
371 2056 487 2092 animi
519 2057 778 2094 fortitudinem
815 2059 928 2103 atque
958 2057 1196 2104 prudentiam
1228 2058 1428 2104 significat,
1460 2059 1499 2094 1ᾱ
1535 2060 1636 2105 quod
1666 2061 1727 2097 vel

292 2189 327 2234 *)
353 2188 495 2224 Eadem
534 2188 653 2224 tradit
691 2189 844 2225 Aristot.
882 2188 978 2226 Hist.
1016 2189 1138 2225 Anim.
1169 2188 1236 2223 VII
1270 2193 1313 2225 15
1351 2189 1438 2231 (nisi
1469 2190 1569 2235 quod
1601 2189 1655 2226 ibi
1687 2189 1732 2226 αἰ

198 2249 245 2282 αχ
249 2237 370 2271 αιίναι
406 2232 640 2281 καλούμεναι
671 2236 834 2283 legitur.)
892 2236 987 2272 Item
1018 2236 1159 2272 Plinius
1191 2237 1235 2272 H.
1267 2237 1313 2272 N.
1345 2236 1397 2272 XI
1430 2241 1494 2272 191
1527 2239 1728 2284 postquam

200 2283 408 2319 animantes
433 2283 521 2319 felle
544 2286 710 2319 carentes
730 2284 927 2326 recensuit,
953 2284 1093 2339 pergit:
1119 2287 1206 2319 sunt
1223 2285 1289 2330 qui
1313 2295 1401 2330 equo
1425 2295 1500 2320 non
1524 2286 1666 2330 quidem
1684 2287 1726 2322 in

198 2332 311 2367 iecore
336 2342 407 2366 esse
432 2332 493 2366 sed
517 2332 559 2366 in
585 2332 665 2366 alvo
683 2335 823 2376 putent,
850 2335 882 2367 et
907 2343 1006 2367 cervo
1023 2333 1073 2366 in
1097 2332 1218 2367 cauda
1232 2335 1316 2391 ,aut
1327 2333 1369 2366 in
1387 2332 1580 2368 intestinis.
1619 2333 1724 2369 Adde

198 2378 352 2414 Aristot.
374 2379 420 2413 de
439 2380 535 2424 part.
556 2378 667 2414 anim.
689 2379 740 2413 IV
760 2385 798 2414 2.
825 2376 870 2414 τὰ
892 2377 960 2424 μὲν
980 2376 1051 2437 γὰρ
1079 2374 1173 2419 ὅλως
1198 2392 1268 2414 ουκ
1296 2377 1372 2436 ἔχει
1398 2377 1523 2424 χολὴν,
1550 2377 1630 2415 οἷον
1656 2407 1664 2415 .
1685 2408 1693 2416 .

200 2426 265 2461 καὶ
283 2424 432 2483 ἔλαφος
456 2425 522 2461 καὶ
546 2423 656 2471 πρόξ·
684 2439 753 2461 ονκ
781 2425 858 2471 ἔχει
884 2425 925 2461 δε
954 2424 1044 2462 οὐδε
1064 2423 1087 2471 ἡ
1108 2423 1273 2472 καμηλος
1291 2423 1603 2472 αποκεκριμένην,
1630 2423 1723 2463 ἀλλὰ

200 2471 344 2530 χολώδη
376 2472 514 2531 φλέβια
547 2474 697 2518 μαλλον.
750 2473 857 2516 Quod
890 2474 1024 2509 deinde
1056 2474 1100 2509 de
1133 2474 1295 2518 antiquis
1327 2474 1542 2510 auctoribus
1566 2475 1726 2510 testatur

200 2518 260 2556 διὸ
286 2521 350 2556 καὶ
377 2518 600 2577 χαριέστατα
625 2519 797 2578 λέγουσιν
822 2522 896 2556 τῶν
922 2518 1089 2577 αρχαίων
1115 2534 1150 2557 οι
1177 2519 1388 2566 φάσκοντες
1412 2534 1470 2556 οτι
1501 2519 1622 2557 αἴτιόν
1648 2519 1725 2558 ἐστι

200 2569 267 2603 τοῦ
293 2569 408 2603 πλείω
431 2569 497 2613 ζῆν
522 2565 659 2613 χρόνον
677 2566 719 2603 τὸ
740 2566 790 2628 μὴ
818 2567 917 2613 ἔχειν
943 2566 1067 2614 χολήν,
1095 2567 1301 2624 βλέψαντες
1327 2566 1389 2604 ἐπὶ
1408 2566 1453 2604 τὰ
1480 2582 1634 2629 μωνυχα
1659 2569 1723 2605 καὶ

201 2628 268 2656 τας
294 2612 474 2673 ε’λαφους·
507 2616 627 2651 ταῦτα
660 2613 732 2676 γὰρ
764 2614 882 2671 αχολοὶ
915 2629 952 2651 τε
987 2616 1052 2652 καὶ
1084 2616 1125 2663 ζῇ
1158 2612 1275 2651 πολὺν
1308 2613 1453 2661 χρόνον.
1505 2615 1560 2652 ἔτι
1591 2615 1634 2652 δε
1660 2617 1725 2652 καὶ

200 2661 245 2697 τοὶ
273 2660 322 2708 μὴ
350 2659 548 2708 ἑωραμένα
574 2659 641 2698 ὑπ’
670 2660 819 2699 ἔκείκου
846 2660 903 2698 ὅτι
929 2660 998 2699 οὐκ
1021 2662 1103 2722 ἔχει
1121 2660 1245 2709 χολήν,
1272 2662 1353 2699 οἷον
1374 2663 1505 2709 δελφὶς
1524 2663 1588 2699 καὶ.
1606 2677 1724 2717 καμη-

200 2712 278 2752 λος,
311 2710 375 2745 καὶ
415 2711 534 2745 ταῦτα
571 2723 748 2756 τυγχανει
785 2709 973 2757 μακρόβια
1017 2708 1121 2748 ὄντα.
1167 2711 1457 2765 haudquaquam
1495 2712 1610 2757 negat
1638 2710 1724 2747 illos

204 2757 342 2792 vidisse
363 2757 579 2810 delphinum
601 2762 639 2793 et
658 2757 852 2802 camelum,
881 2759 946 2793 sed
971 2758 1235 2804 introspexisse
1253 2758 1406 2802 viscera,
1431 2759 1475 2793 ut
1491 2758 1581 2794 felle
1601 2770 1725 2795 carere

202 2815 276 2839 non
296 2804 557 2850 perspexisset.
591 2805 715 2841 Licuit
739 2805 854 2848 igitur
868 2806 1104 2850 Archilocho,
1130 2805 1195 2851 qui
1215 2805 1415 2851 apologum
1436 2805 1586 2841 aliunde
1609 2805 1723 2842 tradi-
1731 2851 1735 2853 ι

202 2853 283 2886 111111
309 2853 517 2896 enarrabat,
545 2853 727 2888 camelum
752 2850 889 2898 αχολον
915 2854 1103 2897 adhibere,
1128 2853 1168 2888 id
1187 2853 1286 2898 quod
1305 2853 1434 2889 doctos
1449 2852 1634 2899 homines,
1660 2852 1725 2898 qui

205 2898 453 2935 animantium
478 2901 650 2964 naturam
676 2901 946 2942 scrutabantur,
973 2901 1036 2937 diu
1061 2901 1168 2947 fugit.
