1890 3216
194 186 280 227 100
726 183 921 221 POETAE
947 154 1208 222 ELERGIAOIJ

344 292 607 352 Ἀρχόμενος
639 295 800 350 φείδου
831 292 1030 352 πάντων,
1062 291 1121 350 μὴ
1151 291 1275 351 τέρμ’
1311 292 1504 352 ἐπιδεύῃ.
1644 306 1713 338 130
1726 307 1795 340 469

287 364 346 423 μὴ
378 364 569 421 κτήνους
599 370 789 421 θνητοῖο
821 364 964 423 βορὴν
987 363 1105 408 ’κατὰ
1138 365 1301 422 μέτρον
1334 366 1470 422 ἕληαι.

195 449 261 481 140
347 438 525 493 Κτῆνος
556 432 640 492 κῆν
673 437 856 493 ἐχθροῖο
889 436 998 494 πέσῃ
1030 433 1134 479 καθ’
1172 433 1303 492 ὁδόν,
1336 437 1579 495 συνέγειρε·

291 508 583 564 [πλαζόμενον
616 506 665 551 δὲ
695 506 862 565 βροτὸν
893 507 967 550 καὶ
1000 505 1183 565 ἀλιτρὸν
1215 506 1274 564 μή
1305 506 1402 552 ποτ’
1439 509 1629 566 ἐλέγξῃς·

191 666 284 706 κτλ.,
317 662 447 707 itaque
481 662 601 698 altera
631 662 745 698 lectio
778 666 914 720 μοῖραν
945 663 1038 697 πᾶσι
1069 659 1198 708 νέμειν
1231 662 1380 698 0111111110
1411 662 1652 709 repudianda.
1680 683 1724 689 —

192 707 335 756 ἰσότης,
361 711 455 756 Mpr.
475 710 505 745 P
526 708 704 755 ἰσότητος.
732 731 776 737 -
803 707 956 755 ἄριστον
983 709 1122 755 BMVa,
1147 710 1260 756 vulgo
1287 707 1417 756 ἀρίστη
1444 710 1573 756 (etiam
1599 710 1726 756 H).—

194 758 237 793 In
262 759 308 794 iis
341 769 436 802 quae
468 758 760 804 subsequuntur,
792 770 908 803 usque
933 758 982 793 ad
1006 770 1039 794 v.
1069 762 1154 803 152,
1185 758 1303 794 iustus
1335 758 1604 794 sententiarum
1635 758 1725 794 ordo

190 818 342 851 prorsus
369 806 611 844 desideratur
657 807 736 841 Iam
757 806 923 852 Scaliger
948 817 982 842 v.
1006 810 1072 841 139
1099 787 1186 842 an'te
1211 818 1245 842 v.
1270 809 1335 841 147
1363 806 1622 842 collocandum
1647 817 1726 841 esse

190 853 391 900 perspexit.
441 854 604 899 Bernays
637 855 759 889 totum
794 854 919 889 locum
952 853 992 888 in
1025 854 1123 889 hunc
1162 854 1329 889 ordinem
1359 853 1507 900 redegit
1539 857 1617 889 137.
1646 855 1724 889 138.

193 904 1724 938 143.144.140.141.142.145.139.147.148.149.150.151.146.152.

191 949 319 995 Longe
346 948 456 1003 aliter
482 949 618 985 Geram
645 953 736 986 137.
775 953 950 986 .9.147.
991 953 1069 985 ..50
1099 953 1188 985 140.
1229 953 1283 985 ..2
1320 953 1522 985 151.143.
1562 953 1617 985 ..6
1645 952 1723 984 152.

190 996 301 1043 Mihi,
340 996 371 1031 si
401 997 498 1032 hanc
530 997 652 1033 aleam
690 978 813 1032 subire
851 997 955 1041 licet,
994 1008 1038 1032 ea
1068 1008 1163 1041 quae
1194 1010 1228 1032 v.
1258 1001 1323 1032 131
1357 977 1648 1042 subsequuntur,
1685 996 1725 1031 in

189 1045 289 1080 hunc
314 1044 467 1080 modum
492 1042 666 1080 videntur
691 1044 910 1090 digerzenda
937 1044 1346 1098 v.132—4.[141.2.]
1375 1047 1723 1081 135.6.146.151.

191 1096 271 1127 143.
291 1096 323 1127 4.
346 1095 425 1128 138.
450 1096 528 1127 145.
550 1097 629 1128 139.
653 1096 766 1128 147—
772 1096 853 1136 1503
880 1092 993 1127 trium
1018 1103 1205 1138 versuum,
1231 1091 1296 1137 qui
1320 1092 1432 1138 plane
1459 1090 1725 1145 supervacanei

189 1141 276 1175 sunt
299 1143 479 1176 137.140.
502 1144 582 1185 152,
607 1140 751 1175 nullam
770 1120 886 1175 hab'ui
905 1140 1100 1185 rationem,
1127 1151 1353 1185 quamquam
1375 1151 1419 1175 ex
1437 1138 1497 1174 his
1517 1140 1725 1194 postremus

188 1188 336 1223 tantum
362 1188 616 1234 segregandus
643 1188 809 1231 videtur,
834 1198 921 1222 nam
939 1200 972 1223 v.
997 1191 1063 1223 137
1083 1189 1122 1222 01
1143 1191 1210 1222 140
1237 1199 1259 1222 3.
1277 1187 1461 1233 poematis
1485 1186 1595 1222 huius
1620 1185 1723 1222 insti-

188 1236 272 1271 tuto
298 1235 399 1270 haud
433 1235 556 1271 alieni.
591 1257 635 1261 —
675 1235 717 1272 V.
747 1239 826 1271 138.
845 1233 944 1292 τέρμ
947 1231 1024 1270 ’Μ
1050 1235 1089 1270 10
1115 1246 1243 1270 rasura
1268 1235 1434 1278 exhibet,
1467 1234 1503 1269 H
1557 1231 1645 1280 svo’.
1679 1254 1724 1260 —

191 1279 348 1330 ἐπιδεύῃ
364 1283 432 1328 V2,
454 1280 633 1340 ἐπιδευὴς
654 1283 693 1329 Β,
721 1282 768 1318 ἔτι
789 1280 913 1323 δεύεις
933 1283 1038 1328 Mpr.,
1062 1283 1176 1328 vulgo
1198 1279 1374 1342 ἐπιδεύῃς
1395 1282 1501 1342 (VaH
1522 1278 1724 1327 επιὸεύης).

190 1351 233 1357 -
260 1331 304 1366 V.
334 1335 412 1366 139.
439 1328 614 1376 κτήνους,
641 1330 679 1364 Μ
705 1331 884 1371 κτείνους.
919 1351 962 1355 -—
996 1329 1118 1376 ἕλἠαι,
1149 1331 1202 1365 Va
1229 1329 1350 1375 ganan,
1385 1330 1414 1365 Τ
1442 1329 1537 1366 ἕλκε.
1586 1330 1725 1365 Versus

189 1378 290 1414 haud
322 1378 434 1413 dubie
467 1380 681 1424 corruptus,
717 1378 783 1414 sed
815 1378 915 1423 quod.
947 1377 1109 1423 Bernays
1142 1378 1307 1424 scripsit,
1339 1374 1435 1413 κατὰ
1462 1379 1590 1423 λίτραν
1619 1376 1726 1422 ἕληαι

189 1428 228 1462 01
259 1427 378 1462 metro
411 1426 638 1472 refragatur,
671 1437 739 1461 nee
771 1425 978 1461 sententiae
1013 1426 1201 1469 convenit3
1233 1437 1321 1461 nam
1353 1436 1462 1461 carne
1495 1425 1724 1461 mortuorum

189 1473 409 1509 animalium
434 1473 585 1509 omnino
613 1473 893 1518 abstinendum,
926 1484 999 1508 nou
1026 1474 1145 1508 solum
1173 1474 1203 1508 si
1227 1472 1268 1508 in
1291 1473 1372 1508 foro
1397 1472 1541 1509 venalis
1565 1473 1724 1518 prostat,

189 1522 241 1556 sic
262 1521 361 1557 enim
380 1521 652 1567 interpretatur
664 1520 829 1566 Beinays
848 1521 887 1556 id
901 1521 1000 1566 quod
1015 1520 1184 1556 coniecit.
1212 1521 1383 1556 Fortasse
1398 1517 1725 1578 κατάμεμπτον

189 1569 408 1614 legendum,
435 1580 664 1614 quamquam
689 1571 840 1625 gravius
867 1569 1020 1613 aliquod
1045 1569 1199 1604 verbum
1226 1569 1344 1624 (velut
1364 1566 1638 1611 κατάπτυστον)
1664 1567 1725 1604 de-

189 1617 418 1652 sideraveris.
445 1618 566 1652 Antea
585 1616 730 1652 tentavi
749 1613 798 1662 μὴ
820 1614 981 1661 κτήνους
999 1618 1158 1661 1θνητοῑο
1181 1613 1296 1664 βορὴν
1317 1614 1586 1670 κενέβρειον
1608 1614 1724 1661 ἕληαι.

188 1664 286 1700 inest
305 1675 391 1700 sane
412 1664 643 1700 abundantia
661 1665 858 1709 quaedam,
878 1664 943 1699 sed
965 1664 1075 1699 huius
1095 1663 1291 1699 verborum
1296 1664 1441 1721 copiae
1462 1662 1632 1709 exempla
1650 1662 1726 1698 alia.

188 1712 227 1747 in
253 1711 324 1748 hoc
350 1712 514 1747 carmine
541 1713 686 1757 extant,
713 1712 817 1747 velut
842 1725 874 1747 v.
904 1714 981 1746 135.
1012 1732 1052 1736 —
1081 1711 1122 1747 V.
1152 1715 1230 1748 140.
1250 1707 1328 1771 κῆν
1355 1711 1424 1756 P(a
1449 1723 1496 1747 m.
1524 1724 1577 1756 pr
1582 1709 1724 1769 )V1Va

188 1759 301 1805 vulgo
328 1755 365 1794 δ’
395 1756 459 1804 ἥν,
500 1759 590 1805 Mpr.
618 1764 764 1800 κτεῖνος
796 1756 833 1794 δ’
861 1754 908 1804 ἦν
942 1756 1083 1804 ἐρροῖο,
1121 1770 1214 1794 corr.
1243 1756 1336 1804 ἐχθρ
1340 1763 1409 1794 oto.
1447 1780 1491 1784 —-
1530 1756 1722 1803 συνέγειρε

189 1806 369 1852 TV1BM,
395 1805 612 1863 συνέγειραι
636 1807 711 1852 Va,
738 1805 955 1852 συνέγειρον
982 1807 1078 1842 Hut
1097 1806 1222 1852 vulgo.
1244 1827 1288 1832 -—-
1315 1807 1358 1841 V.
1383 1810 1461 1842 141.
1488 1804 1723 1851 65,MVaA1

188 1868 245 1898 τε,
278 1854 333 1889 Vs
360 1836 433 1889 τὸν
467 1852 621 1903 βρωτὸν.
672 1835 904 1890 Multimodis
936 1854 998 1889 hic
1029 1854 1133 1890 locus
1165 1855 1360 1900 corruptus
1393 1856 1432 1890 et
1461 1853 1723 1899 interpolatus,

191 1913 302 1947 quem
327 1904 366 1937 in
391 1902 580 1948 integrum
605 1903 802 1938 restituere
829 1901 1108 1946 difficillimum,
1141 1913 1225 1937 cum
1250 1913 1296 1937 ne
1322 1901 1362 1936 id
1387 1901 1539 1947 quidem
1565 1903 1724 1945 constet,

189 1960 364 1995 quorsum
392 1951 535 1995 spectet
560 1951 813 1996 praeceptum.
852 1949 1015 1994 Bernays
1036 1949 1259 1985 sententiam
1285 1949 1476 1994 proximae
1502 1949 1618 1995 priori
1643 1948 1723 1983 fini-

187 1998 320 2033 timam
351 1999 473 2042 ratus,
509 1999 573 2033 sed
604 1998 720 2033 fallax
751 1997 953 2033 admodum
985 1996 1168 2033 eiusmodi
1199 1996 1435 2032 ratiocinatio
1469 1997 1508 2032 in
1538 1997 1610 2032 1100
1635 2006 1723 2042 poe-

188 2047 290 2081 mate
315 2045 536 2090 praesertim
567 2045 640 2081 1100
665 2046 764 2088 1000,
796 2045 862 2080 ubi
893 2045 932 2080 in
965 2044 1225 2090 comparandis
1251 2044 1460 2090 praeceptis
1487 2044 1723 2080 commodum

190 2093 358 2129 ordinem
385 2095 602 2138 certumque
629 2093 825 2129 consilium
851 2093 1065 2138 neglectum
1091 2104 1168 2128 esse
1201 2094 1358 2129 constat.
1410 2092 1550 2135 Quodsi
1574 2103 1721 2127 versum

189 2140 253 2186 qui
281 2141 522 2185 subsequitur
547 2140 712 2176 animum
739 2141 985 2186 advertimus,
1010 2140 1122 2175 facile
1141 2142 1298 2185 apparet
1323 2140 1394 2175 hoc
1421 2140 1579 2175 dictum:
1605 2139 1723 2175 satius

189 2192 239 2224 est
271 2189 446 2232 amicum,
476 2200 585 2234 quam
616 2189 806 2224 inimicum
833 2199 965 2233 parere
989 2199 1064 2224 non
1089 2199 1171 2223 esse
1195 2187 1384 2233 peculiare
1416 2188 1627 2231 decretum,
1658 2187 1722 2222 sed

188 2236 366 2271 inservire
392 2238 592 2282 praecepto
621 2236 888 2279 confirmando,
914 2236 1041 2281 itaque
1067 2236 1357 2271 consentaneum
1381 2248 1415 2271 v.
1439 2239 1503 2270 141
1533 2237 1571 2270 et
1595 2239 1616 2269 2
1643 2243 1721 2269 arc-

187 2284 336 2319 tissima
355 2284 575 2319 necessitate
596 2295 674 2319 esse
694 2285 852 2320 vinctos.
891 2285 970 2319 Iam
991 2282 1175 2329 scriptura
1199 2282 1406 2339 antiquitus
1431 2282 1580 2326 tradita,
1607 2293 1721 2326 quan-

187 2333 269 2366 tum
295 2331 445 2388 quidem
476 2332 625 2377 assequi
655 2331 761 2376 licet,
799 2331 872 2366 fuit
903 2328 1104 2376 ἁλίτροπον
1138 2330 1197 2366 vel
1222 2326 1424 2375 αλίτροπον
1456 2329 1525 2375 (11.1.
1550 2311 1719 2374 MVaA1)

188 2375 328 2436 μήποτ’
334 2408 341 2414 .
379 2389 455 2413 non
477 2379 652 2424 simplici
665 2379 757 2415 vitio
778 2379 871 2414 affec
865 2382 928 2424 -ta‚
955 2390 1042 2414 nam
1060 2389 1129 2424 1100
1148 2389 1274 2414 versus
1292 2379 1394 2413 recte
1412 2377 1582 2434 procedit
1599 2388 1719 2432 neque

187 2423 389 2471 ἁλίτροπον
420 2437 597 2482 graecum
628 2427 871 2470 vocabulum,
908 2437 1134 2483 quamquam
1167 2425 1303 2461 Goram
1336 2426 1478 2469 tuetur,
1516 2421 1719 2470 ἄλιτρόπον

188 2473 354 2509 scribens
384 2471 667 2520 παροξυτόνως,
705 2475 805 2519 quod
836 2471 941 2520 αλιτρ
944 2471 1064 2510 όπουν
1100 2484 1178 2509 esse
1210 2474 1441 2509 commentus
1473 2473 1539 2508 est.
1589 2472 1718 2516 Neque

187 2520 412 2567 Byzantinos
450 2521 647 2566 magistros
682 2521 881 2558 manifesta
912 2521 1127 2578 corruptela
1154 2521 1275 2556 latuit.
1314 2522 1512 2565 utrumque
1543 2520 1718 2556 mendum

188 2568 341 2604 sustulit
373 2568 439 2614 qui
470 2569 649 2605 audacter
681 2570 744 2605 sed
775 2581 851 2605 non
880 2570 1013 2605 inscite
1046 2565 1250 2626 ockfiuova
1289 2567 1455 2625 scripsit,
1494 2578 1607 2624 quarn
1639 2578 1718 2602 cor-

187 2617 394 2655 rectionem
419 2618 624 2672 sequuntur
650 2616 703 2652 Vl
732 2613 904 2677 ἄλήμονα
924 2613 1062 2663 μήποτ’
1083 2612 1248 2661 ἄλυξεις,
1274 2615 1303 2650 Ρ
1324 2612 1495 2661 ἀλήμονα
1516 2612 1601 2660 μήτ’
1624 2611 1717 2649 ἄπο-

187 2662 335 2711 λέγξῃς,
361 2664 396 2699 Η
422 2661 592 2710 αλήμονα
613 2661 662 2710 μή
682 2677 754 2700 ποτ
793 2663 953 2721 ελέγξῃς.
987 2666 1115 2700 contra
1140 2663 1236 2699 alius
1260 2663 1448 2698 litteratm
1473 2662 1562 2698 satis
1587 2661 1719 2697 habuit

188 2714 230 2747 ut
255 2723 380 2748 versus
405 2723 558 2747 numero
585 2711 794 2747 consuleret
819 2725 863 2747 ov
889 2723 957 2758 pro
983 2709 1031 2758 μὴ
1058 2711 1211 2756 inferre,
1242 2711 1347 2746 velut
1379 2710 1417 2744 M
1442 2706 1644 2767 αλίτροπον
1671 2722 1716 2744 ου

187 2755 274 2794 ποτ’
292 2757 436 2816 αλύξης
460 2760 546 2805 (hoc
571 2771 650 2795 voc.
671 2759 710 2794 in
735 2761 834 2804 ras),
860 2759 947 2795 inde
973 2758 1163 2813 descendit
1188 2757 1352 2815 vulgaris
1375 2756 1490 2794 lectio
1516 2755 1716 2814 ἁλίτροπον

189 2802 257 2852 οὐχ
283 2803 501 2865 ὑπαλύξας,
523 2818 636 2867 quam
655 2807 711 2843 V2
732 2807 794 2853 (T)
820 2806 1016 2851 exhibent,
1042 2806 1098 2842 nis
1094 2806 1115 2841 ·i
1139 2805 1238 2851 quod
1264 2802 1334 2851 οὐχ
1360 2817 1430 2842 om.
1458 2805 1549 2841 item
1569 2805 1597 2839 B
1623 2801 1719 2850 (aig
1702 2818 1730 2830 -⁸

187 2857 341 2899 τροπον)
369 2851 501 2890 οὔποτ’
531 2853 690 2901 ελέγξῃς.
724 2856 917 2900 utramque
944 2854 1210 2890 correctionem
1234 2854 1374 2889 temere
1406 2852 1579 2889 adhibuit
1609 2851 1717 2888 sedu—

186 2901 275 2937 litas
301 2902 525 2947 scribarum,
558 2914 650 2960 quos
681 2902 805 2938 hiatus
838 2903 1020 2948 asperitas
1046 2913 1121 2938 non
1146 2900 1316 2946 offendit,
1347 2901 1387 2936 in
1411 2900 1588 2936 Brunckii
1611 2899 1717 2936 libris

187 2949 374 2995 plerisque
400 2931 571 2995 ἆλήμονοι
598 2946 731 2985 ουποτ’
761 2947 919 2997 ἐλέγξῃς.
970 2950 1099 2995 Neque
1133 2948 1254 2994 magis
1285 2947 1497 2995 legitimum
1521 2959 1716 2984 numerum
