1890 3216
183 173 236 214 12
714 173 906 209 ΡΟΕΤΑΕ
933 173 1172 214 ELEGIACI.

250 283 432 342 εἰκοστῷ
466 280 506 325 δ’
537 283 583 325 οἱ
612 280 693 337 μὲν
724 279 834 324 κατὰ
866 284 1000 328 πίονα
1033 284 1139 339 ἔργα
1171 280 1376 333 λιπόντες

309 355 479 409 φεῦγον
509 350 761 408 Ἰθωμαίων
793 353 840 396 ἐκ
871 351 1078 408 μεγάλων
1111 350 1266 408 ὀρέων.

868 471 906 512 6.
940 471 1016 523 [5.]

298 552 466 610 ’Ὠσπερ
501 552 600 597 ὄνοι
632 552 842 609 μεγάλοις
872 550 1032 608 ἄχθεσι
1063 551 1329 609 τειρόμενοι,
1628 554 1650 580 ⁸

251 624 571 669 δεσποσύνοισι
603 624 815 681 φέροντες
847 620 1091 679 ἀναγκαίης
1122 621 1209 667 ὕπο
1241 626 1408 681 λυγρῆς

310 694 447 752 «ἥμισυ
477 693 644 746 παντὸς
676 692 787 738 ὅσον
817 691 990 751 καρπὸν
1023 692 1197 750 ἄρουρα
1229 695 1366 751 φέρει.

251 895 483 948 Δεσπότας
514 895 777 953 οἰμώζοντες
810 893 929 952 ὁμῶς
960 893 1121 952 ὂῖλοχοί
1146 913 1193 939 τε
1223 896 1297 940 καὶ
1329 894 1472 953 αὐτοί,

309 962 410 1012 εὖτέ
438 965 523 1011 τιν’
561 965 782 1024 οὐλομένη
816 975 951 1024 μοῖρα
981 970 1099 1023 κίχοι
1130 966 1345 1013 θανάτου.

928 1087 968 1129 8.
1640 1102 1708 1134 397

297 1175 440 1214 Strabo
474 1174 573 1213 VIII
604 1189 641 1224 p.
677 1175 780 1213 362:
812 1169 1034 1221 Πλεονάκις
1066 1169 1104 1212 δ’
1140 1172 1384 1227 ἐπολέμησαν
1417 1171 1482 1214 διὰ
1513 1171 1581 1223 τὰς
1612 1171 1707 1216 ἆπο-

179 1236 328 1287 στάσεις
366 1242 443 1279 τῶν
474 1239 738 1291 Μεσσηνίων·
775 1235 848 1290 τὴν
886 1236 957 1290 μὲν
995 1232 1069 1279 οὖν
1108 1236 1268 1292 πρώτην
1304 1234 1539 1292 κατάκτησιν
1577 1237 1709 1281 αὐτῶν

179 1317 277 1357 φησι
312 1308 501 1358 Τυρταῖος
532 1304 576 1344 ἐν
606 1306 687 1352 τοῖς
723 1300 915 1355 ποιήμασι
950 1301 1048 1344 κατά
1084 1301 1176 1353 τοὺς
1211 1307 1290 1345 τῶν
1327 1305 1504 1358 πατέρων
1541 1305 1708 1359 πατέρας

145 1371 156 1383 '
176 1369 378 1423 γενέσθαι·
410 1367 482 1422 τὴν
514 1368 556 1410 δὲ
589 1368 797 1422 δευτέραν,
828 1365 931 1409 καθ’>
963 1367 1016 1422 ἢν
1047 1367 1223 1423 ἑλόμενοι
1254 1366 1483 1424 συμμάχους
1510 1368 1710 1425 Ἀργείους

177 1450 215 1474 τε
246 1435 312 1475 καὶ
347 1432 525 1484 Ἠλείους
558 1432 634 1490 (ita
666 1437 789 1475 etiam
819 1435 902 1474 cod.
934 1437 1135 1486 palimps.‚
1167 1436 1338 1475 Kramer
1370 1438 1467 1477 coni.
1496 1429 1709 1490 Ἀρκάδας)

177 1499 241 1539 καὶ
272 1497 448 1548 Πισάτας
480 1495 721 1552 ἀπέστησαν,
755 1496 960 1552 Ἀρκάδων
999 1498 1068 1551 μὲν
1096 1497 1395 1553 Ἀριστοκράτην
1435 1497 1504 1541 τὸν
1530 1497 1710 1553 Ὀρχομε-

175 1569 251 1623 νοῦ
283 1562 334 1620 (c.
365 1568 442 1616 pal.
479 1567 848 1606 ΟΡΧΟΜΕΝΩΝ
873 1567 897 1605 i.
932 1580 963 1606 e.
991 1561 1270 1619 Ὀρχομενίων)
1302 1564 1463 1618 βασιλέα
1499 1565 1711 1620 παρεχομέὲ

177 1646 259 1670 νων
291 1626 526 1685 στρατηγόν,
557 1634 743 1671 Πισατῶν
776 1629 818 1670 δὲ
850 1630 1126 1672 Πανταλέοντα
1155 1627 1224 1671 τὸν
1251 1627 1534 1683 Ὀμφαλίωνος,
1565 1628 1709 1685 ἡνίκα

178 1695 326 1748 φησὶν
345 1693 484 1745 αὐτὸς
505 1699 825 1749 στρατηγῆσαι
844 1693 924 1737 τὸν
942 1694 1149 1749 πόλεμον
1169 1697 1708 1749 τοῖςΛακεδαιμονίοις.

926 1813 966 1855 9.

296 1900 463 1940 Arisho‘n.
490 1901 582 1940 Eth.
607 1900 693 1939 Nic.
720 1899 782 1938 ΙΠ
808 1901 846 1949 8,
873 1901 897 1938 5
926 1894 1007 1952 (ΙΙΙ
1036 1894 1127 1952 11):
1160 1901 1208 1938 de
1239 1900 1288 1938 iis
1321 1900 1535 1950 disserens,
1567 1901 1636 1950 qui
1667 1901 1707 1940 vi

178 1968 326 2015 cogunt
366 1967 531 2014 milites,
573 1971 620 2004 ut
659 1965 820 2004 fortisser
859 1967 1057 2015 pugnent:
1098 1963 1178 2003 Καὶ
1219 1964 1260 2004 οἶ
1298 1960 1592 2016 προτάττοντες,
1629 1960 1706 2004 κᾶν

177 2026 407 2083 άναχωρῶσι
436 2027 665 2081 τύπτοντες,
695 2026 738 2070 τὸ
769 2025 864 2087 αὐτὸ
897 2029 1034 2082 δρῶσι·
1065 2028 1146 2071 καὶ,
1185 2030 1231 2069 οἷ
1262 2026 1351 2082 πρὸ
1388 2031 1477 2069 τῶν
1513 2026 1708 2082 τάφρων

177 2095 255 2135 καὶ
297 2099 386 2136 τῶν
429 2093 663 2137 τοιούτων
705 2092 1095 2148 παρατάττοντες·
1139 2091 1281 2142 πάντες
1317 2091 1391 2148 γὰρ
1423 2090 1706 2148 ἀναγκάζουσι·

179 2162 242 2201 δεῖ
268 2159 310 2201 δὲ
342 2158 390 2202 οὐ
423 2158 476 2202 δι’
511 2158 691 2215 ἀνάγκην
722 2157 908 2212 ἀνδρεῖον
938 2156 1051 2211 εἶναι,
1076 2156 1159 2200 ἀλλ’
1194 2156 1251 2200 ότι
1282 2154 1415 2199 καλόν.
1448 2160 1518 2199 ubi
1543 2161 1708 2200 Eustra-

177 2228 258 2266 tius
290 2230 403 2267 τοῦτο
435 2226 523 2280 περὶ
554 2227 886 2278 Λακεδαιμονίων
917 2221 1054 2279 λέγοιτ’
1096 2222 1165 2264 άν·
1195 2221 1381 2276 τοιαύτην
1411 2221 1486 2278 γάρ
1516 2240 1603 2264 τινα
1634 2222 1704 2277 μά-

177 2308 264 2344 χην,
296 2289 356 2332 ότε
388 2289 486 2345 πρὸς
517 2292 776 2344 Μεσσηνίους
807 2289 1061 2343 ἐμαχέσαντο,
1103 2288 1339 2343 ἐπολέμουν,
1376 2289 1424 2342 ἡς
1454 2289 1520 2329 καὶ
1553 2286 1574 2330 ὁ
1609 2293 1706 2344 Τυρ-

176 2360 282 2405 ταῖος
314 2354 560 2409 μνημονεύει.

178 2470 289 2524 spici&
315 2471 447 2507 Strabo
473 2443 561 2507 VIII
586 2476 673 2508 362·
691 2468 776 2518 τὴν
803 2485 871 2518 μεν
898 2468 967 2507 οὖν
998 2468 1148 2528 πρώτην
1179 2467 1406 2527 κατάκτησιν
1439 2466 1564 2506 αυτῶν
1597 2470 1707 2529 (Mes-

178 2517 378 2577 seniorum)
418 2519 509 2577 φησὶ
551 2523 734 2565 Τυρταῖος
772 2517 813 2556 ἐν
852 2524 929 2560 τοῖς
963 2516 1146 2565 ποιήμασι
1179 2515 1275 2554 κατὰ
1308 2515 1395 2558 τοὺς
1425 2518 1500 2553 τῶν
1534 2517 1707 2565 πατέρων

178 2564 343 2611 πατέρας
367 2565 560 2611 γενέσθαι.
588 2589 631 2593 -
658 2568 701 2603 V.
729 2571 761 2603 7.
789 2564 826 2602 δ’
854 2567 1054 2613 Xylander,
1081 2578 1152 2603 om.
1175 2566 1297 2603 Strab.
1320 2565 1419 2601 libri.

271 2626 327 2660 Fr.
356 2630 387 2660 6.
438 2626 593 2662 Pausan
614 2627 666 2662 IV
689 2631 743 2671 14,
770 2632 812 2663 3.
839 2625 878 2668 ἐς
902 2628 1090 2683 τιμωρίας
1105 2625 1159 2670 δέ,
1186 2621 1232 2666 οὶς
1257 2621 1407 2674 υβριζον
1435 2622 1473 2666 ἐς
1497 2638 1585 2666 τους
1604 2629 1707 2661 Μεσ-

109 2710 113 2714 .
179 2674 346 2718 σηνίους,
375 2676 585 2731 Τυρταίῳ
611 2673 852 2732 πεποιημένα
877 2672 995 2710 ἐστίν·
1014 2654 1175 2719 Ὥσπερ
1201 2676 1275 2710 κτλ.
1292 2672 1392 2707 -V.
1409 2677 1441 2708 3.
1457 2669 1597 2713 παντὸς
1617 2669 1707 2709 ὅσον

179 2720 335 2763 Ahrens,
356 2721 434 2755 πᾶν
455 2733 568 2756 οσσον
589 2723 709 2765 Kuhn,
729 2718 852 2758 πάνθ’
876 2734 998 2758 οσσων
1021 2721 1232 2766 AXKFoAg
1234 2721 1295 2763 Po,
1315 2716 1438 2756 πάνθ’
1461 2732 1560 2755 οσων
1574 2721 1706 2778 MLab,

178 2764 300 2802 πάνθ’
330 2763 420 2803 ὅσον
445 2769 596 2805 PdVab.
649 2769 908 2805 Schneidewin
934 2768 1084 2815 (Philol.
1110 2768 1127 2803 I
1152 2733 1236 2813 588g)
1270 2765 1409 2814 ημισα
1434 2764 1553 2803 πάνθ’
1582 2763 1706 2803 ὅσσον.

272 2827 331 2862 Fr.
360 2831 390 2862 7.
447 2827 605 2863 Pausan.
644 2828 725 2864 eod.
764 2829 806 2864 L:
844 2824 925 2864 Οτι
962 2827 1004 2864 δε
1042 2827 1107 2863 καὶ
1145 2830 1380 2873 συμπενθεῖν
1420 2825 1541 2863 ἔκειτο
1579 2823 1708 2880 αὐτοῖς

179 2870 339 2918 ανάγκη,
366 2872 579 2919 δεδήλωκεν
607 2873 647 2911 ἐν
674 2877 787 2924 τῷδε’
815 2872 1053 2916 Δεσπὸτας
1083 2878 1158 2910 κτλ.
1185 2875 1285 2920 quod
1316 2886 1361 2910 ex
1387 2874 1515 2911 eodem
1543 2873 1707 2911 carmine

180 2931 260 2956 esse
287 2922 454 2966 apparess.
483 2944 525 2948 ——
555 2923 597 2959 V.
625 2928 656 2959 1.
684 2912 916 2969 οἰμώζοντες,
944 2920 1170 2972 οἰμώζοντας
1193 2922 1317 2959 VaLb.
