1890 3216
180 198 238 240 30
716 188 910 234 POETAE'
933 197 1172 235 ELEGIACI.

865 319 1040 396 12.[9]

251 436 419 488 Ἠέλιος
450 436 530 493 μὲν
562 434 646 493 γὰρ
678 435 823 479 πόνον
856 423 1036 492 ἔλλαχεν
1068 434 1215 492 ἤματα
1245 434 1411 492 πάντα,

314 507 423 553 οὐδέ
451 506 548 552 ποτ’
585 506 806 564 ἄμπαυσις
837 509 1036 563 γίγνεται
1069 505 1256 563 οὐδεμία

254 582 456 623 ἵπποισίν
487 596 533 623 τε
565 579 638 622 καὶ
670 577 813 639 αὐτῷ,
848 578 939 622 ἐπεὶ
972 577 1303 635 ῥοδοδάκτυλος
1331 576 1444 630 Ἠώς

309 648 525 694 Ὠκεανὸν
556 648 821 708 προλιποῦσ’
859 647 1059 707 οὐρανὸν
1092 651 1328 708 εἰσαναβῇ·

205 735 226 766 5
252 721 333 766 τὸν
364 721 444 779 μὲν
476 720 561 779 γὰρ
595 720 670 775 διὰ
701 724 820 779 κῦμα
852 722 977 779 φέρει
1009 721 1290 779 πολυήρατος
1321 719 1430 777 εὐνή

310 797 477 850 κοιίλη,
503 791 752 850 (Ηφαίστου
784 793 937 851 χερσὶν
971 793 1216 849 ἐληλαμένη

252 868 422 923 χρυσοῦ
454 864 704 922 τιμήεντος,
738 862 1005 923 ὑπόπτερος,
1038 863 1178 922 ἄκρον
1211 862 1281 921 ἐφ’
1316 862 1441 921 ὕδωρ

312 934 499 981 εὕδονθ’
536 934 766 993 ἁρπαλέως
798 935 948 994 χώρου
980 934 1060 993 ἀφ’
1091 933 1365 993 Ἐσπερίδων

255 1018 389 1065 γαῖαν
423 1010 465 1060 ἐς
497 1009 758 1064 Αἰθιόπων,
790 1010 866 1052 ἴνα
899 1005 954 1064 δὴ
987 1006 1106 1051 θοὸν
1138 1006 1257 1065 ἅρμα
1289 1007 1361 1051 καὶ
1395 1009 1521 1050 ἵπποι

187 1094 229 1124 10
315 1077 483 1134 ἑστᾶσ’,
517 1077 622 1137 ὄφρ’
655 1077 765 1131 Ἠώς
796 1077 1023 1137 ἠριγένεια
1055 1078 1188 1137 μόλῃ·

256 1149 355 1196 ἔνθ’
392 1152 524 1207 ἐπέβη
557 1150 720 1210 ἑτέρων
752 1149 893 1208 ὀχέων
919 1148 1177 1208 Ὑπερίονος
1208 1149 1318 1203 υἱός.

849 1283 1055 1336 13.[11]

304 1383 475 1422 Pausan.
489 1383 547 1421 IX
561 1384 629 1431 29,
645 1384 688 1420 4:
721 1381 957 1433 Μίμνερμος
983 1377 1026 1419 δὲ
1052 1379 1198 1433 ἐλεγεῖα
1223 1381 1277 1429 εἰς
1301 1377 1374 1433 τὴν
1398 1378 1529 1435 μάχην
1553 1378 1721 1434 ποιήσας

183 1444 255 1499 τὴν
286 1448 530 1500 Σμυρναίων
560 1442 659 1499 πρὸς
690 1442 838 1499 Γύγην»
856 1460 894 1484 τε
924 1443 991 1484 καὶ
1015 1442 1195 1496 Λυδούς,
1227 1444 1352 1497 φησὶν
1383 1444 1426 1485 ἐν
1449 1449 1502 1502 τῷ
1527 1447 1720 1499 προοιμίῳ

183 1510 404 1565 θυγατέρας
433 1508 619 1564 Οὐρανοῦ
643 1507 712 1559 τὰς
744 1508 992 1563 ἀρχαιοτέρας
1017 1507 1211 1562 Μούσας,
1242 1507 1391 1550 τούτων
1417 1509 1460 1550 δὲ
1485 1508 1603 1560 ἄλλας
1626 1522 1791 1553 νεω-413

187 1577 298 1631 τέρας
324 1574 423 1617 εἶναι
450 1573 547 1625 Διὸς
571 1576 727 1624 παῖδας.
777 1577 955 1627 Respicit
985 1576 1114 1616 Schol.
1134 1577 1246 1616 Pind.
1268 1576 1384 1616 Nem.
1403 1576 1466 1615 III
1488 1578 1561 1617 16:
1593 1575 1675 1616 Καὶ
1700 1569 1721 1617 ὃ

185 1642 256 1696 μὲν
282 1640 528 1695 Ἀρίσταρχος
563 1639 751 1695 Οὐρανοῦ
781 1640 980 1695 θυγατέρα
1011 1639 1084 1695 τὴν
1115 1645 1293 1683 Μοῦσαν
1319 1641 1508 1694 δέδεκται,
1538 1640 1723 1696 καθάπερ

188 1710 424 1762 Μίμνερμος
454 1707 521 1747 καὶ
547 1704 719 1760 Ἀλκμὰν
750 1708 983 1760 ἱστοροῦσιν.

280 1859 340 1894 Fr.
369 1863 423 1894 12.
465 1858 596 1894 Asshen.
631 1857 682 1892 XI
708 1858 838 1894 470A:
877 1860 1148 1905 Μίμνερμος
1187 1856 1224 1894 δ’
1260 1857 1308 1896 ἐν
1342 1861 1530 1894 Ναννοῖ
1556 1855 1597 1894 ἒν
1630 1855 1721 1907 εὐνῇ

186 1919 279 1952 φησι
305 1907 421 1953 χρυσῇ
449 1906 780 1953 κατεσκευασμένῃ
806 1903 901 1950 πρὸς
926 1904 994 1952 τὴν
1014 1909 1144 1953 χρείαν
1169 1904 1311 1953 ταύτην
1337 1904 1411 1942 ὑπὸ
1428 1904 1636 1952 “Ηφαίστου
1656 1905 1722 1942 τὸν

175 1952 306 1990 ’Ἥλιον
341 1950 587 1989 καθεύδοντα
619 1955 876 1999 περαιοῦσθαι
914 1952 1008 2000 πρὸς
1044 1952 1112 1996 τὰς
1141 1952 1345 2000 ἀνατολάς,
1385 1952 1648 2000 αἰνισσόμενος
1678 1951 1739 1990 τὸ·

182 2005 316 2038 κοῖλον
341 2002 407 2037 τοῦ
430 2003 629 2046 ποτηρίου·
655 2000 757 2046 λέγει
777 1997 814 2037 δ’
837 1998 976 2043 οὕτως·
998 1999 1170 2043 Ἠέλιος
1188 2006 1264 2038 κτλ.
1291 2024 1335 2029 -—
1356 2002 1400 2038 V.
1423 2007 1454 2037 1.
1480 1999 1599 2038 πόνον
1621 2001 1724 2038 ἔλλα-

207 2063 247 2085 εν
282 2050 471 2084 Hermann
502 2049 730 2094 emendavit,
767 2050 965 2095 legebatur
998 2049 1130 2096 ἔλαχεν
1156 2047 1283 2088 πόνον.
1318 2050 1415 2086 Sboll
1437 2047 1579 2090 Ἠέλιος
1604 2049 1724 2096 μέγαν

187 2097 373 2142 εξέλαχεν.
402 2117 447 2123 -
472 2097 516 2132 V.
539 2102 571 2131 2.
598 2094 700 2142 ποτ’,
727 2098 829 2132 Bach
848 2094 944 2133 κοτ’.
972 2118 1019 2123 -
1043 2099 1213 2143 γίγνεται
1237 2098 1406 2142 Dindorf,
1432 2099 1578 2143 γίνεται
1597 2098 1724 2143 vulgo,

185 2156 378 2190 compares
406 2149 437 2189 1,
463 2149 495 2179 4.
523 2149 562 2188 2,
593 2149 611 2179 7
639 2147 677 2180 ei:
705 2149 758 2179 11.
787 2149 825 2189 5,
852 2150 892 2190 4,
929 2145 995 2180 ubi
1032 2145 1113 2191 ipse
1151 2147 1263 2182 antea
1305 2147 1450 2192 ’γίνεται
1488 2144 1722 2190 scripseram.

186 2214 230 2218 —
256 2193 300 2228 V.
322 2197 354 2227 3.
383 2189 477 2236 ἐπεὶ,
506 2192 748 2228 Casaubonus
775 2189 882 2238 ἐπὴν.
911 2214 954 2219 -
975 2194 1018 2229 V.
1040 2198 1072 2228 4.
1100 2193 1293 2242 εἰσαναβῇ,
1321 2194 1512 2241 Hermann
1535 2191 1724 2241 εἰσανέβη.

187 2262 228 2266 —-
257 2240 300 2275 V.
328 2245 359 2276 6.
387 2240 510 2285 κοιίλη
537 2240 726 2285 Meineke,
763 2240 1079 2284 quemadmodum
1111 2238 1241 2287 ὁμοῖος
1272 2243 1311 2277 et
1335 2239 1480 2287 ὁμοίῑος
1504 2240 1582 2277 dici
1606 2240 1721 2284 solet3

185 2287 306 2333 possis
345 2287 460 2323 etiam
492 2287 608 2332 κωΐλη
646 2288 690 2322 ut
720 2284 857 2324 ὀλώϊον
889 2290 947 2324 est
980 2300 1039 2334 ap.
1071 2289 1222 2325 Hesiod.
1252 2289 1319 2324 Th.
1346 2293 1434 2334 591,
1466 2289 1581 2334 vulgo
1605 2289 1724 2333 κοίλη,

186 2335 358 2370 Eustath.
390 2348 426 2380 p.
455 2339 557 2379 1632,
585 2339 629 2371 27
663 2335 727 2379 qui
760 2335 795 2371 h.
829 2337 853 2371 l.
886 2336 1040 2382 respicit:
1070 2333 1174 2382 κύλη.
1221 2337 1365 2372 Ahrens
1397 2336 1492 2372 coni.
1526 2337 1636 2381 nolin]
1670 2332 1723 2380 ἐν,

188 2383 447 2420 Schneidewin
472 2384 577 2428 κοίλη
611 2379 695 2427 ὑφ’.
727 2403 774 2408 —-
806 2384 847 2419 V.
874 2389 909 2426 7.
942 2381 1152 2430 ὑπόπτερος
1176 2385 1324 2430 Heyne,
1356 2385 1471 2430 vulgo
1495 2380 1722 2429 ὑπόπτερον,

186 2433 229 2465 ut
253 2430 390 2475 Apollo
416 2430 563 2475 tripode
589 2431 691 2466 alato
717 2430 835 2466 fertur
861 2431 1036 2476 (Monum.
1057 2433 1176 2468 Instit.
1198 2432 1392 2468 Archaeol.
1422 2432 1462 2466 T.
1490 2432 1507 2466 Ι
1526 2433 1552 2466 1,.
1573 2434 1650 2475 48),
1681 2433 1724 2465 ut.

186 2489 244 2522 ap.
274 2478 552 2513 Aesch„Prom.
579 2490 614 2513 v.
637 2482 703 2513 138
731 2478 935 2516 Oceanides
962 2477 1037 2526 ὄχῳ
1062 2481 1237 2527 πτερωτῷ
1258 2479 1461 2522 vehuntur3
1488 2478 1583 2515 conf.
1604 2478 1723 2513 etiam

187 2525 354 2560 Gerhard
381 2525 473 2559 Pict.
501 2525 606 2561 Vasc.
634 2526 651 2560 I
670 2528 696 2562 t.
718 2530 774 2569 41,
795 2531 840 2562 57
867 2528 915 2562 al.
941 2549 987 2554 —
1013 2528 1058 2563 V.
1080 2532 1111 2564 8.
1141 2523 1301 2563 εὕδονθ’
1329 2526 1434 2570 PVL,
1462 2521 1624 2561 εὕδονθ’
1652 2521 1720 2560 ὅθ’

187 2573 261 2607 ΑΒ.
290 2594 331 2597 —
360 2569 557 2617 ἁρπαλέως
582 2584 657 2608 non
683 2575 739 2609 est,
764 2574 998 2610 referendum
1025 2575 1074 2611 ad
1100 2571 1273 2619 εὕδοντα,
1299 2575 1365 2610 sed
1384 2567 1612 2619 iungendum
1639 2583 1724 2608 cum

188 2620 311 2655 verbis
345 2617 606 2664 φέρει·ἀ’κρον
639 2617 703 2665 ἐφ’
739 2616 859 2666 ὕδωρ,
896 2622 932 2657 h.
967 2634 998 2658 e.
1031 2624 1206 2666 celeriter,
1231 2622 1372 2667 rapide.
1405 2642 1449 2646 —
1490 2618 1612 2666 χώρου
1645 2620 1723 2664 VL,

188 2668 310 2713 χωροῦ
338 2668 378 2712 Β,
405 2669 518 2713 χοροῦ
545 2668 618 2703 ΑΡ.
647 2689 690 2693 -
717 2668 760 2703 V.
788 2673 819 2704 9.
847 2671 911 2704 ἵνα
937 2668 984 2715 δὴ
1009 2668 1108 2706 θοὸν
1141 2668 1274 2715 scripsi
1299 2670 1339 2704 eb
1364 2668 1417 2704 sic
1441 2666 1629 2711 Meineke‚
1661 2667 1722 2702 BP

192 2712 242 2750 ’ἵν’
263 2712 448 2760 ἄλήθοον,
473 2715 536 2750 VL
557 2716 620 2750 ἵνα
641 2713 680 2750 οἵ
695 2714 805 2751 θοόν.
826 2738 872 2742 -
897 2718 940 2753 V.
964 2722 1020 2754 10.
1046 2714 1173 2754 ἕστᾶσ’
1194 2716 1355 2760 Brunck,
1383 2711 1508 2751 ἕστασ’
1530 2716 1572 2759 Β,
1598 2711 1720 2750 ἴστᾶσ’

187 2762 294 2798 PVL.
320 2783 368 2788 --
393 2763 437 2798 V.
467 2767 520 2797 11.
555 2759 693 2808 ἑτέρων
727 2763 809 2807 VL,
843 2761 1002 2810 ἑτερέων
1028 2766 1105 2808 ΒΡ,
1140 2763 1281 2800 conieci
1313 2761 1506 2809 σφετέρων
1538 2762 1601 2798 vel
1630 2775 1721 2808 προ-

188 2808 319 2855 τέρων,
344 2809 415 2845 nisi
441 2810 537 2845 forte
563 2811 660 2845 latet
686 2811 912 2847 adiectivum
939 2813 1104 2848 eiusdem
1129 2811 1268 2857 stirpis,
1295 2811 1393 2846 unde
1419 2811 1545 2856 τείρεα
1571 2810 1721 2845 descen-

190 2858 256 2901 dit,
285 2858 393 2902 quasi
419 2858 521 2893 dicas
547 2855 738 2903 στερόπων
765 2855 896 2903 ὀχέων.
931 2860 1190 2896 Schneidewin
1217 2857 1328 2903 ἱερῶν
1360 2858 1420 2894 vel
1452 2858 1637 2903 πτερινῶν
1661 2858 1722 2892 vel

193 2901 399 2952 ἐπεβήσεθ’
430 2901 520 2950 ἕῶν,
546 2905 692 2941 Ahrens
718 2908 879 2951 στερεῶν
904 2907 966 2943 vel
993 2903 1192 2955 ἐπεβήσετ’
1215 2903 1280 2953 ἄρ’
1309 2900 1372 2941 ὧν.
1407 2904 1464 2940 De
1489 2905 1570 2951 ipsa
1593 2905 1724 2941 fabula

189 2953 234 2990 cf.
262 2953 430 2989 Gerhard
456 2953 547 2988 Pict.
576 2952 682 2988 Vasc.
709 2954 743 2988 II
768 2955 795 2989 t.
825 2959 902 2991 109.
