1890 3216
207 175 307 225 160‘
747 179 1202 222 POETAE'EIJEGIACI.

205 302 274 333 465
297 289 441 347 ’Λμφ’·
462 289 595 348 ἀρετῇ
627 289 805 348 τρίβου,
836 295 915 335 καί
943 305 1015 336 σοι
1045 290 1098 336 τὰ
1133 293 1283 335 δίκαια
1314 289 1408 348 φίλ’
1444 286 1575 349 ἔστώ,
1618 292 1629 295 “

360 363 475 418 μηδέ
504 374 552 405 σε
583 361 748 406 νικάτω
773 363 958 420 Ᾰκέρδος,
990 361 1068 419 ὅ,τ’
1104 360 1291 421 αἰσχρὸν
1323 366 1385 422 ἔῃ.
1426 378 1429 382 ·

301 516 344 551 V.
361 519 442 551 465.
469 527 539 561 σοι,
560 516 591 550 A
605 529 674 561 τοι,
695 515 796 561 quod
815 516 981 552 restituit
999 517 1181 563 Hartung.
1196 538 1241 543 —
1262 515 1358 552 ἔστω·
1375 528 1446 553 om.
1462 529 1518 564 cg.
1534 540 1578 544 —
1598 518 1641 555 V.
1655 522 1736 557 466.

205 558 275 607 ὅ,τ’
304 563 513 607 Hermann,
529 576 563 600 v.
590 559 663 600 ὅτ’.
691 585 735 589 -
764 562 806 610 ἔῃ
825 564 875 609 Α,
903 562 989 599 ἔθει
1015 564 1063 609 O,
1091 563 1148 599 ἐόι
1171 565 1236 600 rel.
1265 586 1308 595 -v-
1335 565 1380 602 V.
1400 569 1565 602 467—96
1590 567 1738 612 integra

205 610 327 656 elegia
352 610 509 655 videtur,
538 622 766 656 quamquam
786 611 943 647 fortasse
962 611 1024 647 hic
1044 623 1194 657 quoque
1219 612 1400 648 nonnulla
1423 614 1461 648 in
1480 616 1626 650 aretum
1651 616 1738 650 sunt

203 658 414 693 contracta:
436 660 549 703 atque
565 658 679 693 etiam
699 659 881 695 editiones
895 661 1041 695 veteres
1062 661 1153 695 haec
1173 660 1298 695 omnia
1316 660 1355 695 in
1367 673 1482 696 unum
1497 661 1736 707 coniungunt.

205 706 300 741 Sane
320 706 467 741 Bekker
492 706 593 741 haud
613 706 725 742 dubie
746 707 935 742 codicibus
956 707 1030 742 suis
1052 708 1250 743 obsecutus
1270 719 1304 753 v.
1321 712 1485 744 467—68
1507 709 1697 755 separavit
1715 721 1738 756 a

206 753 459 798 sequentibus,
486 758 569 788 c'um
597 753 733 798 quibus
760 756 861 790 arcte
887 755 1106 798 cohaerent,
1137 755 1231 791 conf.
1257 755 1499 792 Pherecrates
1525 757 1602 792 sive
1628 757 1739 793 Nic‘o·

205 801 359 836 machus
377 800 416 836 in
436 801 596 836 Chirone
617 813 675 860 ap.
697 802 831 837 Athen.
845 802 1070 838 V111364C:
1098 800 1118 838 ὁ
1140 800 1177 837 δ’
1200 800 1364 848 ἄχθεται
1384 800 1498 844 αὐτὸς
1517 801 1537 839 ὃ
1558 801 1666 839 θύων
1685 805 1736 840 τῶ

204 845 497 894 κατακωλύοντι,
523 851 588 884 καὶ
607 847 730 890 ευθύς
750 846 846 892 ἔλεξ’
876 847 1076 895 ἐλεγεῖα·
1102 849 1265 908 Μηδένα
1285 848 1371 896 μήτ’
1393 847 1557 886 ἀέκοντα
1579 842 1738 898 (ἄκοντα

203 896 278 941 ΒΡ)
305 894 434 942 μένειν
465 894 648 942 κατέρυκε
683 895 921 942 (κατερύκειν
947 898 992 943 Β)
1024 894 1115 943 παρ’
1143 902 1233 944 ημῖν
1260 895 1355 943 μηθ’
1384 894 1538 934 εὕδοντ’
1566 897 1735 944 ἐπέγειρε

203 945 415 989 Σιμωνίδη·
444 941 488 979 οὐ
515 942 587 990 γὰρ
615 940 676 980 ἐπ’
707 946 823 985 οἴνοις
847 945 992 980 τοιαυτὶ
1018 943 1174 991 λέγομεν
1195 947 1450 989 δειπνίζοντες
1471 947 1582 991 φίλον
1601 944 1736 993 ἄνδρα.

202 991 296 1026 Item
316 991 396 1037 ipse
415 991 455 1026 in
475 991 530 1027 ed.
549 996 566 1026 1
590 1004 624 1027 v.
639 996 803 1028 475—92
825 993 1007 1038 separavi,
1027 993 1066 1028 id
1087 994 1187 1038 quod
1208 993 1321 1029 etiam
1340 994 1513 1039 Hartung
1531 993 1631 1039 fecit,
1651 1006 1736 1030 nam

203 1051 238 1074 v.
250 1042 391 1074 492—ss
410 1039 487 1074 iam
502 1039 649 1074 Bekker
668 1042 938 1086 segregaverat.
974 1040 1160 1084 Welcker,
1181 1041 1245 1086 qui
1259 1041 1372 1076 variis
1392 1041 1514 1086 poetis
1528 1042 1620 1078 haec
1635 1043 1740 1078 attri-

203 1085 299 1131 buit,
325 1086 478 1122 diremit
503 1099 536 1123 v.
557 1091 734 1131 467—74,
761 1092 914 1132 475—6,
934 1092 1111 1131 477—92,
1131 1092 1282 1132 493—6,
1310 1089 1375 1130 sed
1401 1089 1501 1124 idem
1520 1101 1553 1124 v.
1575 1093 1738 1126 487—92

205 1134 253 1169 ab
272 1133 541 1180 interpolatore
554 1134 682 1180 aliquo
702 1135 890 1180 profectos
906 1146 986 1170 esse
1000 1136 1201 1172 existimat.
1234 1136 1320 1171 Non
1339 1135 1459 1172 minor
1479 1136 1662 1172 dubitatio
1683 1139 1740 1172 est

206 1182 250 1216 de
280 1182 453 1217 carminis
478 1183 641 1219 auctore.
692 1183 773 1229 Ego
800 1195 883 1218 cum
910 1196 943 1219 v.
971 1187 1038 1218 472
1065 1184 1127 1218 vel
1153 1185 1252 1219 certe
1279 1183 1490 1218 simillimus
1516 1184 1649 1219 Eueno
1674 1185 1739 1220 tri—

204 1229 343 1264 buatur.
366 1229 466 1275 (vide
486 1229 680 1265 Euenifr.
706 1232 759 1274 8),
786 1231 825 1265 in
852 1231 908 1265 ed.
937 1235 954 1264 1
984 1231 1080 1265 hunc
1107 1232 1206 1266 certe
1232 1231 1354 1266 locum
1379 1243 1413 1267 v.
1440 1235 1605 1267 467---74
1630 1231 1739 1268 Pario

203 1277 339 1321 poetae
363 1276 497 1321 tribui,
526 1277 565 1312 id
592 1277 693 1322 quod
718 1278 794 1312 iam
812 1280 933 1313 antea
958 1277 1059 1313 Bach
1087 1280 1167 1314 erat
1193 1279 1401 1324 suspicatus
1428 1280 1467 1314 et
1490 1281 1621 1324 postea
1645 1279 1739 1315 Har-

204 1324 300 1369 tung
331 1325 521 1369 probavit:
554 1336 641 1360 nam
665 1324 923 1369 Aristotelem,
957 1326 1022 1370 qui
1054 1326 1306 1371 compluribus
1338 1325 1430 1361 locis
1462 1327 1561 1362 hunc
1592 1339 1738 1363 versum

203 1370 322 1407 Eueni
347 1371 497 1407 nomine
531 1372 760 1416 adhibuerit,
792 1384 867 1408 non
898 1384 977 1408 esse
1008 1372 1172 1409 incertae
1198 1373 1398 1409 memoriae
1425 1385 1547 1409 errore
1573 1374 1738 1419 ductum,

204 1421 372 1464 apparet.
423 1420 559 1455 Postea
595 1431 679 1454 cum
713 1419 883 1455 intellexi
917 1419 1140 1465 antiquioris
1174 1420 1330 1456 alicuius
1361 1423 1400 1456 et
1429 1422 1530 1457 haud
1561 1422 1738 1467 ignobilis

205 1468 339 1511 poetae
365 1467 462 1502 hanc
488 1466 650 1512 elegiam
674 1478 768 1512 esse,
795 1479 919 1502 rursus
940 1479 1022 1503 eam
1042 1468 1290 1513 suspicionem
1316 1467 1453 1504 abieci:
1480 1469 1738 1506 existimabam

208 1513 307 1548 enim
334 1514 541 1559 sophistam
567 1515 734 1558 Euenum
762 1514 926 1550 nobilem
957 1515 1056 1551 hunc
1080 1526 1229 1550 versum
1255 1526 1300 1550 ex
1325 1516 1535 1561 antiquiore
1561 1519 1676 1562 poeta
1699 1517 1739 1552 in

207 1574 315 1596 suum
341 1573 491 1598 carmen
515 1561 764 1598 transtulisse.
806 1561 956 1598 Etenim
980 1563 1041 1598 vel
1066 1563 1300 1599 Pherecratis
1325 1563 1391 1599 ille
1416 1564 1531 1608 locus,
1557 1564 1622 1600 ubi
1646 1565 1739 1600 haec

207 1609 329 1655 elegia
355 1621 439 1644 cum
460 1607 850 1646 Hesiodeis'versibus
877 1611 1127 1656 componitur,
1154 1610 1243 1646 satis
1270 1622 1454 1656 superque
1475 1611 1616 1656 arguit,
1642 1611 1738 1647 anti—

206 1668 321 1701 quum
348 1668 426 1692 esse
454 1669 613 1692 carmen¹
627 1668 750 1703 neque
771 1669 793 1693 a
811 1658 922 1693 Pario
942 1658 1109 1703 sophista
1134 1658 1400 1703 compositum:
1428 1658 1574 1694 accedit
1597 1659 1738 1705 gravis—

205 1704 339 1739 simum
366 1706 645 1750 argumentum,
672 1706 773 1750 quod
798 1705 848 1750 is,
882 1704 947 1750 qui
971 1706 1069 1741 hanc
1094 1706 1263 1751 syllogen
1289 1706 1543 1752 concinnavit,
1568 1709 1738 1743 veterum

204 1753 353 1788 tantum
378 1754 575 1798 poetarum
599 1755 841 1788 monumenta
865 1753 1054 1796 adhibuit,
1087 1753 1244 1789 noviciis
1275 1753 1415 1798 poetis,
1448 1753 1514 1799 qui
1548 1754 1645 1790 circa
1669 1755 1737 1791 Pe-

203 1799 416 1845 loponnesii
441 1800 532 1836 belli
562 1802 735 1846 tempora
766 1801 986 1844 floruerunt,
1020 1801 1151 1846 procul
1182 1800 1332 1836 habitis.
1381 1800 1432 1836 At
1455 1814 1580 1837 rursus
1605 1814 1738 1848 parum

204 1847 382 1883 credibile
414 1850 487 1893 est,
521 1847 553 1883 si
582 1848 645 1884 hic
677 1848 846 1893 sophista
875 1859 1023 1884 versum
1048 1848 1162 1883 istum
1189 1849 1236 1884 ab
1262 1848 1474 1893 antiquiore
1498 1850 1613 1894 poeta
1637 1850 1737 1885 haud

204 1894 364 1940 ignobili
388 1896 579 1931 mutuatus
606 1896 703 1941 erat,
728 1895 769 1931 id
788 1896 1046 1940 Aristotelem,
1074 1895 1139 1941 qui
1163 1906 1320 1941 graecae
1345 1896 1470 1941 poesis
1495 1898 1737 1933 monumenta

203 1942 490 1987 diligentissime
516 1944 771 1988 perscrutatus
798 1945 895 1987 erat,
921 1943 1077 1989 fugisse:
1104 1945 1218 1988 atque
1241 1943 1355 1978 etiam
1375 1943 1406 1978 si
1426 1944 1612 1989 largiaris,
1639 1944 1735 1980 eius-

203 1990 304 2025 modi
339 2001 500 2026 errorem
532 1991 571 2026 in
595 1990 835 2026 Aristotelem
869 1991 1017 2035 cadere,
1049 1993 1176 2026 tamen
1206 2002 1281 2039 non
1307 1992 1363 2026 est
1386 1991 1588 2027 verisimile
1613 1992 1735 2037 philo-

205 2038 363 2082 sophum
407 2039 486 2074 tam
529 2040 772 2084 pervagatam
816 2038 1039 2074 sententiam
1082 2038 1271 2083 sophistae
1315 2038 1472 2074 alicuius
1510 2039 1735 2076 auctoritate

202 2085 409 2121 identidem
434 2087 575 2121 tuitum
601 2097 698 2122 esse:
725 2086 790 2122 sed
814 2086 894 2122 iure
914 2097 979 2122 suo
998 2085 1221 2121 Aristoteles
1239 2086 1359 2121 Eueni
1380 2086 1610 2122 mentionem
1633 2087 1735 2132 fecit,

204 2133 235 2167 si
274 2132 337 2168 ille
376 2146 470 2169 unus
508 2145 528 2168 e
565 2133 796 2180 principibus
835 2134 1030 2180 gnomicae
1066 2131 1188 2179 poesis
1231 2133 1314 2169 fuit.
1365 2134 1576 2170 Aristotelis
1620 2134 1736 2180 igitur

205 2181 430 2217 auctoritate
456 2181 616 2217 confisus
639 2182 715 2216 iam
741 2182 862 2217 totam
886 2182 983 2216 hanc
1009 2181 1168 2226 elegiam
1193 2181 1321 2216 Eueno
1346 2181 1488 2226 tribuo,
1514 2193 1583 2217 nec
1607 2183 1735 2218 tamen

207 2228 414 2274 sophistae,
441 2229 507 2274 qui
532 2229 695 2265 Socratis
720 2228 794 2264 fuit
818 2228 1002 2274 aequalis,
1036 2228 1276 2273 sedvmaiori,
1309 2229 1412 2264 euius
1439 2231 1542 2265 aetas
1567 2241 1654 2265 sane
1680 2230 1735 2265 in-

201 2277 305 2311 certa
331 2277 406 2312 est:
434 2277 498 2311 sed
526 2288 610 2321 cum
634 2277 696 2311 hic
721 2277 871 2313 Euenus
899 2275 1127 2312 Simonidem
1152 2276 1383 2321 alloquatur,
1410 2277 1577 2321 suspicor
1601 2278 1734 2313 Amor-

178 2322 332 2368 ,ginum
364 2324 694 2370 iambographum,
733 2325 798 2369 qui
832 2324 980 2369 et'fipse
1015 2324 1154 2370 elegias
1185 2323 1437 2369 composuisse
1468 2324 1603 2366 fertur,
1641 2325 1734 2360 dici:

171 2408 176 2411 7
203 2376 298 2415 ‘quae
326 2371 359 2405 si
381 2382 470 2407 vera
496 2374 552 2407 est
577 2372 808 2416 coniectura,
833 2371 920 2407 falsi
945 2373 1032 2407 sunt
1051 2371 1203 2417 quidam
1228 2371 1477 2416 grammatici,
1502 2371 1568 2417 qui
1592 2371 1733 2408 iambo-

202 2418 338 2464 graphi
362 2430 494 2454 nomen
522 2418 1009 2465 Enumva'dngscribendum
1042 2430 1121 2455 esse
1152 2418 1398 2464 praecipiunt.
1449 2419 1650 2455 Simonidis
1675 2420 1733 2455 bis

205 2468 402 2510 praeterea
425 2466 464 2501 in
489 2466 559 2501 hac
586 2467 730 2512 sylloge
755 2467 798 2501 fit
821 2466 963 2503 mentio
987 2479 1021 2503 v.
1049 2471 1115 2502 667
1144 2467 1182 2501 et
1208 2470 1315 2502 1349:
1352 2466 1481 2511 itaque
1512 2467 1552 2502 hi
1583 2478 1732 2513 quoque

202 2513 276 2548 loci
300 2515 442 2559 pariter
467 2525 511 2548 ex
536 2514 656 2549 Eueni
682 2514 812 2560 elegiis
838 2515 1012 2551 videntur
1036 2513 1187 2560 repetiti
1211 2524 1302 2549 esse.
1352 2513 1472 2559 Igitur
1494 2513 1642 2550 Euenus
1667 2515 1732 2549 ille

203 2561 422 2599 Archilochi
446 2561 638 2607 popularis
665 2562 722 2597 sui
747 2562 918 2608 exemplo
943 2562 1125 2598 excitatus
1155 2561 1303 2597 videtur
1333 2561 1497 2597 animum
1524 2562 1572 2597 ad
1597 2562 1733 2608 elegia-

205 2620 287 2644 cam
313 2609 447 2654 poesin
470 2609 729 2654 applicavisse.
766 2609 834 2644 His
861 2610 991 2655 elegiis
1014 2609 1169 2655 integris
1193 2620 1280 2644 usus
1306 2611 1377 2652 est,
1404 2609 1468 2654 qui
1493 2609 1590 2645 hanc
1614 2609 1732 2655 epito-

205 2668 289 2692 men
311 2657 490 2701 condidit,
516 2668 590 2701 qua
609 2656 761 2702 quidem
781 2657 943 2702 epitome
962 2657 1104 2693 factum
1127 2658 1263 2701 est‚·jut
1281 2656 1519 2701 antiquorum
1538 2658 1732 2702 poetarum

204 2704 346 2750 elegiae
373 2704 493 2750 magis
519 2703 714 2750 magisque
740 2705 928 2740 oblivione
949 2705 1206 2741 obruerentur:
1231 2703 1360 2748 itaque
1378 2704 1455 2738 iam
1473 2704 1731 2740 Eratosthenis

204 2753 328 2788 aetate
348 2751 467 2787 Eueni
488 2753 693 2787 carminum
712 2752 883 2797 exempla
902 2751 1233 2798 penitusextincta
1250 2751 1412 2787 fuerunt.
1433 2772 1476 2776 —
1502 2751 1733 2796 Improbavit

204 2800 298 2835 haec
324 2800 449 2836 omnia
475 2800 638 2835 Leutsch
663 2799 799 2836 Philol.
827 2804 883 2845 30,
911 2804 978 2836 662
993 2811 1108 2845 seqq„
1134 2798 1199 2844 qui
1223 2811 1257 2834 v.
1274 2802 1439 2834 467—74
1465 2799 1594 2843 quovis
1619 2801 1730 2844 pacto

203 2847 395 2883 contendit
420 2847 650 2892 Theognidis
682 2858 777 2891 esse,
811 2848 874 2883 sed
905 2849 992 2892 post
1022 2860 1057 2883 v.
1082 2850 1154 2883 474
1187 2846 1369 2891 quaedam
1394 2846 1604 2892 intercepta
1634 2857 1730 2882 esse:

202 2895 442 2940 proverbium
466 2895 673 2940 antiquitus
697 2895 879 2930 traditum
900 2906 989 2939 esse,
1016 2906 1089 2940 quo
1109 2895 1147 2931 et
1165 2893 1354 2939 Theognis
1375 2895 1414 2929 et
1431 2893 1564 2939 postea
1581 2893 1729 2935 Euenus

202 2942 260 2977 nsi
285 2941 377 2987 sint,
410 2953 531 2987 neque
561 2944 700 2978 temere
725 2941 965 2978 Aristotelem
998 2943 1106 2993 hunc'
1122 2953 1234 2986 quam
1260 2941 1366 2976 illum
1391 2943 1526 2977 testem
1551 2940 1729 2992 adhibere
