<?xml version="1.0" encoding="UTF-8"?>
<!DOCTYPE html PUBLIC "-//W3C//DTD XHTML 1.0 Transitional//EN"
    "http://www.w3.org/TR/xhtml1/DTD/xhtml1-transitional.dtd">
<html xmlns="http://www.w3.org/1999/xhtml" xml:lang="en" lang="en">
 <head>
  <title>
</title>
<meta http-equiv="Content-Type" content="text/html;charset=utf-8" />
  <meta name='ocr-system' content='tesseract 3.04.00' />
  <meta name='ocr-capabilities' content='ocr_page ocr_carea ocr_par ocr_line ocrx_word'/>
</head>
<body>
  <div class='ocr_page' id='page_1' title='image "./poetaelyricigrae02berguoft_0448.png"; bbox 0 0 1890 3216; ppageno 0'>
   <div class='ocr_carea' id='block_1_1' title="bbox 136 159 1081 202">
    <p class='ocr_par' dir='ltr' id='par_1_1' title="bbox 136 159 1081 202">
     <span class='ocr_line' id='line_1_1' title="bbox 136 159 1081 202; baseline 0.001 -7"><span class='ocrx_word' id='word_1_1' title='bbox 136 159 224 202; x_wconf 83' lang='lat'>438</span> <span class='ocrx_word' id='word_1_2' title='bbox 731 159 1081 196; x_wconf 77' lang='lat' dir='ltr'>IAMBOGRAPHI.</span> 
     </span>
    </p>
   </div>
   <div class='ocr_carea' id='block_1_2' title="bbox 346 265 1244 389">
    <p class='ocr_par' dir='ltr' id='par_1_2' title="bbox 346 265 1244 389">
     <span class='ocr_line' id='line_1_2' title="bbox 346 265 1215 323; baseline 0 -12"><span class='ocrx_word' id='word_1_3' title='bbox 346 268 447 311; x_wconf 78' lang='lat' dir='ltr'>’Avt’</span> <span class='ocrx_word' id='word_1_4' title='bbox 484 265 540 311; x_wconf 75' lang='grc' dir='ltr'>ὧν</span> <span class='ocrx_word' id='word_1_5' title='bbox 570 287 605 310; x_wconf 89' lang='grc' dir='ltr'>τι</span> <span class='ocrx_word' id='word_1_6' title='bbox 636 272 713 310; x_wconf 84' lang='grc' dir='ltr'>νῶϊ</span> <span class='ocrx_word' id='word_1_7' title='bbox 740 273 892 311; x_wconf 84' lang='grc' dir='ltr'><em>Μοῦσα</em></span> <span class='ocrx_word' id='word_1_8' title='bbox 923 268 1215 323; x_wconf 73' lang='grc' dir='ltr'><em>προσλοῖλησον,</em></span> 
     </span>
     <span class='ocr_line' id='line_1_3' title="bbox 348 329 1244 389; baseline 0.003 -14"><span class='ocrx_word' id='word_1_9' title='bbox 348 333 449 376; x_wconf 75' lang='lat' dir='ltr'>’Avv’</span> <span class='ocrx_word' id='word_1_10' title='bbox 486 329 543 376; x_wconf 76' lang='grc' dir='ltr'>ὧν</span> <span class='ocrx_word' id='word_1_11' title='bbox 576 351 608 375; x_wconf 80' lang='grc' dir='ltr'>τι</span> <span class='ocrx_word' id='word_1_12' title='bbox 640 338 716 375; x_wconf 87' lang='grc' dir='ltr'>νῶϊ</span> <span class='ocrx_word' id='word_1_13' title='bbox 743 338 896 376; x_wconf 84' lang='grc' dir='ltr'><em>Μοῦσα</em></span> <span class='ocrx_word' id='word_1_14' title='bbox 926 334 1244 389; x_wconf 77' lang='grc' dir='ltr'><em>προσλαλησᾶτω.</em></span> 
     </span>
    </p>
   </div>
   <div class='ocr_carea' id='block_1_3' title="bbox 138 431 1684 1841">
    <p class='ocr_par' dir='ltr' id='par_1_3' title="bbox 138 431 1684 1841">
     <span class='ocr_line' id='line_1_4' title="bbox 139 431 1676 486; baseline 0.002 -13"><span class='ocrx_word' id='word_1_15' title='bbox 139 447 234 473; x_wconf 90' lang='lat' dir='ltr'>sane</span> <span class='ocrx_word' id='word_1_16' title='bbox 265 434 359 472; x_wconf 83' lang='lat' dir='ltr'>libri</span> <span class='ocrx_word' id='word_1_17' title='bbox 390 446 425 471; x_wconf 88' lang='lat' dir='ltr'>v.</span> <span class='ocrx_word' id='word_1_18' title='bbox 461 435 484 471; x_wconf 83' lang='lat'><strong>2</strong></span> <span class='ocrx_word' id='word_1_19' title='bbox 517 431 841 484; x_wconf 80' lang='grc' dir='ltr'><em>προσλαλίστατος</em></span> <span class='ocrx_word' id='word_1_20' title='bbox 876 433 1064 472; x_wconf 84' lang='lat' dir='ltr'>videntur</span> <span class='ocrx_word' id='word_1_21' title='bbox 1096 434 1297 484; x_wconf 83' lang='lat' dir='ltr'>exhibere,</span> <span class='ocrx_word' id='word_1_22' title='bbox 1337 436 1406 475; x_wconf 88' lang='lat' dir='ltr'>sed</span> <span class='ocrx_word' id='word_1_23' title='bbox 1437 449 1564 486; x_wconf 88' lang='lat' dir='ltr'>neque</span> <span class='ocrx_word' id='word_1_24' title='bbox 1596 437 1676 476; x_wconf 88' lang='lat' dir='ltr'>usi-</span> 
     </span>
     <span class='ocr_line' id='line_1_5' title="bbox 138 498 1676 547; baseline 0.003 -9"><span class='ocrx_word' id='word_1_25' title='bbox 138 502 270 538; x_wconf 87' lang='lat' dir='ltr'>tatum</span> <span class='ocrx_word' id='word_1_26' title='bbox 289 500 363 538; x_wconf 91' lang='grc'>1100</span> <span class='ocrx_word' id='word_1_27' title='bbox 388 498 637 546; x_wconf 85' lang='lat' dir='ltr'>vocabulum,</span> <span class='ocrx_word' id='word_1_28' title='bbox 664 510 791 547; x_wconf 88' lang='lat' dir='ltr'>neque</span> <span class='ocrx_word' id='word_1_29' title='bbox 818 498 1004 538; x_wconf 87' lang='lat' dir='ltr'>adiectivi</span> <span class='ocrx_word' id='word_1_30' title='bbox 1019 500 1157 539; x_wconf 74' lang='lat' dir='ltr'>&#39;forma</span> <span class='ocrx_word' id='word_1_31' title='bbox 1177 502 1402 540; x_wconf 75' lang='lat' dir='ltr'><strong>structurae</strong></span> <span class='ocrx_word' id='word_1_32' title='bbox 1422 503 1676 542; x_wconf 86' lang='lat' dir='ltr'>conveniens:</span> 
     </span>
     <span class='ocr_line' id='line_1_6' title="bbox 138 564 1675 616; baseline 0.003 -13"><span class='ocrx_word' id='word_1_33' title='bbox 138 578 231 603; x_wconf 89' lang='lat' dir='ltr'>nam</span> <span class='ocrx_word' id='word_1_34' title='bbox 262 577 342 603; x_wconf 90' lang='lat' dir='ltr'>non</span> <span class='ocrx_word' id='word_1_35' title='bbox 373 564 563 603; x_wconf 84' lang='lat' dir='ltr'>credibile</span> <span class='ocrx_word' id='word_1_36' title='bbox 594 576 783 614; x_wconf 84' lang='lat' dir='ltr'>graecum</span> <span class='ocrx_word' id='word_1_37' title='bbox 814 566 1037 616; x_wconf 89' lang='lat' dir='ltr'>metricum,</span> <span class='ocrx_word' id='word_1_38' title='bbox 1069 579 1158 605; x_wconf 91' lang='lat' dir='ltr'>cum</span> <span class='ocrx_word' id='word_1_39' title='bbox 1190 567 1490 616; x_wconf 88' lang='lat' dir='ltr'>amplificandus</span> <span class='ocrx_word' id='word_1_40' title='bbox 1522 568 1585 607; x_wconf 90' lang='lat' dir='ltr'>vel</span> <span class='ocrx_word' id='word_1_41' title='bbox 1611 568 1675 607; x_wconf 91' lang='lat' dir='ltr'>de-</span> 
     </span>
     <span class='ocr_line' id='line_1_7' title="bbox 140 630 1677 683; baseline 0.003 -15"><span class='ocrx_word' id='word_1_42' title='bbox 140 630 356 669; x_wconf 88' lang='lat' dir='ltr'>curtandus</span> <span class='ocrx_word' id='word_1_43' title='bbox 390 631 496 668; x_wconf 85' lang='lat' dir='ltr'>esset</span> <span class='ocrx_word' id='word_1_44' title='bbox 528 642 690 679; x_wconf 88' lang='lat' dir='ltr'>versus,</span> <span class='ocrx_word' id='word_1_45' title='bbox 727 632 866 669; x_wconf 89' lang='lat' dir='ltr'>eadem</span> <span class='ocrx_word' id='word_1_46' title='bbox 898 631 1060 670; x_wconf 87' lang='lat' dir='ltr'>licentia</span> <span class='ocrx_word' id='word_1_47' title='bbox 1090 644 1210 670; x_wconf 88' lang='lat' dir='ltr'>usum</span> <span class='ocrx_word' id='word_1_48' title='bbox 1247 645 1351 681; x_wconf 90' lang='lat' dir='ltr'>esse,</span> <span class='ocrx_word' id='word_1_49' title='bbox 1390 646 1469 683; x_wconf 90' lang='lat' dir='ltr'>qua</span> <span class='ocrx_word' id='word_1_50' title='bbox 1499 633 1677 673; x_wconf 87' lang='lat' dir='ltr'>Plotium</span> 
     </span>
     <span class='ocr_line' id='line_1_8' title="bbox 140 695 1677 748; baseline 0.003 -14"><span class='ocrx_word' id='word_1_51' title='bbox 140 696 345 745; x_wconf 88' lang='lat' dir='ltr'>stupidum</span> <span class='ocrx_word' id='word_1_52' title='bbox 376 695 586 734; x_wconf 90' lang='lat' dir='ltr'>hominem.</span> <span class='ocrx_word' id='word_1_53' title='bbox 638 695 869 736; x_wconf 82' lang='lat' dir='ltr'>Archilochi</span> <span class='ocrx_word' id='word_1_54' title='bbox 900 699 1035 736; x_wconf 85' lang='lat' dir='ltr'>utrum</span> <span class='ocrx_word' id='word_1_55' title='bbox 1067 698 1178 747; x_wconf 89' lang='lat' dir='ltr'>prior</span> <span class='ocrx_word' id='word_1_56' title='bbox 1204 710 1255 736; x_wconf 88' lang='lat' dir='ltr'>an</span> <span class='ocrx_word' id='word_1_57' title='bbox 1285 699 1484 748; x_wconf 80' lang='lat' dir='ltr'>posterior</span> <span class='ocrx_word' id='word_1_58' title='bbox 1510 699 1562 738; x_wconf 87' lang='lat' dir='ltr'>sit</span> <span class='ocrx_word' id='word_1_59' title='bbox 1591 713 1677 739; x_wconf 85' lang='lat' dir='ltr'>ver-</span> 
     </span>
     <span class='ocr_line' id='line_1_9' title="bbox 141 762 1678 812; baseline 0.003 -12"><span class='ocrx_word' id='word_1_60' title='bbox 141 774 225 811; x_wconf 90' lang='lat' dir='ltr'>sus,</span> <span class='ocrx_word' id='word_1_61' title='bbox 264 774 345 800; x_wconf 88' lang='lat' dir='ltr'>non</span> <span class='ocrx_word' id='word_1_62' title='bbox 381 762 524 812; x_wconf 86' lang='lat' dir='ltr'>liquet,</span> <span class='ocrx_word' id='word_1_63' title='bbox 571 774 666 800; x_wconf 90' lang='lat' dir='ltr'>nam</span> <span class='ocrx_word' id='word_1_64' title='bbox 705 763 826 800; x_wconf 85' lang='lat' dir='ltr'>etiam</span> <span class='ocrx_word' id='word_1_65' title='bbox 866 762 1108 802; x_wconf 83' lang='lat' dir='ltr'>catalecticis</span> <span class='ocrx_word' id='word_1_66' title='bbox 1146 764 1342 803; x_wconf 86' lang='lat' dir='ltr'>trimetris</span> <span class='ocrx_word' id='word_1_67' title='bbox 1379 777 1477 804; x_wconf 86' lang='lat' dir='ltr'>usus</span> <span class='ocrx_word' id='word_1_68' title='bbox 1515 767 1578 804; x_wconf 85' lang='lat' dir='ltr'>est</span> <span class='ocrx_word' id='word_1_69' title='bbox 1614 765 1678 804; x_wconf 90' lang='lat' dir='ltr'>hic</span> 
     </span>
     <span class='ocr_line' id='line_1_10' title="bbox 139 819 1676 880; baseline 0.003 -14"><span class='ocrx_word' id='word_1_70' title='bbox 139 829 270 878; x_wconf 87' lang='lat' dir='ltr'>poeta.</span> <span class='ocrx_word' id='word_1_71' title='bbox 316 827 393 866; x_wconf 81' lang='lat' dir='ltr'>Sed</span> <span class='ocrx_word' id='word_1_72' title='bbox 425 827 613 878; x_wconf 89' lang='lat' dir='ltr'>quoniam</span> <span class='ocrx_word' id='word_1_73' title='bbox 645 819 841 867; x_wconf 83' lang='lat' dir='ltr'>vocabula</span> <span class='ocrx_word' id='word_1_74' title='bbox 872 830 1022 878; x_wconf 83' lang='grc' dir='ltr'><em>λαλεῖν,</em></span> <span class='ocrx_word' id='word_1_75' title='bbox 1054 831 1306 880; x_wconf 80' lang='grc' dir='ltr'><em>προσλαλεῖν,</em></span> <span class='ocrx_word' id='word_1_76' title='bbox 1345 824 1462 877; x_wconf 74' lang='grc' dir='ltr'><em>λάλος</em></span> <span class='ocrx_word' id='word_1_77' title='bbox 1493 831 1543 870; x_wconf 92' lang='lat' dir='ltr'>ab</span> <span class='ocrx_word' id='word_1_78' title='bbox 1575 831 1676 871; x_wconf 87' lang='lat' dir='ltr'>anti-</span> 
     </span>
     <span class='ocr_line' id='line_1_11' title="bbox 141 894 1677 945; baseline 0.003 -13"><span class='ocrx_word' id='word_1_79' title='bbox 141 907 311 944; x_wconf 88' lang='lat' dir='ltr'>quorum</span> <span class='ocrx_word' id='word_1_80' title='bbox 335 907 411 933; x_wconf 88' lang='lat' dir='ltr'>usu</span> <span class='ocrx_word' id='word_1_81' title='bbox 438 895 713 943; x_wconf 85' lang='lat' dir='ltr'>abhorrerent,</span> <span class='ocrx_word' id='word_1_82' title='bbox 747 895 780 934; x_wconf 89' lang='lat' dir='ltr'>si</span> <span class='ocrx_word' id='word_1_83' title='bbox 807 907 830 933; x_wconf 91' lang='lat' dir='ltr'>a</span> <span class='ocrx_word' id='word_1_84' title='bbox 856 894 1024 933; x_wconf 83' lang='lat' dir='ltr'>Pratina</span> <span class='ocrx_word' id='word_1_85' title='bbox 1050 895 1291 945; x_wconf 79' lang='lat' dir='ltr'>discesseris,</span> <span class='ocrx_word' id='word_1_86' title='bbox 1323 895 1499 935; x_wconf 88' lang='lat' dir='ltr'>incertus</span> <span class='ocrx_word' id='word_1_87' title='bbox 1531 897 1677 936; x_wconf 85' lang='lat' dir='ltr'>haereo</span> 
     </span>
     <span class='ocr_line' id='line_1_12' title="bbox 141 959 1678 1011; baseline 0.003 -13"><span class='ocrx_word' id='word_1_88' title='bbox 141 960 188 998; x_wconf 93' lang='lat' dir='ltr'>de</span> <span class='ocrx_word' id='word_1_89' title='bbox 221 961 382 999; x_wconf 87' lang='lat' dir='ltr'>auctore</span> <span class='ocrx_word' id='word_1_90' title='bbox 414 972 567 999; x_wconf 87' lang='lat' dir='ltr'>versus.</span> <span class='ocrx_word' id='word_1_91' title='bbox 615 959 728 1005; x_wconf 81' lang='lat' dir='ltr'>Quod</span> <span class='ocrx_word' id='word_1_92' title='bbox 755 961 788 998; x_wconf 90' lang='lat' dir='ltr'>si</span> <span class='ocrx_word' id='word_1_93' title='bbox 814 959 1003 998; x_wconf 89' lang='lat' dir='ltr'>metricus</span> <span class='ocrx_word' id='word_1_94' title='bbox 1031 973 1101 999; x_wconf 90' lang='lat' dir='ltr'>suo</span> <span class='ocrx_word' id='word_1_95' title='bbox 1128 960 1304 1010; x_wconf 88' lang='lat' dir='ltr'>periculo</span> <span class='ocrx_word' id='word_1_96' title='bbox 1332 962 1556 1011; x_wconf 76' lang='lat' dir='ltr'>composuit</span> <span class='ocrx_word' id='word_1_97' title='bbox 1580 963 1678 1002; x_wconf 87' lang='lat' dir='ltr'>haec</span> 
     </span>
     <span class='ocr_line' id='line_1_13' title="bbox 141 1025 1682 1076; baseline 0.002 -11"><span class='ocrx_word' id='word_1_98' title='bbox 141 1026 340 1076; x_wconf 85' lang='lat' dir='ltr'>exempla,</span> <span class='ocrx_word' id='word_1_99' title='bbox 372 1027 479 1064; x_wconf 91' lang='lat' dir='ltr'>certe</span> <span class='ocrx_word' id='word_1_100' title='bbox 510 1025 629 1064; x_wconf 90' lang='lat' dir='ltr'>ionici</span> <span class='ocrx_word' id='word_1_101' title='bbox 659 1028 801 1075; x_wconf 88' lang='lat' dir='ltr'>poetae</span> <span class='ocrx_word' id='word_1_102' title='bbox 834 1038 1057 1065; x_wconf 85' lang='lat' dir='ltr'>sermonem</span> <span class='ocrx_word' id='word_1_103' title='bbox 1090 1027 1271 1065; x_wconf 85' lang='lat' dir='ltr'>consulto</span> <span class='ocrx_word' id='word_1_104' title='bbox 1304 1027 1484 1067; x_wconf 87' lang='lat' dir='ltr'>adscivit.</span> <span class='ocrx_word' id='word_1_105' title='bbox 1547 1028 1682 1068; x_wconf 86' lang='lat' dir='ltr'>Antea</span> 
     </span>
     <span class='ocr_line' id='line_1_14' title="bbox 139 1089 1680 1142; baseline 0.003 -13"><span class='ocrx_word' id='word_1_106' title='bbox 139 1091 383 1130; x_wconf 89' lang='lat' dir='ltr'>confidenter</span> <span class='ocrx_word' id='word_1_107' title='bbox 414 1091 578 1130; x_wconf 88' lang='lat' dir='ltr'>metrico</span> <span class='ocrx_word' id='word_1_108' title='bbox 611 1091 753 1141; x_wconf 81' lang='lat' dir='ltr'>tribui,</span> <span class='ocrx_word' id='word_1_109' title='bbox 793 1092 1115 1142; x_wconf 89' lang='lat' dir='ltr'>quandoquidem</span> <span class='ocrx_word' id='word_1_110' title='bbox 1153 1089 1373 1132; x_wconf 83' lang='lat' dir='ltr'>Antonium</span> <span class='ocrx_word' id='word_1_111' title='bbox 1413 1094 1570 1133; x_wconf 81' lang='lat' dir='ltr'><strong>Musam</strong></span> <span class='ocrx_word' id='word_1_112' title='bbox 1601 1107 1680 1133; x_wconf 88' lang='lat' dir='ltr'>me-</span> 
     </span>
     <span class='ocr_line' id='line_1_15' title="bbox 140 1156 1680 1208; baseline 0.003 -13"><span class='ocrx_word' id='word_1_113' title='bbox 140 1157 269 1196; x_wconf 87' lang='lat' dir='ltr'>dicum</span> <span class='ocrx_word' id='word_1_114' title='bbox 296 1156 476 1207; x_wconf 86' lang='lat' dir='ltr'>Augusti</span> <span class='ocrx_word' id='word_1_115' title='bbox 502 1159 636 1196; x_wconf 88' lang='lat' dir='ltr'>aetate</span> <span class='ocrx_word' id='word_1_116' title='bbox 667 1157 843 1195; x_wconf 90' lang='lat' dir='ltr'>nobilem</span> <span class='ocrx_word' id='word_1_117' title='bbox 876 1157 938 1196; x_wconf 91' lang='lat' dir='ltr'>hic</span> <span class='ocrx_word' id='word_1_118' title='bbox 969 1159 1235 1196; x_wconf 82' lang='lat' dir='ltr'>memoratum</span> <span class='ocrx_word' id='word_1_119' title='bbox 1267 1170 1354 1197; x_wconf 87' lang='lat' dir='ltr'>esse</span> <span class='ocrx_word' id='word_1_120' title='bbox 1388 1159 1680 1208; x_wconf 75' lang='lat' dir='ltr'>existimabam,</span> 
     </span>
     <span class='ocr_line' id='line_1_16' title="bbox 139 1222 1679 1272; baseline 0.002 -11"><span class='ocrx_word' id='word_1_121' title='bbox 139 1223 178 1261; x_wconf 92' lang='lat' dir='ltr'>id</span> <span class='ocrx_word' id='word_1_122' title='bbox 213 1222 319 1272; x_wconf 90' lang='lat' dir='ltr'>quod</span> <span class='ocrx_word' id='word_1_123' title='bbox 351 1222 472 1261; x_wconf 86' lang='lat' dir='ltr'>etiam</span> <span class='ocrx_word' id='word_1_124' title='bbox 504 1222 704 1261; x_wconf 90' lang='lat' dir='ltr'>Brunckio</span> <span class='ocrx_word' id='word_1_125' title='bbox 737 1223 867 1261; x_wconf 88' lang='lat' dir='ltr'>visum</span> <span class='ocrx_word' id='word_1_126' title='bbox 901 1225 973 1261; x_wconf 83' lang='lat' dir='ltr'>est.</span> <span class='ocrx_word' id='word_1_127' title='bbox 1025 1223 1102 1261; x_wconf 81' lang='lat' dir='ltr'>Sed</span> <span class='ocrx_word' id='word_1_128' title='bbox 1135 1223 1233 1262; x_wconf 90' lang='lat' dir='ltr'>haec</span> <span class='ocrx_word' id='word_1_129' title='bbox 1256 1225 1306 1262; x_wconf 83' lang='lat' dir='ltr'>&#39;et</span> <span class='ocrx_word' id='word_1_130' title='bbox 1337 1224 1417 1262; x_wconf 89' lang='lat' dir='ltr'>alia</span> <span class='ocrx_word' id='word_1_131' title='bbox 1449 1225 1679 1264; x_wconf 84' lang='lat' dir='ltr'>criticorum</span> 
     </span>
     <span class='ocr_line' id='line_1_17' title="bbox 140 1288 1680 1339; baseline 0.003 -13"><span class='ocrx_word' id='word_1_132' title='bbox 140 1288 319 1339; x_wconf 85' lang='lat' dir='ltr'>pericula</span> <span class='ocrx_word' id='word_1_133' title='bbox 345 1289 413 1338; x_wconf 92' lang='lat' dir='ltr'>qui</span> <span class='ocrx_word' id='word_1_134' title='bbox 439 1300 678 1338; x_wconf 84' lang='lat' dir='ltr'>cognoscere</span> <span class='ocrx_word' id='word_1_135' title='bbox 704 1288 855 1338; x_wconf 87' lang='lat' dir='ltr'>cupiat,</span> <span class='ocrx_word' id='word_1_136' title='bbox 886 1288 1062 1327; x_wconf 89' lang='lat' dir='ltr'>Keilium</span> <span class='ocrx_word' id='word_1_137' title='bbox 1088 1289 1290 1329; x_wconf 90' lang='lat' dir='ltr'>adhibeat.</span> <span class='ocrx_word' id='word_1_138' title='bbox 1319 1310 1369 1316; x_wconf 93' lang='lat'>—</span> <span class='ocrx_word' id='word_1_139' title='bbox 1399 1290 1522 1329; x_wconf 82' lang='lat' dir='ltr'>Fictis</span> <span class='ocrx_word' id='word_1_140' title='bbox 1550 1303 1680 1330; x_wconf 87' lang='lat' dir='ltr'>exem-</span> 
     </span>
     <span class='ocr_line' id='line_1_18' title="bbox 141 1354 1683 1405; baseline 0.001 -12"><span class='ocrx_word' id='word_1_141' title='bbox 141 1355 218 1404; x_wconf 88' lang='lat' dir='ltr'>plis</span> <span class='ocrx_word' id='word_1_142' title='bbox 250 1355 403 1404; x_wconf 89' lang='lat' dir='ltr'>passim</span> <span class='ocrx_word' id='word_1_143' title='bbox 433 1366 551 1391; x_wconf 88' lang='lat' dir='ltr'>usum</span> <span class='ocrx_word' id='word_1_144' title='bbox 583 1366 670 1392; x_wconf 90' lang='lat' dir='ltr'>esse</span> <span class='ocrx_word' id='word_1_145' title='bbox 702 1354 912 1392; x_wconf 89' lang='lat' dir='ltr'>metricum</span> <span class='ocrx_word' id='word_1_146' title='bbox 944 1354 1211 1404; x_wconf 87' lang='lat' dir='ltr'>antiquiorem</span> <span class='ocrx_word' id='word_1_147' title='bbox 1243 1357 1481 1405; x_wconf 84' lang='lat' dir='ltr'>argumento</span> <span class='ocrx_word' id='word_1_148' title='bbox 1508 1358 1572 1395; x_wconf 87' lang='lat' dir='ltr'>est</span> <span class='ocrx_word' id='word_1_149' title='bbox 1595 1369 1683 1397; x_wconf 86' lang='lat' dir='ltr'>ver-</span> 
     </span>
     <span class='ocr_line' id='line_1_19' title="bbox 142 1419 1683 1475; baseline 0.002 -17"><span class='ocrx_word' id='word_1_150' title='bbox 142 1432 210 1475; x_wconf 86' lang='lat' dir='ltr'>sus</span> <span class='ocrx_word' id='word_1_151' title='bbox 238 1419 376 1458; x_wconf 87' lang='lat' dir='ltr'>eodem</span> <span class='ocrx_word' id='word_1_152' title='bbox 402 1420 488 1458; x_wconf 89' lang='grc'>1000</span> <span class='ocrx_word' id='word_1_153' title='bbox 515 1419 754 1469; x_wconf 86' lang='lat' dir='ltr'>adscriptus,</span> <span class='ocrx_word' id='word_1_154' title='bbox 782 1433 858 1469; x_wconf 91' lang='lat' dir='ltr'>quo</span> <span class='ocrx_word' id='word_1_155' title='bbox 884 1433 1004 1459; x_wconf 88' lang='lat' dir='ltr'>versu</span> <span class='ocrx_word' id='word_1_156' title='bbox 1030 1420 1227 1470; x_wconf 85' lang='lat' dir='ltr'>Didymus</span> <span class='ocrx_word' id='word_1_157' title='bbox 1253 1421 1542 1471; x_wconf 86' lang='lat' dir='ltr'>grammaticus</span> <span class='ocrx_word' id='word_1_158' title='bbox 1562 1421 1683 1461; x_wconf 86' lang='lat' dir='ltr'>idem-</span> 
     </span>
     <span class='ocr_line' id='line_1_20' title="bbox 142 1480 1684 1538; baseline 0.002 -14"><span class='ocrx_word' id='word_1_159' title='bbox 142 1499 218 1536; x_wconf 87' lang='lat' dir='ltr'>que</span> <span class='ocrx_word' id='word_1_160' title='bbox 250 1486 424 1534; x_wconf 80' lang='lat' dir='ltr'>musicae</span> <span class='ocrx_word' id='word_1_161' title='bbox 458 1485 557 1524; x_wconf 85' lang='lat' dir='ltr'>artis</span> <span class='ocrx_word' id='word_1_162' title='bbox 590 1480 929 1538; x_wconf 64' lang='lat' dir='ltr'>pe1*itissimus*),</span> <span class='ocrx_word' id='word_1_163' title='bbox 962 1486 1030 1535; x_wconf 89' lang='lat' dir='ltr'>qui</span> <span class='ocrx_word' id='word_1_164' title='bbox 1061 1486 1230 1526; x_wconf 90' lang='lat' dir='ltr'>Neronis</span> <span class='ocrx_word' id='word_1_165' title='bbox 1264 1487 1422 1526; x_wconf 88' lang='lat' dir='ltr'>saeculo</span> <span class='ocrx_word' id='word_1_166' title='bbox 1455 1487 1572 1538; x_wconf 85' lang='lat' dir='ltr'>vixit,</span> <span class='ocrx_word' id='word_1_167' title='bbox 1604 1501 1684 1527; x_wconf 86' lang='lat' dir='ltr'>me-</span> 
     </span>
     <span class='ocr_line' id='line_1_21' title="bbox 142 1553 340 1590; baseline -0.005 0"><span class='ocrx_word' id='word_1_168' title='bbox 142 1553 340 1590; x_wconf 85' lang='lat' dir='ltr'>moratur:</span> 
     </span>
     <span class='ocr_line' id='line_1_22' title="bbox 356 1614 1330 1676; baseline 0.003 -15"><span class='ocrx_word' id='word_1_169' title='bbox 356 1618 535 1674; x_wconf 81' lang='grc' dir='ltr'><strong><em>Δίδυμός</em></strong></span> <span class='ocrx_word' id='word_1_170' title='bbox 566 1618 666 1662; x_wconf 81' lang='grc' dir='ltr'><em>ποθ’</em></span> <span class='ocrx_word' id='word_1_171' title='bbox 702 1617 797 1674; x_wconf 78' lang='grc' dir='ltr'><em>ἡμῖν</em></span> <span class='ocrx_word' id='word_1_172' title='bbox 828 1614 1045 1676; x_wconf 75' lang='grc' dir='ltr'><em>περιτυχῶν</em></span> <span class='ocrx_word' id='word_1_173' title='bbox 1076 1619 1097 1663; x_wconf 82' lang='grc' dir='ltr'><em>ὃ</em></span> <span class='ocrx_word' id='word_1_174' title='bbox 1131 1618 1330 1675; x_wconf 81' lang='grc' dir='ltr'><em>μουσικός.</em></span> 
     </span>
     <span class='ocr_line' id='line_1_23' title="bbox 145 1706 1421 1758; baseline 0 -12"><span class='ocrx_word' id='word_1_175' title='bbox 145 1720 262 1758; x_wconf 91' lang='lat' dir='ltr'>quem</span> <span class='ocrx_word' id='word_1_176' title='bbox 294 1719 457 1746; x_wconf 86' lang='lat' dir='ltr'>versum</span> <span class='ocrx_word' id='word_1_177' title='bbox 490 1706 644 1745; x_wconf 90' lang='lat' dir='ltr'>Plotius</span> <span class='ocrx_word' id='word_1_178' title='bbox 676 1706 802 1745; x_wconf 88' lang='lat' dir='ltr'>latino</span> <span class='ocrx_word' id='word_1_179' title='bbox 836 1720 1017 1746; x_wconf 85' lang='lat' dir='ltr'>sermone</span> <span class='ocrx_word' id='word_1_180' title='bbox 1048 1708 1106 1746; x_wconf 88' lang='lat' dir='ltr'>ita</span> <span class='ocrx_word' id='word_1_181' title='bbox 1137 1708 1421 1748; x_wconf 84' lang='lat' dir='ltr'>conformavit:</span> 
     </span>
     <span class='ocr_line' id='line_1_24' title="bbox 358 1790 1277 1841; baseline 0.002 -13"><span class='ocrx_word' id='word_1_182' title='bbox 358 1790 555 1840; x_wconf 89' lang='lat' dir='ltr'>Didymus</span> <span class='ocrx_word' id='word_1_183' title='bbox 588 1803 726 1829; x_wconf 89' lang='lat' dir='ltr'>carens</span> <span class='ocrx_word' id='word_1_184' title='bbox 757 1791 908 1830; x_wconf 89' lang='lat' dir='ltr'>lumine</span> <span class='ocrx_word' id='word_1_185' title='bbox 939 1792 1059 1841; x_wconf 85' lang='lat' dir='ltr'>poeta</span> <span class='ocrx_word' id='word_1_186' title='bbox 1090 1792 1277 1831; x_wconf 88' lang='lat' dir='ltr'>musicae.</span> 
     </span>
    </p>
   </div>
   <div class='ocr_carea' id='block_1_4' title="bbox 145 1868 1684 2126">
    <p class='ocr_par' dir='ltr' id='par_1_4' title="bbox 146 1868 1683 1927">
     <span class='ocr_line' id='line_1_25' title="bbox 146 1868 1683 1927; baseline 0.003 -14"><span class='ocrx_word' id='word_1_187' title='bbox 146 1875 214 1926; x_wconf 90' lang='lat' dir='ltr'>qui</span> <span class='ocrx_word' id='word_1_188' title='bbox 240 1874 399 1925; x_wconf 88' lang='lat' dir='ltr'>quidem</span> <span class='ocrx_word' id='word_1_189' title='bbox 431 1886 511 1912; x_wconf 91' lang='lat' dir='ltr'>non</span> <span class='ocrx_word' id='word_1_190' title='bbox 537 1868 557 1913; x_wconf 85' lang='grc' dir='ltr'><strong><em>ὃ</em></strong></span> <span class='ocrx_word' id='word_1_191' title='bbox 584 1869 787 1924; x_wconf 80' lang='grc' dir='ltr'><em>μουσικός,</em></span> <span class='ocrx_word' id='word_1_192' title='bbox 821 1874 890 1913; x_wconf 85' lang='grc' dir='ltr'>0οᾶ</span> <span class='ocrx_word' id='word_1_193' title='bbox 916 1869 963 1914; x_wconf 81' lang='grc' dir='ltr'>οὖ</span> <span class='ocrx_word' id='word_1_194' title='bbox 991 1870 1178 1925; x_wconf 84' lang='grc' dir='ltr'><em>μουσικός</em></span> <span class='ocrx_word' id='word_1_195' title='bbox 1204 1869 1280 1914; x_wconf 84' lang='lat' dir='ltr'>sibi</span> <span class='ocrx_word' id='word_1_196' title='bbox 1306 1876 1414 1915; x_wconf 87' lang='lat' dir='ltr'>visus</span> <span class='ocrx_word' id='word_1_197' title='bbox 1436 1879 1497 1915; x_wconf 88' lang='lat' dir='ltr'>est</span> <span class='ocrx_word' id='word_1_198' title='bbox 1523 1877 1683 1927; x_wconf 87' lang='lat' dir='ltr'>legisse.</span> 
     </span>
    </p>

    <p class='ocr_par' dir='ltr' id='par_1_5' title="bbox 145 1937 1684 2126">
     <span class='ocr_line' id='line_1_26' title="bbox 264 1937 1684 1995; baseline 0.001 -16"><span class='ocrx_word' id='word_1_199' title='bbox 264 1939 468 1979; x_wconf 88' lang='lat' dir='ltr'>Diomedis</span> <span class='ocrx_word' id='word_1_200' title='bbox 500 1940 586 1978; x_wconf 91' lang='lat' dir='ltr'>loco</span> <span class='ocrx_word' id='word_1_201' title='bbox 612 1939 675 1978; x_wconf 94' lang='grc' dir='ltr'>ΙΙΙ</span> <span class='ocrx_word' id='word_1_202' title='bbox 707 1954 744 1990; x_wconf 90' lang='lat' dir='ltr'>p.</span> <span class='ocrx_word' id='word_1_203' title='bbox 766 1941 852 1979; x_wconf 85' lang='lat'>500</span> <span class='ocrx_word' id='word_1_204' title='bbox 885 1940 944 1979; x_wconf 90' lang='lat' dir='ltr'>ed.</span> <span class='ocrx_word' id='word_1_205' title='bbox 972 1940 1096 1980; x_wconf 84' lang='lat' dir='ltr'>Gaisf.</span> <span class='ocrx_word' id='word_1_206' title='bbox 1124 1937 1180 1991; x_wconf 90' lang='lat' dir='ltr'>(p.</span> <span class='ocrx_word' id='word_1_207' title='bbox 1201 1941 1286 1979; x_wconf 88' lang='lat'>515</span> <span class='ocrx_word' id='word_1_208' title='bbox 1309 1942 1368 1981; x_wconf 91' lang='lat' dir='ltr'>ed.</span> <span class='ocrx_word' id='word_1_209' title='bbox 1388 1937 1520 1995; x_wconf 82' lang='lat' dir='ltr'>Keil):</span> <span class='ocrx_word' id='word_1_210' title='bbox 1552 1943 1684 1981; x_wconf 91' lang='lat' dir='ltr'>Dime-</span> 
     </span>
     <span class='ocr_line' id='line_1_27' title="bbox 145 1998 1684 2056; baseline 0.001 -10"><span class='ocrx_word' id='word_1_211' title='bbox 145 2009 254 2046; x_wconf 89' lang='lat' dir='ltr'>trum</span> <span class='ocrx_word' id='word_1_212' title='bbox 287 2018 446 2056; x_wconf 87' lang='lat' dir='ltr'>quoque</span> <span class='ocrx_word' id='word_1_213' title='bbox 478 2005 584 2055; x_wconf 88' lang='lat' dir='ltr'>quod</span> <span class='ocrx_word' id='word_1_214' title='bbox 616 2007 687 2053; x_wconf 32' lang='lat' dir='ltr'>est.</span> <span class='ocrx_word' id='word_1_215' title='bbox 710 2018 757 2044; x_wconf 86' lang='lat' dir='ltr'>ex</span> <span class='ocrx_word' id='word_1_216' title='bbox 790 2006 995 2056; x_wconf 87' lang='lat' dir='ltr'>superiore</span> <span class='ocrx_word' id='word_1_217' title='bbox 1026 1998 1142 2056; x_wconf 75' lang='lat' dir='ltr'>parte</span> <span class='ocrx_word' id='word_1_218' title='bbox 1174 2007 1396 2045; x_wconf 85' lang='lat' dir='ltr'>hexametri</span> <span class='ocrx_word' id='word_1_219' title='bbox 1421 2007 1684 2047; x_wconf 85' lang='lat' dir='ltr'>Archilochus</span> 
     </span>
     <span class='ocr_line' id='line_1_28' title="bbox 147 2067 1379 2126; baseline 0 -15"><span class='ocrx_word' id='word_1_220' title='bbox 147 2068 250 2126; x_wconf 86' lang='lat' dir='ltr'>(cod.</span> <span class='ocrx_word' id='word_1_221' title='bbox 283 2067 602 2124; x_wconf 81' lang='lat' dir='ltr'>Archilochium)</span> <span class='ocrx_word' id='word_1_222' title='bbox 637 2085 715 2110; x_wconf 83' lang='lat' dir='ltr'>una</span> <span class='ocrx_word' id='word_1_223' title='bbox 747 2072 905 2122; x_wconf 89' lang='lat' dir='ltr'>syllaba</span> <span class='ocrx_word' id='word_1_224' title='bbox 937 2073 1049 2110; x_wconf 86' lang='lat' dir='ltr'>auxit</span> <span class='ocrx_word' id='word_1_225' title='bbox 1081 2074 1121 2111; x_wconf 88' lang='lat' dir='ltr'>et</span> <span class='ocrx_word' id='word_1_226' title='bbox 1152 2071 1248 2111; x_wconf 86' lang='lat' dir='ltr'>fecit</span> <span class='ocrx_word' id='word_1_227' title='bbox 1279 2073 1379 2111; x_wconf 88' lang='lat' dir='ltr'>tale:</span> 
     </span>
    </p>
   </div>
   <div class='ocr_carea' id='block_1_5' title="bbox 361 2153 838 2205">
    <p class='ocr_par' dir='ltr' id='par_1_6' title="bbox 361 2153 838 2205">
     <span class='ocr_line' id='line_1_29' title="bbox 361 2153 838 2205; baseline 0.006 -13"><span class='ocrx_word' id='word_1_228' title='bbox 361 2154 462 2193; x_wconf 89' lang='lat' dir='ltr'>Vult</span> <span class='ocrx_word' id='word_1_229' title='bbox 494 2154 569 2193; x_wconf 89' lang='lat' dir='ltr'>tibi</span> <span class='ocrx_word' id='word_1_230' title='bbox 602 2153 838 2205; x_wconf 83' lang='lat' dir='ltr'>Timocles.“</span> 
     </span>
    </p>
   </div>
   <div class='ocr_carea' id='block_1_6' title="bbox 146 2251 1685 2373">
    <p class='ocr_par' dir='ltr' id='par_1_7' title="bbox 146 2251 1685 2373">
     <span class='ocr_line' id='line_1_30' title="bbox 146 2251 1685 2301; baseline 0.001 -11"><span class='ocrx_word' id='word_1_231' title='bbox 146 2252 319 2290; x_wconf 83' lang='lat' dir='ltr'>fortasse</span> <span class='ocrx_word' id='word_1_232' title='bbox 352 2251 497 2300; x_wconf 90' lang='lat' dir='ltr'>aliquis</span> <span class='ocrx_word' id='word_1_233' title='bbox 531 2252 756 2301; x_wconf 90' lang='lat' dir='ltr'>suspicetur</span> <span class='ocrx_word' id='word_1_234' title='bbox 788 2251 1020 2291; x_wconf 86' lang='lat' dir='ltr'>Archilochi</span> <span class='ocrx_word' id='word_1_235' title='bbox 1044 2252 1286 2291; x_wconf 87' lang='lat' dir='ltr'>versiculum</span> <span class='ocrx_word' id='word_1_236' title='bbox 1312 2252 1560 2292; x_wconf 88' lang='lat' dir='ltr'>delitescere:</span> <span class='ocrx_word' id='word_1_237' title='bbox 1591 2266 1685 2291; x_wconf 90' lang='lat' dir='ltr'>nam</span> 
     </span>
     <span class='ocr_line' id='line_1_31' title="bbox 147 2318 1683 2373; baseline -0.001 -16"><span class='ocrx_word' id='word_1_238' title='bbox 147 2319 316 2357; x_wconf 90' lang='lat' dir='ltr'>latinum</span> <span class='ocrx_word' id='word_1_239' title='bbox 355 2318 429 2356; x_wconf 87' lang='lat' dir='ltr'>hoc</span> <span class='ocrx_word' id='word_1_240' title='bbox 471 2318 696 2367; x_wconf 83' lang='lat' dir='ltr'>exemplum</span> <span class='ocrx_word' id='word_1_241' title='bbox 738 2331 819 2356; x_wconf 91' lang='lat' dir='ltr'>non</span> <span class='ocrx_word' id='word_1_242' title='bbox 851 2318 948 2357; x_wconf 85' lang='lat' dir='ltr'>satis</span> <span class='ocrx_word' id='word_1_243' title='bbox 988 2318 1256 2373; x_wconf 30' lang='lat' dir='ltr'>commoldum3</span> <span class='ocrx_word' id='word_1_244' title='bbox 1294 2318 1530 2357; x_wconf 87' lang='lat' dir='ltr'>conveniens</span> <span class='ocrx_word' id='word_1_245' title='bbox 1561 2318 1683 2357; x_wconf 89' lang='lat' dir='ltr'>foret:</span> 
     </span>
    </p>
   </div>
   <div class='ocr_carea' id='block_1_7' title="bbox 331 2409 744 2464">
    <p class='ocr_par' dir='ltr' id='par_1_8' title="bbox 331 2409 744 2464">
     <span class='ocr_line' id='line_1_32' title="bbox 331 2409 744 2464; baseline 0.005 -13"><span class='ocrx_word' id='word_1_246' title='bbox 331 2419 334 2422; x_wconf 76' lang='grc'><strong><em>’</em></strong></span> <span class='ocrx_word' id='word_1_247' title='bbox 351 2409 487 2452; x_wconf 65' lang='lat' dir='ltr'>&#39;wem</span> <span class='ocrx_word' id='word_1_248' title='bbox 522 2410 744 2464; x_wconf 84' lang='grc' dir='ltr'><em>Τιμοκλέης.</em></span> 
     </span>
    </p>
   </div>
   <div class='ocr_carea' id='block_1_8' title="bbox 148 2496 1685 2547">
    <p class='ocr_par' dir='ltr' id='par_1_9' title="bbox 148 2496 1685 2547">
     <span class='ocr_line' id='line_1_33' title="bbox 148 2496 1685 2547; baseline -0.001 -10"><span class='ocrx_word' id='word_1_249' title='bbox 148 2511 288 2537; x_wconf 85' lang='lat' dir='ltr'>verum</span> <span class='ocrx_word' id='word_1_250' title='bbox 309 2496 520 2536; x_wconf 89' lang='lat' dir='ltr'>Diomedes</span> <span class='ocrx_word' id='word_1_251' title='bbox 547 2496 682 2535; x_wconf 87' lang='lat' dir='ltr'>latinis</span> <span class='ocrx_word' id='word_1_252' title='bbox 708 2497 867 2547; x_wconf 90' lang='lat' dir='ltr'>ubique,</span> <span class='ocrx_word' id='word_1_253' title='bbox 894 2509 1022 2547; x_wconf 87' lang='lat' dir='ltr'>neque</span> <span class='ocrx_word' id='word_1_254' title='bbox 1042 2509 1136 2536; x_wconf 89' lang='lat' dir='ltr'>vero</span> <span class='ocrx_word' id='word_1_255' title='bbox 1156 2497 1312 2547; x_wconf 85' lang='lat' dir='ltr'>graecis</span> <span class='ocrx_word' id='word_1_256' title='bbox 1333 2497 1524 2547; x_wconf 82' lang='lat' dir='ltr'>exemplis</span> <span class='ocrx_word' id='word_1_257' title='bbox 1543 2497 1685 2536; x_wconf 86' lang='lat' dir='ltr'>utitur.</span> 
     </span>
    </p>
   </div>
   <div class='ocr_carea' id='block_1_9' title="bbox 150 2645 1686 2891">
    <p class='ocr_par' dir='ltr' id='par_1_10' title="bbox 150 2645 1686 2883">
     <span class='ocr_line' id='line_1_34' title="bbox 245 2645 1686 2701; baseline -0.001 -19"><span class='ocrx_word' id='word_1_258' title='bbox 245 2648 278 2692; x_wconf 64' lang='lat'>²¹³)</span> <span class='ocrx_word' id='word_1_259' title='bbox 311 2647 510 2701; x_wconf 86' lang='lat' dir='ltr'>Didymus,</span> <span class='ocrx_word' id='word_1_260' title='bbox 544 2647 747 2682; x_wconf 88' lang='lat' dir='ltr'>secundum</span> <span class='ocrx_word' id='word_1_261' title='bbox 781 2646 933 2682; x_wconf 88' lang='lat' dir='ltr'>Suidam</span> <span class='ocrx_word' id='word_1_262' title='bbox 965 2646 1188 2682; x_wconf 82' lang='lat' dir='ltr'>Heraclidae</span> <span class='ocrx_word' id='word_1_263' title='bbox 1220 2645 1335 2690; x_wconf 89' lang='lat' dir='ltr'>filius,</span> <span class='ocrx_word' id='word_1_264' title='bbox 1374 2645 1521 2681; x_wconf 84' lang='lat' dir='ltr'>Pontici</span> <span class='ocrx_word' id='word_1_265' title='bbox 1554 2645 1686 2691; x_wconf 81' lang='lat' dir='ltr'>opinor</span> 
     </span>
     <span class='ocr_line' id='line_1_35' title="bbox 150 2692 1686 2740; baseline -0.001 -10"><span class='ocrx_word' id='word_1_266' title='bbox 150 2694 317 2739; x_wconf 88' lang='lat' dir='ltr'>iunioris,</span> <span class='ocrx_word' id='word_1_267' title='bbox 338 2695 402 2740; x_wconf 87' lang='lat' dir='ltr'>qui</span> <span class='ocrx_word' id='word_1_268' title='bbox 422 2694 698 2730; x_wconf 85' lang='lat' dir='ltr'>tenebricosum</span> <span class='ocrx_word' id='word_1_269' title='bbox 719 2706 852 2740; x_wconf 86' lang='lat' dir='ltr'>poema</span> <span class='ocrx_word' id='word_1_270' title='bbox 870 2693 1015 2740; x_wconf 82' lang='grc' dir='ltr'><strong><em>Λέσχας</em></strong></span> <span class='ocrx_word' id='word_1_271' title='bbox 1040 2693 1260 2736; x_wconf 84' lang='lat' dir='ltr'>elaboravit,</span> <span class='ocrx_word' id='word_1_272' title='bbox 1280 2693 1417 2739; x_wconf 86' lang='lat' dir='ltr'>quique</span> <span class='ocrx_word' id='word_1_273' title='bbox 1437 2693 1515 2729; x_wconf 82' lang='lat' dir='ltr'>filio</span> <span class='ocrx_word' id='word_1_274' title='bbox 1534 2692 1686 2738; x_wconf 85' lang='lat' dir='ltr'>Didymi</span> 
     </span>
     <span class='ocr_line' id='line_1_36' title="bbox 153 2722 1684 2798; baseline -0.002 -20"><span class='ocrx_word' id='word_1_275' title='bbox 153 2754 288 2779; x_wconf 91' lang='lat' dir='ltr'>nomen</span> <span class='ocrx_word' id='word_1_276' title='bbox 309 2724 452 2777; x_wconf 90' lang='lat' dir='ltr'>indidit</span> <span class='ocrx_word' id='word_1_277' title='bbox 476 2742 515 2777; x_wconf 90' lang='lat' dir='ltr'>in</span> <span class='ocrx_word' id='word_1_278' title='bbox 541 2741 721 2777; x_wconf 90' lang='lat' dir='ltr'>honorem</span> <span class='ocrx_word' id='word_1_279' title='bbox 748 2742 840 2778; x_wconf 86' lang='lat' dir='ltr'>clari</span> <span class='ocrx_word' id='word_1_280' title='bbox 866 2742 1120 2787; x_wconf 79' lang='lat' dir='ltr'>grammatici,</span> <span class='ocrx_word' id='word_1_281' title='bbox 1150 2740 1183 2776; x_wconf 86' lang='lat' dir='ltr'>is</span> <span class='ocrx_word' id='word_1_282' title='bbox 1208 2722 1325 2787; x_wconf 81' lang='lat' dir='ltr'>igitur</span> <span class='ocrx_word' id='word_1_283' title='bbox 1349 2740 1530 2796; x_wconf 82' lang='lat' dir='ltr'>Didymus</span> <span class='ocrx_word' id='word_1_284' title='bbox 1562 2752 1684 2798; x_wconf 88' lang='lat' dir='ltr'>gram-</span> 
     </span>
     <span class='ocr_line' id='line_1_37' title="bbox 152 2785 1685 2846; baseline -0.001 -21"><span class='ocrx_word' id='word_1_285' title='bbox 152 2791 331 2826; x_wconf 83' lang='lat' dir='ltr'>maticam</span> <span class='ocrx_word' id='word_1_286' title='bbox 356 2790 542 2836; x_wconf 87' lang='lat' dir='ltr'>professus</span> <span class='ocrx_word' id='word_1_287' title='bbox 568 2790 605 2824; x_wconf 87' lang='lat' dir='ltr'>et</span> <span class='ocrx_word' id='word_1_288' title='bbox 630 2801 700 2825; x_wconf 83' lang='lat' dir='ltr'>sec.</span> <span class='ocrx_word' id='word_1_289' title='bbox 729 2790 878 2825; x_wconf 84' lang='lat' dir='ltr'>Suidam</span> <span class='ocrx_word' id='word_1_290' title='bbox 906 2789 1085 2836; x_wconf 80' lang='grc' dir='ltr'><em>μουσικὸς</em></span> <span class='ocrx_word' id='word_1_291' title='bbox 1116 2790 1199 2824; x_wconf 87' lang='grc' dir='ltr'><em>λίαν</em></span> <span class='ocrx_word' id='word_1_292' title='bbox 1225 2788 1290 2824; x_wconf 80' lang='grc' dir='ltr'>καὶ</span> <span class='ocrx_word' id='word_1_293' title='bbox 1315 2786 1408 2834; x_wconf 84' lang='grc' dir='ltr'><strong><em>πρὸς</em></strong></span> <span class='ocrx_word' id='word_1_294' title='bbox 1439 2788 1530 2846; x_wconf 87' lang='grc' dir='ltr'><em>μέλη</em></span> <span class='ocrx_word' id='word_1_295' title='bbox 1559 2785 1685 2845; x_wconf 83' lang='grc' dir='ltr'><em>ἐπιτή-</em></span> 
     </span>
     <span class='ocr_line' id='line_1_38' title="bbox 153 2833 1685 2891; baseline -0.001 -18"><span class='ocrx_word' id='word_1_296' title='bbox 153 2839 272 2891; x_wconf 49' lang='grc' dir='ltr'>ὃεξος,</span> <span class='ocrx_word' id='word_1_297' title='bbox 305 2838 463 2874; x_wconf 82' lang='lat' dir='ltr'>fmtasse</span> <span class='ocrx_word' id='word_1_298' title='bbox 489 2837 631 2872; x_wconf 86' lang='lat' dir='ltr'>Neroni</span> <span class='ocrx_word' id='word_1_299' title='bbox 656 2849 679 2873; x_wconf 86' lang='lat' dir='ltr'>a</span> <span class='ocrx_word' id='word_1_300' title='bbox 711 2837 843 2873; x_wconf 83' lang='lat' dir='ltr'>studiis</span> <span class='ocrx_word' id='word_1_301' title='bbox 869 2837 958 2881; x_wconf 73' lang='lat' dir='ltr'>fuit,</span> <span class='ocrx_word' id='word_1_302' title='bbox 985 2836 1205 2883; x_wconf 83' lang='lat' dir='ltr'>scripsitque</span> <span class='ocrx_word' id='word_1_303' title='bbox 1230 2836 1316 2881; x_wconf 83' lang='grc' dir='ltr'><em>περὶ</em></span> <span class='ocrx_word' id='word_1_304' title='bbox 1341 2837 1415 2871; x_wconf 83' lang='grc' dir='ltr'>τῶν</span> <span class='ocrx_word' id='word_1_305' title='bbox 1442 2833 1685 2882; x_wconf 84' lang='grc' dir='ltr'><em>ὁμοιοτήτων,</em></span> 
     </span>
    </p>
   </div>
   <div class='ocr_carea' id='block_1_10' title="bbox 140 2883 1684 2968">
    <p class='ocr_par' dir='ltr' id='par_1_11' title="bbox 140 2883 1684 2968">
     <span class='ocr_line' id='line_1_39' title="bbox 140 2883 1684 2931; baseline 0 -12"><span class='ocrx_word' id='word_1_306' title='bbox 140 2885 257 2920; x_wconf 77' lang='lat' dir='ltr'>-cuius</span> <span class='ocrx_word' id='word_1_307' title='bbox 284 2884 407 2931; x_wconf 87' lang='lat' dir='ltr'>operis</span> <span class='ocrx_word' id='word_1_308' title='bbox 433 2884 496 2922; x_wconf 92' lang='lat' dir='ltr'>lib.</span> <span class='ocrx_word' id='word_1_309' title='bbox 524 2884 541 2918; x_wconf 93' lang='grc' dir='ltr'>Ι</span> <span class='ocrx_word' id='word_1_310' title='bbox 567 2884 724 2921; x_wconf 80' lang='lat' dir='ltr'>adhibet</span> <span class='ocrx_word' id='word_1_311' title='bbox 750 2885 975 2931; x_wconf 88' lang='lat' dir='ltr'>Porphyrius</span> <span class='ocrx_word' id='word_1_312' title='bbox 1001 2885 1041 2920; x_wconf 90' lang='lat' dir='ltr'>in</span> <span class='ocrx_word' id='word_1_313' title='bbox 1067 2885 1264 2921; x_wconf 83' lang='lat' dir='ltr'>comment.</span> <span class='ocrx_word' id='word_1_314' title='bbox 1292 2883 1331 2918; x_wconf 91' lang='lat' dir='ltr'>in</span> <span class='ocrx_word' id='word_1_315' title='bbox 1357 2883 1566 2919; x_wconf 87' lang='lat' dir='ltr'>Ptolemaei</span> <span class='ocrx_word' id='word_1_316' title='bbox 1592 2884 1684 2919; x_wconf 86' lang='lat' dir='ltr'>Har-</span> 
     </span>
     <span class='ocr_line' id='line_1_40' title="bbox 152 2933 310 2968; baseline 0.006 -1"><span class='ocrx_word' id='word_1_317' title='bbox 152 2933 310 2968; x_wconf 74' lang='lat' dir='ltr'>monica.</span> 
     </span>
    </p>
   </div>
  </div>
 </body>
</html>
