<?xml version="1.0" encoding="UTF-8"?>
<!DOCTYPE html PUBLIC "-//W3C//DTD XHTML 1.0 Transitional//EN"
    "http://www.w3.org/TR/xhtml1/DTD/xhtml1-transitional.dtd">
<html xmlns="http://www.w3.org/1999/xhtml" xml:lang="en" lang="en">
 <head>
  <title>
</title>
<meta http-equiv="Content-Type" content="text/html;charset=utf-8" />
  <meta name='ocr-system' content='tesseract 3.04.00' />
  <meta name='ocr-capabilities' content='ocr_page ocr_carea ocr_par ocr_line ocrx_word'/>
</head>
<body>
  <div class='ocr_page' id='page_1' title='image "./poetaelyricigrae02berguoft_0504.png"; bbox 0 0 1890 3216; ppageno 0'>
   <div class='ocr_carea' id='block_1_1' title="bbox 203 141 1148 184">
    <p class='ocr_par' dir='ltr' id='par_1_1' title="bbox 203 141 1148 184">
     <span class='ocr_line' id='line_1_1' title="bbox 203 141 1148 184; baseline -0.006 0"><span class='ocrx_word' id='word_1_1' title='bbox 203 142 292 184; x_wconf 87' lang='grc'><strong><em>494</em></strong></span> <span class='ocrx_word' id='word_1_2' title='bbox 797 141 1148 179; x_wconf 84' lang='lat' dir='ltr'>IAMBOGRAPI-II.</span> 
     </span>
    </p>
   </div>
   <div class='ocr_carea' id='block_1_2' title="bbox 840 250 1107 304">
    <p class='ocr_par' dir='ltr' id='par_1_2' title="bbox 840 250 1107 304">
     <span class='ocr_line' id='line_1_2' title="bbox 840 250 1107 304; baseline 0 -12"><span class='ocrx_word' id='word_1_3' title='bbox 840 250 1107 304; x_wconf 65' lang='lat' dir='ltr'>105.[1lo]</span> 
     </span>
    </p>
   </div>
   <div class='ocr_carea' id='block_1_3' title="bbox 199 333 1740 454">
    <p class='ocr_par' dir='ltr' id='par_1_3' title="bbox 199 333 1740 454">
     <span class='ocr_line' id='line_1_3' title="bbox 324 333 1740 392; baseline 0.003 -16"><span class='ocrx_word' id='word_1_4' title='bbox 324 338 539 388; x_wconf 79' lang='lat' dir='ltr'>Phrynich.</span> <span class='ocrx_word' id='word_1_5' title='bbox 571 337 695 375; x_wconf 88' lang='lat' dir='ltr'>Bekk.</span> <span class='ocrx_word' id='word_1_6' title='bbox 728 337 803 375; x_wconf 91' lang='lat' dir='ltr'><strong><em>An.</em></strong></span> <span class='ocrx_word' id='word_1_7' title='bbox 830 336 850 374; x_wconf 93' lang='lat' dir='ltr'>I</span> <span class='ocrx_word' id='word_1_8' title='bbox 879 333 1298 390; x_wconf 67' lang='lat' dir='ltr'><strong><em>17,.22:&#39;&#39;A‹5ss02.09</em></strong></span> <span class='ocrx_word' id='word_1_9' title='bbox 1327 341 1516 390; x_wconf 81' lang='grc' dir='ltr'><strong><em>θηλυκῶς</em></strong></span> <span class='ocrx_word' id='word_1_10' title='bbox 1547 337 1740 392; x_wconf 76' lang='grc' dir='ltr'><strong><em>λέγουσιν,</em></strong></span> 
     </span>
     <span class='ocr_line' id='line_1_4' title="bbox 199 399 1019 454; baseline -0.002 -11"><span class='ocrx_word' id='word_1_11' title='bbox 199 400 399 451; x_wconf 78' lang='grc' dir='ltr'><strong><em>Ἱππῶναξ</em></strong></span> <span class='ocrx_word' id='word_1_12' title='bbox 431 399 468 442; x_wconf 82' lang='grc' dir='ltr'><strong><em>δ’</em></strong></span> <span class='ocrx_word' id='word_1_13' title='bbox 503 399 727 454; x_wconf 75' lang='grc' dir='ltr'><strong><em>ἀρσενικῶς.</em></strong></span> <span class='ocrx_word' id='word_1_14' title='bbox 1016 426 1019 430; x_wconf 42' lang='grc' dir='ltr'><strong><em>ν</em></strong></span> 
     </span>
    </p>
   </div>
   <div class='ocr_carea' id='block_1_4' title="bbox 857 489 1090 543">
    <p class='ocr_par' dir='ltr' id='par_1_4' title="bbox 857 489 1090 543">
     <span class='ocr_line' id='line_1_5' title="bbox 857 489 1090 543; baseline 0.004 -12"><span class='ocrx_word' id='word_1_15' title='bbox 857 489 1090 543; x_wconf 68' lang='lat'>106.[98]</span> 
     </span>
    </p>
   </div>
   <div class='ocr_carea' id='block_1_5' title="bbox 203 561 1744 956">
    <p class='ocr_par' dir='ltr' id='par_1_5' title="bbox 203 561 1744 956">
     <span class='ocr_line' id='line_1_6' title="bbox 323 561 1742 634; baseline 0.003 -20"><span class='ocrx_word' id='word_1_16' title='bbox 323 577 387 615; x_wconf 86' lang='lat' dir='ltr'><strong><em>Et.</em></strong></span> <span class='ocrx_word' id='word_1_17' title='bbox 414 576 465 615; x_wconf 90' lang='lat' dir='ltr'><strong><em>M.</em></strong></span> <span class='ocrx_word' id='word_1_18' title='bbox 497 577 593 625; x_wconf 91' lang='lat'>188,</span> <span class='ocrx_word' id='word_1_19' title='bbox 615 577 659 614; x_wconf 90' lang='lat'><strong><em>8:</em></strong></span> <span class='ocrx_word' id='word_1_20' title='bbox 691 571 959 628; x_wconf 77' lang='grc' dir='ltr'><strong><em>Βάραγχος·</em></strong></span> <span class='ocrx_word' id='word_1_21' title='bbox 986 570 1185 625; x_wconf 80' lang='grc' dir='ltr'><em>Ἱππῶναξ</em></span> <span class='ocrx_word' id='word_1_22' title='bbox 1217 573 1379 629; x_wconf 77' lang='grc' dir='ltr'><strong><em>μάλιστα</em></strong></span> <span class='ocrx_word' id='word_1_23' title='bbox 1410 561 1641 634; x_wconf 77' lang='grc' dir='ltr'><strong><em>πλεονασμῷ</em></strong></span> <span class='ocrx_word' id='word_1_24' title='bbox 1671 579 1742 618; x_wconf 80' lang='grc' dir='ltr'><strong><em>τοῦ</em></strong></span> 
     </span>
     <span class='ocr_line' id='line_1_7' title="bbox 204 636 1739 698; baseline 0.002 -17"><span class='ocrx_word' id='word_1_25' title='bbox 204 638 328 692; x_wconf 69' lang='grc' dir='ltr'><strong><em>ἄλφα·</em></strong></span> <span class='ocrx_word' id='word_1_26' title='bbox 362 641 402 680; x_wconf 86' lang='grc' dir='ltr'><strong><em>οἷ</em></strong></span> <span class='ocrx_word' id='word_1_27' title='bbox 429 636 503 693; x_wconf 77' lang='grc' dir='ltr'><strong><em>γὰρ</em></strong></span> <span class='ocrx_word' id='word_1_28' title='bbox 529 637 638 680; x_wconf 73' lang='grc' dir='ltr'><strong><em>ἄλλοι</em></strong></span> <span class='ocrx_word' id='word_1_29' title='bbox 669 636 858 693; x_wconf 75' lang='grc' dir='ltr'><em>βράγχος·</em></span> <span class='ocrx_word' id='word_1_30' title='bbox 890 642 956 679; x_wconf 86' lang='grc' dir='ltr'><strong><em>καὶ</em></strong></span> <span class='ocrx_word' id='word_1_31' title='bbox 981 641 1201 695; x_wconf 77' lang='grc' dir='ltr'><strong><em>βαραγχιᾶν</em></strong></span> <span class='ocrx_word' id='word_1_32' title='bbox 1227 639 1313 682; x_wconf 75' lang='grc' dir='ltr'><strong><em>ἀντὶ</em></strong></span> <span class='ocrx_word' id='word_1_33' title='bbox 1337 646 1406 683; x_wconf 85' lang='grc' dir='ltr'><strong><em>τοῦ</em></strong></span> <span class='ocrx_word' id='word_1_34' title='bbox 1432 645 1624 698; x_wconf 82' lang='grc' dir='ltr'><strong><em>βραγχιᾶν</em></strong></span> <span class='ocrx_word' id='word_1_35' title='bbox 1648 647 1739 684; x_wconf 84' lang='grc' dir='ltr'><strong><em>πολ-</em></strong></span> 
     </span>
     <span class='ocr_line' id='line_1_8' title="bbox 203 701 1738 759; baseline 0.003 -13"><span class='ocrx_word' id='word_1_36' title='bbox 203 703 312 754; x_wconf 73' lang='grc' dir='ltr'><strong><em>λάκις</em></strong></span> <span class='ocrx_word' id='word_1_37' title='bbox 343 705 422 745; x_wconf 74' lang='grc' dir='ltr'><strong><em>ἐστὶ</em></strong></span> <span class='ocrx_word' id='word_1_38' title='bbox 452 701 559 757; x_wconf 77' lang='grc' dir='ltr'><strong><em>παρὰ</em></strong></span> <span class='ocrx_word' id='word_1_39' title='bbox 586 702 783 754; x_wconf 81' lang='grc' dir='ltr'><strong><em>Ἀττικοῖς.</em></strong></span> <span class='ocrx_word' id='word_1_40' title='bbox 809 702 1068 759; x_wconf 86' lang='grc' dir='ltr'><strong><em>Ἡρωδιανός.</em></strong></span> <span class='ocrx_word' id='word_1_41' title='bbox 1131 708 1262 747; x_wconf 87' lang='lat' dir='ltr'>Miller</span> <span class='ocrx_word' id='word_1_42' title='bbox 1294 710 1404 749; x_wconf 82' lang='lat' dir='ltr'>Misc.</span> <span class='ocrx_word' id='word_1_43' title='bbox 1439 712 1511 749; x_wconf 89' lang='lat'><strong><em>61:</em></strong></span> <span class='ocrx_word' id='word_1_44' title='bbox 1537 705 1738 759; x_wconf 80' lang='grc' dir='ltr'><strong><em>Ἱππῶναξ</em></strong></span> 
     </span>
     <span class='ocr_line' id='line_1_9' title="bbox 204 767 1742 830; baseline 0.002 -18"><span class='ocrx_word' id='word_1_45' title='bbox 204 769 385 825; x_wconf 77' lang='grc' dir='ltr'><strong><em>μάλιστα·</em></strong></span> <span class='ocrx_word' id='word_1_46' title='bbox 430 771 471 811; x_wconf 84' lang='grc' dir='ltr'><strong><em>οἷ</em></strong></span> <span class='ocrx_word' id='word_1_47' title='bbox 504 767 578 824; x_wconf 79' lang='grc' dir='ltr'><strong><em>γὰρ</em></strong></span> <span class='ocrx_word' id='word_1_48' title='bbox 616 768 726 812; x_wconf 72' lang='grc' dir='ltr'><strong><em>ἄλλοι</em></strong></span> <span class='ocrx_word' id='word_1_49' title='bbox 766 769 956 825; x_wconf 75' lang='grc' dir='ltr'><em>βράγχος·</em></span> <span class='ocrx_word' id='word_1_50' title='bbox 1000 768 1199 821; x_wconf 80' lang='grc' dir='ltr'><strong><em>Ἱππῶναξ</em></strong></span> <span class='ocrx_word' id='word_1_51' title='bbox 1238 771 1281 813; x_wconf 84' lang='grc' dir='ltr'><strong><em>δὲ</em></strong></span> <span class='ocrx_word' id='word_1_52' title='bbox 1318 777 1550 830; x_wconf 82' lang='grc' dir='ltr'><strong><em>πλεονασμῷ</em></strong></span> <span class='ocrx_word' id='word_1_53' title='bbox 1586 777 1656 816; x_wconf 80' lang='grc' dir='ltr'><strong><em>τοῦ</em></strong></span> <span class='ocrx_word' id='word_1_54' title='bbox 1694 777 1742 815; x_wconf 79' lang='grc' dir='ltr'><strong><em>ἆ·</em></strong></span> 
     </span>
     <span class='ocr_line' id='line_1_10' title="bbox 207 832 1740 894; baseline 0.001 -16"><span class='ocrx_word' id='word_1_55' title='bbox 207 834 332 885; x_wconf 67' lang='grc' dir='ltr'><strong><em>οὕτως</em></strong></span> <span class='ocrx_word' id='word_1_56' title='bbox 351 832 600 890; x_wconf 75' lang='grc' dir='ltr'><strong><em>Ἡρωδιανὸς</em></strong></span> <span class='ocrx_word' id='word_1_57' title='bbox 632 835 675 876; x_wconf 83' lang='grc' dir='ltr'><strong><em>ἐν</em></strong></span> <span class='ocrx_word' id='word_1_58' title='bbox 705 839 757 894; x_wconf 80' lang='grc' dir='ltr'><strong><em>τῷ</em></strong></span> <span class='ocrx_word' id='word_1_59' title='bbox 789 836 875 890; x_wconf 81' lang='grc' dir='ltr'><strong><em>περὶ</em></strong></span> <span class='ocrx_word' id='word_1_60' title='bbox 901 839 1059 877; x_wconf 90' lang='grc' dir='ltr'><strong><em>παθῶν.</em></strong></span> <span class='ocrx_word' id='word_1_61' title='bbox 1107 837 1280 878; x_wconf 87' lang='lat' dir='ltr'>Videtur</span> <span class='ocrx_word' id='word_1_62' title='bbox 1306 839 1568 890; x_wconf 76' lang='lat' dir='ltr'>Hipponactis</span> <span class='ocrx_word' id='word_1_63' title='bbox 1599 853 1740 881; x_wconf 79' lang='lat' dir='ltr'>versus</span> 
     </span>
     <span class='ocr_line' id='line_1_11' title="bbox 208 901 1744 956; baseline 0.002 -14"><span class='ocrx_word' id='word_1_64' title='bbox 208 903 419 953; x_wconf 80' lang='lat' dir='ltr'>excidisse,</span> <span class='ocrx_word' id='word_1_65' title='bbox 458 903 569 950; x_wconf 72' lang='lat' dir='ltr'>cuius</span> <span class='ocrx_word' id='word_1_66' title='bbox 608 903 768 943; x_wconf 89' lang='lat' dir='ltr'>initium</span> <span class='ocrx_word' id='word_1_67' title='bbox 800 905 877 943; x_wconf 90' lang='lat' dir='ltr'>fuit</span> <span class='ocrx_word' id='word_1_68' title='bbox 909 901 1117 956; x_wconf 77' lang='grc' dir='ltr'><strong><em>μάλιστα.</em></strong></span> <span class='ocrx_word' id='word_1_69' title='bbox 1181 903 1295 949; x_wconf 83' lang='lat' dir='ltr'>Quod</span> <span class='ocrx_word' id='word_1_70' title='bbox 1326 906 1614 956; x_wconf 81' lang='lat' dir='ltr'>grammaticus</span> <span class='ocrx_word' id='word_1_71' title='bbox 1647 905 1744 945; x_wconf 88' lang='lat' dir='ltr'>dicit</span> 
     </span>
    </p>
   </div>
   <div class='ocr_carea' id='block_1_6' title="bbox 204 969 1743 1076">
    <p class='ocr_par' dir='ltr' id='par_1_6' title="bbox 204 969 1743 1076">
     <span class='ocr_line' id='line_1_12' title="bbox 204 969 1743 1023; baseline 0.001 -15"><span class='ocrx_word' id='word_1_72' title='bbox 204 971 394 1020; x_wconf 83' lang='lat' dir='ltr'><strong>frequens</strong></span> <span class='ocrx_word' id='word_1_73' title='bbox 417 969 564 1008; x_wconf 82' lang='lat' dir='ltr'>Atticis</span> <span class='ocrx_word' id='word_1_74' title='bbox 591 982 679 1008; x_wconf 86' lang='lat' dir='ltr'>esse</span> <span class='ocrx_word' id='word_1_75' title='bbox 705 970 943 1023; x_wconf 77' lang='grc' dir='ltr'><strong><em>βαραγχιᾶν,</em></strong></span> <span class='ocrx_word' id='word_1_76' title='bbox 976 969 1213 1008; x_wconf 85' lang='lat' dir='ltr'>manifestus</span> <span class='ocrx_word' id='word_1_77' title='bbox 1240 982 1351 1010; x_wconf 88' lang='lat' dir='ltr'>error</span> <span class='ocrx_word' id='word_1_78' title='bbox 1375 972 1549 1011; x_wconf 82' lang='lat' dir='ltr'>fortasse</span> <span class='ocrx_word' id='word_1_79' title='bbox 1573 971 1743 1023; x_wconf 80' lang='lat' dir='ltr'>librarii,</span> 
     </span>
     <span class='ocr_line' id='line_1_13' title="bbox 206 1034 752 1076; baseline 0.002 -2"><span class='ocrx_word' id='word_1_80' title='bbox 206 1037 254 1076; x_wconf 86' lang='lat' dir='ltr'><strong><em>cf.</em></strong></span> <span class='ocrx_word' id='word_1_81' title='bbox 281 1035 442 1074; x_wconf 89' lang='lat' dir='ltr'>Lobeck</span> <span class='ocrx_word' id='word_1_82' title='bbox 467 1034 583 1073; x_wconf 86' lang='lat' dir='ltr'>Path.</span> <span class='ocrx_word' id='word_1_83' title='bbox 611 1035 630 1073; x_wconf 96' lang='grc' dir='ltr'>Ι</span> <span class='ocrx_word' id='word_1_84' title='bbox 654 1036 752 1075; x_wconf 86' lang='grc'><strong>403.</strong></span> 
     </span>
    </p>
   </div>
   <div class='ocr_carea' id='block_1_7' title="bbox 855 1129 1742 1193">
    <p class='ocr_par' dir='ltr' id='par_1_7' title="bbox 855 1129 1742 1193">
     <span class='ocr_line' id='line_1_14' title="bbox 855 1129 1742 1193; baseline 0.002 -22"><span class='ocrx_word' id='word_1_85' title='bbox 855 1129 950 1172; x_wconf 83' lang='grc'><strong>107.</strong></span> <span class='ocrx_word' id='word_1_86' title='bbox 970 1129 1089 1193; x_wconf 11' lang='grc' dir='ltr'><strong>γ[91.]</strong></span> <span class='ocrx_word' id='word_1_87' title='bbox 1673 1141 1742 1173; x_wconf 80' lang='lat'><strong><em>780</em></strong></span> 
     </span>
    </p>
   </div>
   <div class='ocr_carea' id='block_1_8' title="bbox 206 1211 1743 1399">
    <p class='ocr_par' dir='ltr' id='par_1_8' title="bbox 206 1211 1743 1399">
     <span class='ocr_line' id='line_1_15' title="bbox 324 1211 1743 1270; baseline 0.002 -17"><span class='ocrx_word' id='word_1_88' title='bbox 324 1214 515 1264; x_wconf 83' lang='lat' dir='ltr'>Hesych.:</span> <span class='ocrx_word' id='word_1_89' title='bbox 549 1214 899 1267; x_wconf 87' lang='grc' dir='ltr'><strong><em>Βασανίκορος·</em></strong></span> <span class='ocrx_word' id='word_1_90' title='bbox 933 1211 954 1255; x_wconf 82' lang='grc' dir='ltr'>ὁ</span> <span class='ocrx_word' id='word_1_91' title='bbox 979 1217 1134 1255; x_wconf 80' lang='grc' dir='ltr'><strong><em>θᾶσσον</em></strong></span> <span class='ocrx_word' id='word_1_92' title='bbox 1157 1213 1448 1264; x_wconf 76' lang='grc' dir='ltr'><strong><em>συνουσιάζων·</em></strong></span> <span class='ocrx_word' id='word_1_93' title='bbox 1474 1213 1581 1270; x_wconf 80' lang='grc' dir='ltr'><strong><em>παρὰ</em></strong></span> <span class='ocrx_word' id='word_1_94' title='bbox 1601 1212 1743 1256; x_wconf 75' lang='grc' dir='ltr'><strong><em>Ἱππῶ-</em></strong></span> 
     </span>
     <span class='ocr_line' id='line_1_16' title="bbox 206 1276 1742 1334; baseline 0.001 -14"><span class='ocrx_word' id='word_1_95' title='bbox 206 1295 329 1320; x_wconf 88' lang='grc' dir='ltr'><strong><em>νακτι.</em></strong></span> <span class='ocrx_word' id='word_1_96' title='bbox 363 1280 446 1318; x_wconf 89' lang='lat' dir='ltr'>cod.</span> <span class='ocrx_word' id='word_1_97' title='bbox 467 1279 744 1331; x_wconf 80' lang='grc' dir='ltr'><strong><em>βασαγίκορος.</em></strong></span> <span class='ocrx_word' id='word_1_98' title='bbox 793 1281 976 1320; x_wconf 75' lang='lat' dir='ltr'><strong>Schmidt</strong></span> <span class='ocrx_word' id='word_1_99' title='bbox 1007 1276 1237 1333; x_wconf 87' lang='grc' dir='ltr'><strong><em>βαστικόρος</em></strong></span> <span class='ocrx_word' id='word_1_100' title='bbox 1263 1283 1477 1332; x_wconf 87' lang='lat' dir='ltr'>legendum</span> <span class='ocrx_word' id='word_1_101' title='bbox 1503 1283 1742 1334; x_wconf 78' lang='lat' dir='ltr'>suspicatur,</span> 
     </span>
     <span class='ocr_line' id='line_1_17' title="bbox 206 1343 1271 1399; baseline 0.003 -15"><span class='ocrx_word' id='word_1_102' title='bbox 206 1346 332 1385; x_wconf 85' lang='lat' dir='ltr'>Brink</span> <span class='ocrx_word' id='word_1_103' title='bbox 365 1347 531 1384; x_wconf 84' lang='lat' dir='ltr'>accentu</span> <span class='ocrx_word' id='word_1_104' title='bbox 563 1346 722 1384; x_wconf 82' lang='lat' dir='ltr'>mutato</span> <span class='ocrx_word' id='word_1_105' title='bbox 754 1343 1018 1399; x_wconf 86' lang='grc' dir='ltr'><strong><em>βασανικόρος</em></strong></span> <span class='ocrx_word' id='word_1_106' title='bbox 1049 1350 1271 1398; x_wconf 75' lang='lat' dir='ltr'>praeoptat.</span> 
     </span>
    </p>
   </div>
   <div class='ocr_carea' id='block_1_9' title="bbox 332 1452 1615 1590">
    <p class='ocr_par' dir='ltr' id='par_1_9' title="bbox 332 1452 1615 1590">
     <span class='ocr_line' id='line_1_18' title="bbox 843 1452 1108 1505; baseline 0.008 -12"><span class='ocrx_word' id='word_1_107' title='bbox 843 1452 937 1495; x_wconf 86' lang='lat'>108.</span> <span class='ocrx_word' id='word_1_108' title='bbox 972 1453 1108 1505; x_wconf 60' lang='lat'>[108]</span> 
     </span>
     <span class='ocr_line' id='line_1_19' title="bbox 332 1534 1615 1590; baseline 0.002 -14"><span class='ocrx_word' id='word_1_109' title='bbox 332 1538 504 1576; x_wconf 79' lang='lat' dir='ltr'>Antiatt.</span> <span class='ocrx_word' id='word_1_110' title='bbox 537 1537 664 1577; x_wconf 87' lang='lat' dir='ltr'>Bekk.</span> <span class='ocrx_word' id='word_1_111' title='bbox 696 1537 770 1576; x_wconf 91' lang='lat' dir='ltr'><strong><em>An.</em></strong></span> <span class='ocrx_word' id='word_1_112' title='bbox 803 1537 823 1575; x_wconf 89' lang='grc' dir='ltr'>Ι</span> <span class='ocrx_word' id='word_1_113' title='bbox 857 1540 925 1590; x_wconf 87' lang='lat'><strong><em>85,</em></strong></span> <span class='ocrx_word' id='word_1_114' title='bbox 953 1540 1025 1579; x_wconf 88' lang='lat'><strong><em>20:</em></strong></span> <span class='ocrx_word' id='word_1_115' title='bbox 1057 1539 1380 1590; x_wconf 84' lang='grc' dir='ltr'><strong><em>Βατταρίζειν·</em></strong></span> <span class='ocrx_word' id='word_1_116' title='bbox 1406 1534 1615 1587; x_wconf 83' lang='grc' dir='ltr'><strong><em>Ἱππῶναξ.</em></strong></span> 
     </span>
    </p>
   </div>
   <div class='ocr_carea' id='block_1_10' title="bbox 859 1643 1094 1697">
    <p class='ocr_par' dir='ltr' id='par_1_10' title="bbox 859 1643 1094 1697">
     <span class='ocr_line' id='line_1_20' title="bbox 859 1643 1094 1697; baseline 0.009 -13"><span class='ocrx_word' id='word_1_117' title='bbox 859 1643 1094 1697; x_wconf 64' lang='lat'><strong><em>109.[92]</em></strong></span> 
     </span>
    </p>
   </div>
   <div class='ocr_carea' id='block_1_11' title="bbox 207 1725 1744 1975">
    <p class='ocr_par' dir='ltr' id='par_1_11' title="bbox 207 1725 1744 1975">
     <span class='ocr_line' id='line_1_21' title="bbox 330 1725 1743 1785; baseline 0.003 -17"><span class='ocrx_word' id='word_1_118' title='bbox 330 1730 525 1781; x_wconf 84' lang='lat' dir='ltr'>Hesych.:</span> <span class='ocrx_word' id='word_1_119' title='bbox 581 1725 1013 1781; x_wconf 85' lang='grc' dir='ltr'><strong><em>Βεβρενθυόμενον</em></strong></span> <span class='ocrx_word' id='word_1_120' title='bbox 1055 1726 1163 1782; x_wconf 80' lang='grc' dir='ltr'><strong><em>παρὰ</em></strong></span> <span class='ocrx_word' id='word_1_121' title='bbox 1200 1725 1437 1770; x_wconf 81' lang='grc' dir='ltr'><strong><em>Ἱππώνακτι</em></strong></span> <span class='ocrx_word' id='word_1_122' title='bbox 1480 1727 1743 1785; x_wconf 78' lang='grc' dir='ltr'><strong><em>ὀργιζόμενον.</em></strong></span> 
     </span>
     <span class='ocr_line' id='line_1_22' title="bbox 208 1793 1744 1847; baseline 0.001 -14"><span class='ocrx_word' id='word_1_123' title='bbox 208 1796 316 1836; x_wconf 87' lang='lat' dir='ltr'>Fort.</span> <span class='ocrx_word' id='word_1_124' title='bbox 335 1793 710 1847; x_wconf 78' lang='grc' dir='ltr'><strong><em>βεβρενθυωμένον,</em></strong></span> <span class='ocrx_word' id='word_1_125' title='bbox 741 1796 806 1835; x_wconf 85' lang='lat' dir='ltr'><strong><em>vel</em></strong></span> <span class='ocrx_word' id='word_1_126' title='bbox 831 1793 1172 1847; x_wconf 78' lang='grc' dir='ltr'><strong><em>βεβρενθυμένον,</em></strong></span> <span class='ocrx_word' id='word_1_127' title='bbox 1199 1795 1304 1845; x_wconf 89' lang='lat' dir='ltr'>quod</span> <span class='ocrx_word' id='word_1_128' title='bbox 1331 1796 1636 1836; x_wconf 83' lang='lat' dir='ltr'>Hemsterhusio</span> <span class='ocrx_word' id='word_1_129' title='bbox 1661 1798 1744 1847; x_wconf 87' lang='lat' dir='ltr'>pla-</span> 
     </span>
     <span class='ocr_line' id='line_1_23' title="bbox 207 1856 1743 1912; baseline 0 -12"><span class='ocrx_word' id='word_1_130' title='bbox 207 1861 307 1910; x_wconf 89' lang='lat' dir='ltr'>cuit,</span> <span class='ocrx_word' id='word_1_131' title='bbox 341 1860 522 1899; x_wconf 76' lang='lat' dir='ltr'><strong>Schmidt</strong></span> <span class='ocrx_word' id='word_1_132' title='bbox 547 1856 847 1912; x_wconf 86' lang='grc' dir='ltr'><strong><em>βρενθυόμενον</em></strong></span> <span class='ocrx_word' id='word_1_133' title='bbox 872 1861 1043 1909; x_wconf 83' lang='lat' dir='ltr'>mavult,</span> <span class='ocrx_word' id='word_1_134' title='bbox 1077 1863 1292 1910; x_wconf 83' lang='lat' dir='ltr'>praeeunte</span> <span class='ocrx_word' id='word_1_135' title='bbox 1319 1860 1367 1900; x_wconf 81' lang='lat' dir='ltr'><strong><em>G.</em></strong></span> <span class='ocrx_word' id='word_1_136' title='bbox 1385 1862 1602 1901; x_wconf 85' lang='lat' dir='ltr'>Dindorfio.</span> <span class='ocrx_word' id='word_1_137' title='bbox 1649 1862 1743 1901; x_wconf 87' lang='lat' dir='ltr'>Mei-</span> 
     </span>
     <span class='ocr_line' id='line_1_24' title="bbox 207 1926 976 1975; baseline 0.001 -10"><span class='ocrx_word' id='word_1_138' title='bbox 207 1927 309 1965; x_wconf 91' lang='lat' dir='ltr'>neke</span> <span class='ocrx_word' id='word_1_139' title='bbox 341 1927 418 1965; x_wconf 89' lang='lat' dir='ltr'><strong><em>huc</em></strong></span> <span class='ocrx_word' id='word_1_140' title='bbox 450 1926 574 1964; x_wconf 87' lang='lat' dir='ltr'>refert</span> <span class='ocrx_word' id='word_1_141' title='bbox 605 1926 668 1964; x_wconf 86' lang='lat' dir='ltr'><strong><em>Et.</em></strong></span> <span class='ocrx_word' id='word_1_142' title='bbox 704 1926 755 1964; x_wconf 93' lang='lat' dir='ltr'><strong><em>M.</em></strong></span> <span class='ocrx_word' id='word_1_143' title='bbox 783 1927 880 1975; x_wconf 90' lang='lat'>212,</span> <span class='ocrx_word' id='word_1_144' title='bbox 909 1927 976 1966; x_wconf 85' lang='lat'><strong><em>54.</em></strong></span> 
     </span>
    </p>
   </div>
   <div class='ocr_carea' id='block_1_12' title="bbox 759 2004 1159 2084">
    <p class='ocr_par' dir='ltr' id='par_1_12' title="bbox 759 2004 1159 2084">
     <span class='ocr_line' id='line_1_25' title="bbox 759 2004 1159 2084; baseline 0.005 -13"><span class='ocrx_word' id='word_1_145' title='bbox 759 2004 1159 2084; x_wconf 57' lang='lat'>&#39;110.111.[73]</span> 
     </span>
    </p>
   </div>
   <div class='ocr_carea' id='block_1_13' title="bbox 208 2112 1746 2501">
    <p class='ocr_par' dir='ltr' id='par_1_13' title="bbox 208 2112 1746 2501">
     <span class='ocr_line' id='line_1_26' title="bbox 332 2112 1743 2172; baseline 0.001 -17"><span class='ocrx_word' id='word_1_146' title='bbox 332 2117 439 2157; x_wconf 80' lang='lat' dir='ltr'>Suid.</span> <span class='ocrx_word' id='word_1_147' title='bbox 473 2131 508 2157; x_wconf 87' lang='lat' dir='ltr'><strong><em>v.</em></strong></span> <span class='ocrx_word' id='word_1_148' title='bbox 541 2112 764 2169; x_wconf 78' lang='grc' dir='ltr'><strong><em>Μυσᾶχνη·</em></strong></span> <span class='ocrx_word' id='word_1_149' title='bbox 799 2148 807 2156; x_wconf 95' lang='grc'><strong>.</strong></span> <span class='ocrx_word' id='word_1_150' title='bbox 838 2148 847 2157; x_wconf 92' lang='grc'><strong>.</strong></span> <span class='ocrx_word' id='word_1_151' title='bbox 876 2147 886 2157; x_wconf 92' lang='grc'><strong>.</strong></span> <span class='ocrx_word' id='word_1_152' title='bbox 910 2112 1110 2164; x_wconf 81' lang='grc' dir='ltr'><strong><em>Ἱππῶναξ</em></strong></span> <span class='ocrx_word' id='word_1_153' title='bbox 1143 2114 1186 2156; x_wconf 82' lang='grc' dir='ltr'><strong><em>δὲ</em></strong></span> <span class='ocrx_word' id='word_1_154' title='bbox 1217 2114 1514 2170; x_wconf 88' lang='grc' dir='ltr'><strong><em>βορβορόπιν</em></strong></span> <span class='ocrx_word' id='word_1_155' title='bbox 1543 2116 1608 2157; x_wconf 82' lang='grc' dir='ltr'><strong><em>καὶ</em></strong></span> <span class='ocrx_word' id='word_1_156' title='bbox 1647 2114 1743 2172; x_wconf 83' lang='lat' dir='ltr'>(leg.</span> 
     </span>
     <span class='ocr_line' id='line_1_27' title="bbox 210 2177 1744 2236; baseline 0.001 -14"><span class='ocrx_word' id='word_1_157' title='bbox 210 2179 262 2231; x_wconf 84' lang='grc' dir='ltr'><strong><em>ῶς</em></strong></span> <span class='ocrx_word' id='word_1_158' title='bbox 288 2184 353 2223; x_wconf 90' lang='lat' dir='ltr'><strong><em>vel</em></strong></span> <span class='ocrx_word' id='word_1_159' title='bbox 377 2180 482 2235; x_wconf 75' lang='grc' dir='ltr'><strong><em>ἤτοι)</em></strong></span> <span class='ocrx_word' id='word_1_160' title='bbox 515 2179 745 2234; x_wconf 77' lang='grc' dir='ltr'><strong><em>ἀκάθαρτον</em></strong></span> <span class='ocrx_word' id='word_1_161' title='bbox 775 2178 922 2234; x_wconf 83' lang='grc' dir='ltr'><strong><em>ταύτην</em></strong></span> <span class='ocrx_word' id='word_1_162' title='bbox 947 2177 1140 2236; x_wconf 84' lang='grc' dir='ltr'><strong><em>(πόρνην)</em></strong></span> <span class='ocrx_word' id='word_1_163' title='bbox 1171 2181 1294 2234; x_wconf 82' lang='grc' dir='ltr'><strong><em>φησὶν</em></strong></span> <span class='ocrx_word' id='word_1_164' title='bbox 1326 2179 1404 2222; x_wconf 77' lang='grc' dir='ltr'><strong><em>ἀπὸ</em></strong></span> <span class='ocrx_word' id='word_1_165' title='bbox 1436 2185 1504 2223; x_wconf 87' lang='grc' dir='ltr'><strong><em>τοῦ</em></strong></span> <span class='ocrx_word' id='word_1_166' title='bbox 1530 2179 1744 2236; x_wconf 83' lang='grc' dir='ltr'><strong><em>βορβόρου,</em></strong></span> 
     </span>
     <span class='ocr_line' id='line_1_28' title="bbox 208 2243 1746 2301; baseline 0.001 -13"><span class='ocrx_word' id='word_1_167' title='bbox 208 2247 274 2288; x_wconf 81' lang='grc' dir='ltr'><strong><em>καὶ</em></strong></span> <span class='ocrx_word' id='word_1_168' title='bbox 312 2244 700 2301; x_wconf 83' lang='grc' dir='ltr'><strong><em>ἆνασυρτόπολιν</em></strong></span> <span class='ocrx_word' id='word_1_169' title='bbox 743 2244 822 2287; x_wconf 71' lang='grc' dir='ltr'><strong><em>ἀπὸ</em></strong></span> <span class='ocrx_word' id='word_1_170' title='bbox 863 2250 932 2288; x_wconf 82' lang='grc' dir='ltr'><strong><em>τοῦ</em></strong></span> <span class='ocrx_word' id='word_1_171' title='bbox 970 2243 1251 2299; x_wconf 78' lang='grc' dir='ltr'><strong><em>ἆνασῦρεσθαι.</em></strong></span> <span class='ocrx_word' id='word_1_172' title='bbox 1314 2248 1373 2290; x_wconf 87' lang='lat' dir='ltr'><strong><em>Cf.</em></strong></span> <span class='ocrx_word' id='word_1_173' title='bbox 1404 2250 1518 2288; x_wconf 86' lang='lat' dir='ltr'>ibid.:</span> <span class='ocrx_word' id='word_1_174' title='bbox 1562 2245 1746 2301; x_wconf 82' lang='grc' dir='ltr'><strong><em>Βορπό·</em></strong></span> 
     </span>
     <span class='ocr_line' id='line_1_29' title="bbox 210 2310 1743 2366; baseline 0.001 -13"><span class='ocrx_word' id='word_1_175' title='bbox 210 2323 365 2366; x_wconf 91' lang='grc' dir='ltr'><strong><em>ροπιν·</em></strong></span> <span class='ocrx_word' id='word_1_176' title='bbox 398 2316 545 2366; x_wconf 85' lang='grc' dir='ltr'><strong><em>κῆπον·</em></strong></span> <span class='ocrx_word' id='word_1_177' title='bbox 579 2313 760 2366; x_wconf 85' lang='grc' dir='ltr'><strong><em>σημαίνει</em></strong></span> <span class='ocrx_word' id='word_1_178' title='bbox 790 2312 857 2353; x_wconf 85' lang='grc' dir='ltr'><strong><em>καὶ</em></strong></span> <span class='ocrx_word' id='word_1_179' title='bbox 881 2310 924 2354; x_wconf 86' lang='grc' dir='ltr'><strong><em>τὸ</em></strong></span> <span class='ocrx_word' id='word_1_180' title='bbox 951 2310 1099 2365; x_wconf 88' lang='grc' dir='ltr'><strong><em>μόριον.</em></strong></span> <span class='ocrx_word' id='word_1_181' title='bbox 1152 2313 1366 2353; x_wconf 81' lang='lat' dir='ltr'>Suetonius</span> <span class='ocrx_word' id='word_1_182' title='bbox 1388 2327 1449 2365; x_wconf 85' lang='lat' dir='ltr'><strong><em>ap.</em></strong></span> <span class='ocrx_word' id='word_1_183' title='bbox 1471 2315 1605 2353; x_wconf 83' lang='lat' dir='ltr'>Miller</span> <span class='ocrx_word' id='word_1_184' title='bbox 1632 2315 1743 2355; x_wconf 84' lang='lat' dir='ltr'>Misc.</span> 
     </span>
     <span class='ocr_line' id='line_1_30' title="bbox 210 2376 1744 2432; baseline 0 -13"><span class='ocrx_word' id='word_1_185' title='bbox 210 2382 293 2419; x_wconf 87' lang='lat'><strong><em>415</em></strong></span> <span class='ocrx_word' id='word_1_186' title='bbox 337 2376 588 2432; x_wconf 83' lang='grc' dir='ltr'><strong><em>βορβορῶπη.</em></strong></span> <span class='ocrx_word' id='word_1_187' title='bbox 651 2381 764 2430; x_wconf 84' lang='lat' dir='ltr'>Toup</span> <span class='ocrx_word' id='word_1_188' title='bbox 808 2380 1083 2432; x_wconf 85' lang='grc' dir='ltr'><strong><em>βορβορῶπιν,</em></strong></span> <span class='ocrx_word' id='word_1_189' title='bbox 1129 2378 1256 2418; x_wconf 87' lang='lat' dir='ltr'>Cobet</span> <span class='ocrx_word' id='word_1_190' title='bbox 1298 2379 1560 2431; x_wconf 88' lang='grc' dir='ltr'><strong><em>βορβορῶπον</em></strong></span> <span class='ocrx_word' id='word_1_191' title='bbox 1599 2381 1744 2431; x_wconf 83' lang='grc' dir='ltr'><strong><em>κῆπον,</em></strong></span> 
     </span>
     <span class='ocr_line' id='line_1_31' title="bbox 210 2441 1744 2501; baseline 0 -17"><span class='ocrx_word' id='word_1_192' title='bbox 210 2446 370 2485; x_wconf 90' lang='lat' dir='ltr'>Lobeck</span> <span class='ocrx_word' id='word_1_193' title='bbox 391 2441 690 2498; x_wconf 84' lang='grc' dir='ltr'><strong><em>βορβοροδόκην</em></strong></span> <span class='ocrx_word' id='word_1_194' title='bbox 710 2445 887 2495; x_wconf 77' lang='lat' dir='ltr'>corrigit.</span> <span class='ocrx_word' id='word_1_195' title='bbox 921 2445 998 2484; x_wconf 84' lang='lat' dir='ltr'><strong><em>Sed</em></strong></span> <span class='ocrx_word' id='word_1_196' title='bbox 1017 2445 1094 2495; x_wconf 88' lang='lat' dir='ltr'>leg.</span> <span class='ocrx_word' id='word_1_197' title='bbox 1115 2458 1204 2483; x_wconf 87' lang='lat' dir='ltr'><strong><em>cum</em></strong></span> <span class='ocrx_word' id='word_1_198' title='bbox 1222 2445 1395 2484; x_wconf 73' lang='lat' dir='ltr'>Kiistero</span> <span class='ocrx_word' id='word_1_199' title='bbox 1416 2445 1442 2497; x_wconf 87' lang='grc' dir='ltr'><strong><em>β</em></strong></span> <span class='ocrx_word' id='word_1_200' title='bbox 1450 2459 1501 2496; x_wconf 90' lang='grc' dir='ltr'><strong><em>ορ</em></strong></span> <span class='ocrx_word' id='word_1_201' title='bbox 1509 2445 1535 2496; x_wconf 90' lang='grc' dir='ltr'><strong><em>β</em></strong></span> <span class='ocrx_word' id='word_1_202' title='bbox 1543 2441 1744 2501; x_wconf 75' lang='grc' dir='ltr'><strong><em>ορόπην,</em></strong></span> 
     </span>
    </p>
   </div>
   <div class='ocr_carea' id='block_1_14' title="bbox 1841 0 1890 424">
    <p class='ocr_par' dir='ltr' id='par_1_14' title="bbox 1841 0 1890 424">
     <span class='ocr_line' id='line_1_32' title="bbox 1841 0 1890 424; baseline 0 2792"><span class='ocrx_word' id='word_1_203' title='bbox 1841 0 1890 424; x_wconf 95' lang='lat' dir='ltr'><strong><em> </em></strong></span> 
     </span>
    </p>
   </div>
   <div class='ocr_carea' id='block_1_15' title="bbox 210 2505 1827 2562">
    <p class='ocr_par' dir='ltr' id='par_1_15' title="bbox 210 2505 1827 2562">
     <span class='ocr_line' id='line_1_33' title="bbox 210 2505 1827 2562; baseline -0.002 -11"><span class='ocrx_word' id='word_1_204' title='bbox 210 2512 289 2551; x_wconf 87' lang='lat' dir='ltr'>vid.</span> <span class='ocrx_word' id='word_1_205' title='bbox 320 2512 433 2550; x_wconf 85' lang='lat' dir='ltr'>Eust.</span> <span class='ocrx_word' id='word_1_206' title='bbox 466 2512 512 2551; x_wconf 90' lang='lat' dir='ltr'><strong><em>Il.</em></strong></span> <span class='ocrx_word' id='word_1_207' title='bbox 551 2513 681 2559; x_wconf 89' lang='lat'>1329,</span> <span class='ocrx_word' id='word_1_208' title='bbox 715 2512 788 2549; x_wconf 84' lang='lat'><strong><em>32:</em></strong></span> <span class='ocrx_word' id='word_1_209' title='bbox 836 2508 1011 2549; x_wconf 79' lang='grc' dir='ltr'><strong><em>ἐνταῦθα</em></strong></span> <span class='ocrx_word' id='word_1_210' title='bbox 1050 2507 1092 2548; x_wconf 83' lang='grc' dir='ltr'><strong><em>δὲ</em></strong></span> <span class='ocrx_word' id='word_1_211' title='bbox 1130 2505 1203 2549; x_wconf 81' lang='grc' dir='ltr'><strong><em>οὐκ</em></strong></span> <span class='ocrx_word' id='word_1_212' title='bbox 1234 2506 1400 2562; x_wconf 67' lang='grc' dir='ltr'><strong><em>ἄκαιρον</em></strong></span> <span class='ocrx_word' id='word_1_213' title='bbox 1438 2509 1561 2549; x_wconf 87' lang='grc' dir='ltr'><strong><em>εἰπεῖν</em></strong></span> <span class='ocrx_word' id='word_1_214' title='bbox 1590 2508 1656 2549; x_wconf 87' lang='grc' dir='ltr'><strong><em>καὶ</em></strong></span> <span class='ocrx_word' id='word_1_215' title='bbox 1686 2506 1744 2549; x_wconf 71' lang='grc' dir='ltr'><strong><em>’ὅτι</em></strong></span> <span class='ocrx_word' id='word_1_216' title='bbox 1826 2551 1827 2554; x_wconf 11' lang='grc' dir='ltr'><strong>Ἰ</strong></span> 
     </span>
    </p>
   </div>
   <div class='ocr_carea' id='block_1_16' title="bbox 211 2570 1745 2888">
    <p class='ocr_par' dir='ltr' id='par_1_16' title="bbox 211 2570 1745 2888">
     <span class='ocr_line' id='line_1_34' title="bbox 211 2570 1744 2629; baseline -0.001 -13"><span class='ocrx_word' id='word_1_217' title='bbox 211 2574 332 2629; x_wconf 82' lang='grc' dir='ltr'><strong><em>στόμα</em></strong></span> <span class='ocrx_word' id='word_1_218' title='bbox 369 2573 411 2616; x_wconf 90' lang='grc' dir='ltr'><strong><em>τὸ</em></strong></span> <span class='ocrx_word' id='word_1_219' title='bbox 451 2572 575 2623; x_wconf 71' lang='grc' dir='ltr'><strong><em>οὕτως</em></strong></span> <span class='ocrx_word' id='word_1_220' title='bbox 613 2571 819 2616; x_wconf 79' lang='grc' dir='ltr'><strong><em>ἆποπτύον</em></strong></span> <span class='ocrx_word' id='word_1_221' title='bbox 859 2572 989 2616; x_wconf 83' lang='grc' dir='ltr'><strong><em>ὄνθου</em></strong></span> <span class='ocrx_word' id='word_1_222' title='bbox 1029 2574 1185 2628; x_wconf 82' lang='grc' dir='ltr'><strong><em>λεχθείη</em></strong></span> <span class='ocrx_word' id='word_1_223' title='bbox 1224 2570 1275 2614; x_wconf 69' lang='grc' dir='ltr'><strong><em>ἂν</em></strong></span> <span class='ocrx_word' id='word_1_224' title='bbox 1311 2573 1377 2614; x_wconf 73' lang='grc' dir='ltr'><strong><em>καὶ</em></strong></span> <span class='ocrx_word' id='word_1_225' title='bbox 1414 2570 1612 2627; x_wconf 87' lang='grc' dir='ltr'><strong><em>βορβόρου</em></strong></span> <span class='ocrx_word' id='word_1_226' title='bbox 1649 2570 1744 2626; x_wconf 84' lang='grc' dir='ltr'><strong><em>ὀπή,</em></strong></span> 
     </span>
     <span class='ocr_line' id='line_1_35' title="bbox 211 2634 1744 2695; baseline -0.001 -13"><span class='ocrx_word' id='word_1_227' title='bbox 211 2639 307 2695; x_wconf 74' lang='grc' dir='ltr'><strong><em>ὅπερ</em></strong></span> <span class='ocrx_word' id='word_1_228' title='bbox 338 2637 436 2682; x_wconf 76' lang='grc' dir='ltr'><strong><em>κατὰ</em></strong></span> <span class='ocrx_word' id='word_1_229' title='bbox 467 2637 639 2680; x_wconf 81' lang='grc' dir='ltr'><strong><em>παλαιὰν</em></strong></span> <span class='ocrx_word' id='word_1_230' title='bbox 666 2641 840 2693; x_wconf 81' lang='grc' dir='ltr'><strong><em>ἱστορίαν</em></strong></span> <span class='ocrx_word' id='word_1_231' title='bbox 865 2640 1028 2688; x_wconf 86' lang='grc' dir='ltr'><strong><em>συνθεὶς</em></strong></span> <span class='ocrx_word' id='word_1_232' title='bbox 1056 2636 1077 2680; x_wconf 85' lang='grc' dir='ltr'><strong><em>ὃ</em></strong></span> <span class='ocrx_word' id='word_1_233' title='bbox 1103 2636 1381 2693; x_wconf 78' lang='grc' dir='ltr'><strong><em>βαρύγλωσσος</em></strong></span> <span class='ocrx_word' id='word_1_234' title='bbox 1406 2634 1605 2688; x_wconf 80' lang='grc' dir='ltr'><strong><em>Ἱππῶναξ</em></strong></span> <span class='ocrx_word' id='word_1_235' title='bbox 1635 2641 1662 2692; x_wconf 89' lang='grc' dir='ltr'><strong><em>β</em></strong></span> <span class='ocrx_word' id='word_1_236' title='bbox 1670 2655 1744 2694; x_wconf 87' lang='grc' dir='ltr'><strong><em>ορ-</em></strong></span> 
     </span>
     <span class='ocr_line' id='line_1_36' title="bbox 211 2700 1744 2759; baseline -0.003 -11"><span class='ocrx_word' id='word_1_237' title='bbox 211 2704 431 2759; x_wconf 88' lang='grc' dir='ltr'><strong><em>βορόπην</em></strong></span> <span class='ocrx_word' id='word_1_238' title='bbox 462 2703 598 2758; x_wconf 70' lang='grc' dir='ltr'><strong><em>ὕβρισε</em></strong></span> <span class='ocrx_word' id='word_1_239' title='bbox 626 2702 798 2759; x_wconf 70' lang='grc' dir='ltr'><strong><em>γυναῖκα</em></strong></span> <span class='ocrx_word' id='word_1_240' title='bbox 821 2721 928 2757; x_wconf 79' lang='grc' dir='ltr'><strong><em>τινα,</em></strong></span> <span class='ocrx_word' id='word_1_241' title='bbox 960 2702 1150 2745; x_wconf 81' lang='grc' dir='ltr'><strong><em>σκώπτων</em></strong></span> <span class='ocrx_word' id='word_1_242' title='bbox 1175 2703 1330 2756; x_wconf 77' lang='grc' dir='ltr'><strong><em>ἐκείνην</em></strong></span> <span class='ocrx_word' id='word_1_243' title='bbox 1355 2705 1409 2753; x_wconf 84' lang='grc' dir='ltr'><strong><em>εἰς</em></strong></span> <span class='ocrx_word' id='word_1_244' title='bbox 1434 2700 1476 2744; x_wconf 87' lang='grc' dir='ltr'><strong><em>τὸ</em></strong></span> <span class='ocrx_word' id='word_1_245' title='bbox 1501 2701 1744 2758; x_wconf 81' lang='grc' dir='ltr'><strong><em>παιδογόνον</em></strong></span> 
     </span>
     <span class='ocr_line' id='line_1_37' title="bbox 212 2765 1745 2824; baseline -0.003 -13"><span class='ocrx_word' id='word_1_246' title='bbox 212 2769 264 2820; x_wconf 82' lang='grc' dir='ltr'><strong><em>ὡς</em></strong></span> <span class='ocrx_word' id='word_1_247' title='bbox 296 2768 536 2824; x_wconf 77' lang='grc' dir='ltr'><strong><em>ἀκάθαρτον.</em></strong></span> <span class='ocrx_word' id='word_1_248' title='bbox 580 2766 625 2819; x_wconf 75' lang='grc' dir='ltr'><strong><em>ὃς</em></strong></span> <span class='ocrx_word' id='word_1_249' title='bbox 655 2770 720 2810; x_wconf 83' lang='grc' dir='ltr'><strong><em>καὶ</em></strong></span> <span class='ocrx_word' id='word_1_250' title='bbox 758 2767 1168 2823; x_wconf 82' lang='grc' dir='ltr'><strong><em>ἆνασεισίφαλλον</em></strong></span> <span class='ocrx_word' id='word_1_251' title='bbox 1207 2766 1330 2821; x_wconf 66' lang='grc' dir='ltr'><strong><em>ἄλλην</em></strong></span> <span class='ocrx_word' id='word_1_252' title='bbox 1360 2765 1447 2808; x_wconf 82' lang='grc' dir='ltr'><strong><em>τινὰ</em></strong></span> <span class='ocrx_word' id='word_1_253' title='bbox 1479 2767 1659 2821; x_wconf 83' lang='grc' dir='ltr'><strong><em>διέσυρεν</em></strong></span> <span class='ocrx_word' id='word_1_254' title='bbox 1691 2765 1745 2817; x_wconf 84' lang='grc' dir='ltr'><strong><em>ὦς</em></strong></span> 
     </span>
     <span class='ocr_line' id='line_1_38' title="bbox 213 2831 1743 2888; baseline -0.003 -10"><span class='ocrx_word' id='word_1_255' title='bbox 213 2834 479 2878; x_wconf 77' lang='grc' dir='ltr'><strong><em>ἆνασείουσοὲν</em></strong></span> <span class='ocrx_word' id='word_1_256' title='bbox 498 2848 595 2888; x_wconf 87' lang='grc' dir='ltr'><strong><em>φασι</em></strong></span> <span class='ocrx_word' id='word_1_257' title='bbox 613 2832 683 2876; x_wconf 86' lang='grc' dir='ltr'><strong><em>τὸν</em></strong></span> <span class='ocrx_word' id='word_1_258' title='bbox 702 2833 868 2888; x_wconf 79' lang='grc' dir='ltr'><strong><em>φάλητα.</em></strong></span> <span class='ocrx_word' id='word_1_259' title='bbox 914 2838 965 2876; x_wconf 88' lang='lat' dir='ltr'><strong><em>Et</em></strong></span> <span class='ocrx_word' id='word_1_260' title='bbox 989 2849 1128 2876; x_wconf 83' lang='lat' dir='ltr'>rursus</span> <span class='ocrx_word' id='word_1_261' title='bbox 1155 2836 1272 2874; x_wconf 84' lang='lat' dir='ltr'>affert</span> <span class='ocrx_word' id='word_1_262' title='bbox 1299 2836 1398 2885; x_wconf 80' lang='lat'><strong><em>862,</em></strong></span> <span class='ocrx_word' id='word_1_263' title='bbox 1419 2835 1473 2873; x_wconf 86' lang='lat'><strong><em>45</em></strong></span> <span class='ocrx_word' id='word_1_264' title='bbox 1502 2831 1743 2887; x_wconf 88' lang='grc' dir='ltr'><strong><em>βορβορόπη.</em></strong></span> 
     </span>
    </p>
   </div>
   <div class='ocr_carea' id='block_1_17' title="bbox 134 2898 1743 2960">
    <p class='ocr_par' dir='ltr' id='par_1_17' title="bbox 134 2898 1743 2960">
     <span class='ocr_line' id='line_1_39' title="bbox 134 2898 1743 2960; baseline -0.003 -17"><span class='ocrx_word' id='word_1_265' title='bbox 134 2953 136 2960; x_wconf 22' lang='grc' dir='ltr'><strong>Α</strong></span> <span class='ocrx_word' id='word_1_266' title='bbox 217 2904 299 2943; x_wconf 83' lang='lat' dir='ltr'>Alii</span> <span class='ocrx_word' id='word_1_267' title='bbox 331 2907 467 2944; x_wconf 85' lang='lat' dir='ltr'>tamen</span> <span class='ocrx_word' id='word_1_268' title='bbox 496 2898 719 2956; x_wconf 85' lang='grc' dir='ltr'><strong><em>βορβορόκη</em></strong></span> <span class='ocrx_word' id='word_1_269' title='bbox 752 2902 938 2942; x_wconf 87' lang='lat' dir='ltr'>videntur</span> <span class='ocrx_word' id='word_1_270' title='bbox 970 2902 1133 2953; x_wconf 81' lang='lat' dir='ltr'>legisse,</span> <span class='ocrx_word' id='word_1_271' title='bbox 1166 2901 1244 2941; x_wconf 87' lang='lat' dir='ltr'>vid.</span> <span class='ocrx_word' id='word_1_272' title='bbox 1276 2900 1419 2940; x_wconf 86' lang='lat' dir='ltr'>Arcad.</span> <span class='ocrx_word' id='word_1_273' title='bbox 1454 2902 1550 2950; x_wconf 85' lang='lat'>107,</span> <span class='ocrx_word' id='word_1_274' title='bbox 1578 2901 1614 2939; x_wconf 88' lang='lat'><strong><em>6.</em></strong></span> <span class='ocrx_word' id='word_1_275' title='bbox 1664 2899 1743 2938; x_wconf 87' lang='lat' dir='ltr'><strong><em>Pro</em></strong></span> 
     </span>
    </p>
   </div>
  </div>
 </body>
</html>
