<?xml version="1.0" encoding="UTF-8"?>
<!DOCTYPE html PUBLIC "-//W3C//DTD XHTML 1.0 Transitional//EN"
    "http://www.w3.org/TR/xhtml1/DTD/xhtml1-transitional.dtd">
<html xmlns="http://www.w3.org/1999/xhtml" xml:lang="en" lang="en">
 <head>
  <title>
</title>
<meta http-equiv="Content-Type" content="text/html;charset=utf-8" />
  <meta name='ocr-system' content='tesseract 3.04.00' />
  <meta name='ocr-capabilities' content='ocr_page ocr_carea ocr_par ocr_line ocrx_word'/>
</head>
<body>
  <div class='ocr_page' id='page_1' title='image "./poetaelyricigrae02berguoft_0325.png"; bbox 0 0 1890 3216; ppageno 0'>
   <div class='ocr_carea' id='block_1_1' title="bbox 668 162 1692 235">
    <p class='ocr_par' dir='ltr' id='par_1_1' title="bbox 668 162 1692 235">
     <span class='ocr_line' id='line_1_1' title="bbox 668 162 1692 235; baseline 0.005 -5"><span class='ocrx_word' id='word_1_1' title='bbox 668 162 869 230; x_wconf 61' lang='lat' dir='ltr'>smmAs</span> <span class='ocrx_word' id='word_1_2' title='bbox 895 191 1169 229; x_wconf 78' lang='lat' dir='ltr'><strong>THEBANUS.</strong></span> <span class='ocrx_word' id='word_1_3' title='bbox 1604 191 1692 235; x_wconf 84' lang='lat'><strong><em>315</em></strong></span> 
     </span>
    </p>
   </div>
   <div class='ocr_carea' id='block_1_2' title="bbox 177 300 1290 431">
    <p class='ocr_par' dir='ltr' id='par_1_2' title="bbox 177 300 1290 431">
     <span class='ocr_line' id='line_1_2' title="bbox 177 300 1290 359; baseline -0.002 -12"><span class='ocrx_word' id='word_1_4' title='bbox 177 313 199 347; x_wconf 74' lang='grc' dir='ltr'>ὅ</span> <span class='ocrx_word' id='word_1_5' title='bbox 225 305 373 347; x_wconf 78' lang='grc' dir='ltr'><strong><em>εἵνεκεν</em></strong></span> <span class='ocrx_word' id='word_1_6' title='bbox 403 302 602 359; x_wconf 75' lang='grc' dir='ltr'><strong><em>εὖμαθίης</em></strong></span> <span class='ocrx_word' id='word_1_7' title='bbox 631 301 945 358; x_wconf 82' lang='grc' dir='ltr'><strong><em>πινυτόφρονος,</em></strong></span> <span class='ocrx_word' id='word_1_8' title='bbox 976 301 1029 358; x_wconf 79' lang='grc' dir='ltr'><strong><em>ἣν</em></strong></span> <span class='ocrx_word' id='word_1_9' title='bbox 1060 300 1081 346; x_wconf 84' lang='grc' dir='ltr'>ὁ</span> <span class='ocrx_word' id='word_1_10' title='bbox 1113 301 1290 359; x_wconf 84' lang='grc' dir='ltr'><strong>μελιχρός</strong></span> 
     </span>
     <span class='ocr_line' id='line_1_3' title="bbox 283 367 1176 431; baseline 0 -19"><span class='ocrx_word' id='word_1_11' title='bbox 283 367 456 425; x_wconf 77' lang='grc' dir='ltr'><strong><em>ἤσκησεν</em></strong></span> <span class='ocrx_word' id='word_1_12' title='bbox 487 374 673 431; x_wconf 74' lang='grc' dir='ltr'><strong><em>Μουσῶν</em></strong></span> <span class='ocrx_word' id='word_1_13' title='bbox 703 367 852 427; x_wconf 73' lang='grc' dir='ltr'><strong>ἄμμιγα</strong></span> <span class='ocrx_word' id='word_1_14' title='bbox 883 369 950 412; x_wconf 78' lang='grc' dir='ltr'><strong><em>καὶ</em></strong></span> <span class='ocrx_word' id='word_1_15' title='bbox 983 371 1176 425; x_wconf 82' lang='grc' dir='ltr'><strong><em>Χαρίτων.</em></strong></span> 
     </span>
    </p>
   </div>
   <div class='ocr_carea' id='block_1_3' title="bbox 150 519 1693 991">
    <p class='ocr_par' dir='ltr' id='par_1_3' title="bbox 150 519 1693 991">
     <span class='ocr_line' id='line_1_4' title="bbox 151 519 1693 580; baseline -0.001 -21"><span class='ocrx_word' id='word_1_16' title='bbox 151 521 265 559; x_wconf 74' lang='lat' dir='ltr'><strong>batur</strong></span> <span class='ocrx_word' id='word_1_17' title='bbox 285 521 496 580; x_wconf 77' lang='grc' dir='ltr'><strong><em>χευομένη.</em></strong></span> <span class='ocrx_word' id='word_1_18' title='bbox 524 543 568 550; x_wconf 93' lang='lat'><strong><em>-—</em></strong></span> <span class='ocrx_word' id='word_1_19' title='bbox 597 523 640 559; x_wconf 92' lang='lat' dir='ltr'><strong><em>V.</em></strong></span> <span class='ocrx_word' id='word_1_20' title='bbox 667 527 689 560; x_wconf 78' lang='lat'><strong>5</strong></span> <span class='ocrx_word' id='word_1_21' title='bbox 715 525 754 559; x_wconf 77' lang='lat' dir='ltr'><strong><em>et</em></strong></span> <span class='ocrx_word' id='word_1_22' title='bbox 784 526 805 559; x_wconf 81' lang='lat'><strong>6</strong></span> <span class='ocrx_word' id='word_1_23' title='bbox 838 522 947 559; x_wconf 76' lang='lat' dir='ltr'><strong>affert</strong></span> <span class='ocrx_word' id='word_1_24' title='bbox 977 522 1079 560; x_wconf 84' lang='lat' dir='ltr'>Suid.</span> <span class='ocrx_word' id='word_1_25' title='bbox 1107 534 1135 559; x_wconf 81' lang='grc' dir='ltr'><strong><em>ε.</em></strong></span> <span class='ocrx_word' id='word_1_26' title='bbox 1161 523 1262 570; x_wconf 76' lang='lat' dir='ltr'><strong>poet.</strong></span> <span class='ocrx_word' id='word_1_27' title='bbox 1288 535 1323 559; x_wconf 91' lang='grc' dir='ltr'><strong><em>ιι.</em></strong></span> <span class='ocrx_word' id='word_1_28' title='bbox 1350 535 1377 559; x_wconf 81' lang='lat' dir='ltr'><strong><em>s.</em></strong></span> <span class='ocrx_word' id='word_1_29' title='bbox 1404 534 1438 559; x_wconf 90' lang='lat' dir='ltr'><strong><em>v.</em></strong></span> <span class='ocrx_word' id='word_1_30' title='bbox 1464 519 1621 570; x_wconf 80' lang='grc' dir='ltr'><strong>Αμμνγα</strong></span> <span class='ocrx_word' id='word_1_31' title='bbox 1654 523 1693 559; x_wconf 72' lang='lat' dir='ltr'><strong><em>et</em></strong></span> 
     </span>
     <span class='ocr_line' id='line_1_5' title="bbox 151 567 1692 618; baseline 0 -12"><span class='ocrx_word' id='word_1_32' title='bbox 151 567 327 612; x_wconf 74' lang='grc' dir='ltr'><strong>Πινντός.</strong></span> <span class='ocrx_word' id='word_1_33' title='bbox 366 592 405 597; x_wconf 89' lang='lat'><em>-</em></span> <span class='ocrx_word' id='word_1_34' title='bbox 445 572 613 617; x_wconf 77' lang='grc' dir='ltr'><strong><em>εἵνεκεν,</em></strong></span> <span class='ocrx_word' id='word_1_35' title='bbox 648 570 677 606; x_wconf 91' lang='grc' dir='ltr'>Ρ</span> <span class='ocrx_word' id='word_1_36' title='bbox 711 573 870 608; x_wconf 79' lang='grc' dir='ltr'><strong>εινεκεν.</strong></span> <span class='ocrx_word' id='word_1_37' title='bbox 905 591 948 598; x_wconf 93' lang='grc'><strong>-</strong></span> <span class='ocrx_word' id='word_1_38' title='bbox 985 567 1176 618; x_wconf 78' lang='grc' dir='ltr'><strong><em>εὖμαθίης</em></strong></span> <span class='ocrx_word' id='word_1_39' title='bbox 1210 570 1239 606; x_wconf 92' lang='grc' dir='ltr'>Ρ</span> <span class='ocrx_word' id='word_1_40' title='bbox 1272 583 1327 618; x_wconf 85' lang='lat' dir='ltr'><strong><em>pr.</em></strong></span> <span class='ocrx_word' id='word_1_41' title='bbox 1353 571 1409 607; x_wconf 92' lang='lat' dir='ltr'><strong><em>Pl.</em></strong></span> <span class='ocrx_word' id='word_1_42' title='bbox 1437 570 1548 607; x_wconf 85' lang='lat' dir='ltr'><strong>vind.</strong></span> <span class='ocrx_word' id='word_1_43' title='bbox 1576 569 1692 616; x_wconf 69' lang='lat' dir='ltr'>Smd„</span> 
     </span>
     <span class='ocr_line' id='line_1_6' title="bbox 153 614 1691 677; baseline 0 -22"><span class='ocrx_word' id='word_1_44' title='bbox 153 614 287 665; x_wconf 74' lang='grc' dir='ltr'><strong><em>εὖεπίη</em></strong></span> <span class='ocrx_word' id='word_1_45' title='bbox 291 632 309 660; x_wconf 83' lang='grc' dir='ltr'><strong><em>ς</em></strong></span> <span class='ocrx_word' id='word_1_46' title='bbox 334 629 426 655; x_wconf 83' lang='lat' dir='ltr'>corr.</span> <span class='ocrx_word' id='word_1_47' title='bbox 454 619 534 655; x_wconf 87' lang='lat' dir='ltr'>cod.</span> <span class='ocrx_word' id='word_1_48' title='bbox 562 620 602 664; x_wconf 89' lang='lat' dir='ltr'><strong><em>P,</em></strong></span> <span class='ocrx_word' id='word_1_49' title='bbox 628 619 673 655; x_wconf 84' lang='lat' dir='ltr'><strong><em>ef</em></strong></span> <span class='ocrx_word' id='word_1_50' title='bbox 701 619 847 655; x_wconf 77' lang='lat' dir='ltr'><strong>Finsler</strong></span> <span class='ocrx_word' id='word_1_51' title='bbox 873 630 926 666; x_wconf 82' lang='lat' dir='ltr'><strong><em>gr.</em></strong></span> <span class='ocrx_word' id='word_1_52' title='bbox 948 619 1061 656; x_wconf 78' lang='lat' dir='ltr'><strong>Anth.</strong></span> <span class='ocrx_word' id='word_1_53' title='bbox 1089 623 1144 656; x_wconf 79' lang='lat'><strong><em>74.</em></strong></span> <span class='ocrx_word' id='word_1_54' title='bbox 1174 642 1214 647; x_wconf 92' lang='lat'><strong>—</strong></span> <span class='ocrx_word' id='word_1_55' title='bbox 1244 616 1418 677; x_wconf 77' lang='grc' dir='ltr'><strong><em>μελιχρὸς</em></strong></span> <span class='ocrx_word' id='word_1_56' title='bbox 1442 619 1471 654; x_wconf 91' lang='grc' dir='ltr'>Ρ</span> <span class='ocrx_word' id='word_1_57' title='bbox 1497 630 1603 664; x_wconf 62' lang='lat' dir='ltr'>corr„</span> <span class='ocrx_word' id='word_1_58' title='bbox 1629 631 1691 665; x_wconf 88' lang='grc' dir='ltr'><strong>με·</strong></span> 
     </span>
     <span class='ocr_line' id='line_1_7' title="bbox 150 647 1689 726; baseline 0.001 -24"><span class='ocrx_word' id='word_1_59' title='bbox 150 667 300 723; x_wconf 61' lang='lat' dir='ltr'><em>ugowc</em></span> <span class='ocrx_word' id='word_1_60' title='bbox 323 666 353 702; x_wconf 93' lang='lat' dir='ltr'>P</span> <span class='ocrx_word' id='word_1_61' title='bbox 378 678 433 713; x_wconf 82' lang='lat' dir='ltr'><strong><em>pr.</em></strong></span> <span class='ocrx_word' id='word_1_62' title='bbox 460 667 514 703; x_wconf 91' lang='lat' dir='ltr'><strong><em>Pl.</em></strong></span> <span class='ocrx_word' id='word_1_63' title='bbox 543 667 652 703; x_wconf 83' lang='lat' dir='ltr'><strong>vind.</strong></span> <span class='ocrx_word' id='word_1_64' title='bbox 680 667 781 703; x_wconf 88' lang='lat' dir='ltr'><strong>Suid.</strong></span> <span class='ocrx_word' id='word_1_65' title='bbox 809 667 889 712; x_wconf 85' lang='lat' dir='ltr'>(sed</span> <span class='ocrx_word' id='word_1_66' title='bbox 915 666 1133 726; x_wconf 75' lang='lat' dir='ltr'><strong>Bernhardy</strong></span> <span class='ocrx_word' id='word_1_67' title='bbox 1159 665 1357 725; x_wconf 80' lang='grc' dir='ltr'><strong>μελιχρός).</strong></span> <span class='ocrx_word' id='word_1_68' title='bbox 1384 687 1429 693; x_wconf 92' lang='lat'><strong><em>-—-</em></strong></span> <span class='ocrx_word' id='word_1_69' title='bbox 1455 647 1689 704; x_wconf 69' lang='lat' dir='ltr'><strong><em>V.6.1&#39;‡10v—</em></strong></span> 
     </span>
     <span class='ocr_line' id='line_1_8' title="bbox 151 710 1688 773; baseline 0 -23"><span class='ocrx_word' id='word_1_70' title='bbox 151 725 238 758; x_wconf 83' lang='grc' dir='ltr'><strong><em>σων,</em></strong></span> <span class='ocrx_word' id='word_1_71' title='bbox 264 713 396 751; x_wconf 77' lang='lat' dir='ltr'><strong>Iacobs</strong></span> <span class='ocrx_word' id='word_1_72' title='bbox 422 713 621 773; x_wconf 85' lang='grc' dir='ltr'><strong><em>Μουσέων,</em></strong></span> <span class='ocrx_word' id='word_1_73' title='bbox 643 715 792 751; x_wconf 85' lang='lat' dir='ltr'>Hecker</span> <span class='ocrx_word' id='word_1_74' title='bbox 810 715 977 751; x_wconf 77' lang='grc' dir='ltr'><strong><em>Μουσῶν</em></strong></span> <span class='ocrx_word' id='word_1_75' title='bbox 1003 711 1149 762; x_wconf 78' lang='grc' dir='ltr'><strong>ἄμμιγα</strong></span> <span class='ocrx_word' id='word_1_76' title='bbox 1175 711 1249 751; x_wconf 73' lang='grc' dir='ltr'><strong><em>κάκ</em></strong></span> <span class='ocrx_word' id='word_1_77' title='bbox 1275 715 1438 761; x_wconf 80' lang='grc' dir='ltr'><strong><em>χαρίτων</em></strong></span> <span class='ocrx_word' id='word_1_78' title='bbox 1464 715 1525 751; x_wconf 87' lang='lat' dir='ltr'><strong><em>vel</em></strong></span> <span class='ocrx_word' id='word_1_79' title='bbox 1551 710 1647 761; x_wconf 79' lang='grc' dir='ltr'><strong><em>ἥσκη</em></strong></span> <span class='ocrx_word' id='word_1_80' title='bbox 1650 711 1688 750; x_wconf 88' lang='grc' dir='ltr'><strong><em>σ’</em></strong></span> 
     </span>
     <span class='ocr_line' id='line_1_9' title="bbox 151 758 1691 821; baseline 0 -23"><span class='ocrx_word' id='word_1_81' title='bbox 151 758 195 799; x_wconf 71' lang='grc' dir='ltr'><strong><em>ἐκ</em></strong></span> <span class='ocrx_word' id='word_1_82' title='bbox 220 762 388 798; x_wconf 76' lang='grc' dir='ltr'><strong><em>Μουσῶν</em></strong></span> <span class='ocrx_word' id='word_1_83' title='bbox 413 759 559 809; x_wconf 75' lang='grc' dir='ltr'><strong>ἄμμιγα</strong></span> <span class='ocrx_word' id='word_1_84' title='bbox 585 759 659 799; x_wconf 72' lang='grc' dir='ltr'><strong><em>κάκ</em></strong></span> <span class='ocrx_word' id='word_1_85' title='bbox 686 765 729 798; x_wconf 83' lang='grc' dir='ltr'><em>Χ</em></span> <span class='ocrx_word' id='word_1_86' title='bbox 755 763 929 821; x_wconf 79' lang='lat' dir='ltr'>requirit,</span> <span class='ocrx_word' id='word_1_87' title='bbox 962 774 1072 809; x_wconf 86' lang='lat' dir='ltr'><strong>quem</strong></span> <span class='ocrx_word' id='word_1_88' title='bbox 1107 763 1226 800; x_wconf 79' lang='lat' dir='ltr'><strong>secuti</strong></span> <span class='ocrx_word' id='word_1_89' title='bbox 1259 763 1434 809; x_wconf 77' lang='lat' dir='ltr'><strong>Hartung</strong></span> <span class='ocrx_word' id='word_1_90' title='bbox 1465 764 1503 799; x_wconf 76' lang='lat' dir='ltr'><strong><em>et</em></strong></span> <span class='ocrx_word' id='word_1_91' title='bbox 1528 762 1570 799; x_wconf 93' lang='grc' dir='ltr'><strong><em>Ο.</em></strong></span> <span class='ocrx_word' id='word_1_92' title='bbox 1597 762 1691 799; x_wconf 72' lang='lat' dir='ltr'><strong>Iahn</strong></span> 
     </span>
     <span class='ocr_line' id='line_1_10' title="bbox 150 805 1688 867; baseline 0 -21"><span class='ocrx_word' id='word_1_93' title='bbox 150 805 285 856; x_wconf 79' lang='grc' dir='ltr'><strong><em>ἤσκησ’</em></strong></span> <span class='ocrx_word' id='word_1_94' title='bbox 326 806 370 846; x_wconf 71' lang='grc' dir='ltr'><strong><em>ἐκ</em></strong></span> <span class='ocrx_word' id='word_1_95' title='bbox 407 811 575 847; x_wconf 78' lang='grc' dir='ltr'><strong><em>Μουσῶν</em></strong></span> <span class='ocrx_word' id='word_1_96' title='bbox 605 809 833 866; x_wconf 85' lang='grc' dir='ltr'><strong><em>(Μουσέων)</em></strong></span> <span class='ocrx_word' id='word_1_97' title='bbox 864 808 1010 857; x_wconf 82' lang='grc' dir='ltr'><strong>ἄμμιγα</strong></span> <span class='ocrx_word' id='word_1_98' title='bbox 1044 811 1108 847; x_wconf 78' lang='grc' dir='ltr'><strong><em>καὶ</em></strong></span> <span class='ocrx_word' id='word_1_99' title='bbox 1141 812 1185 847; x_wconf 92' lang='lat' dir='ltr'><strong><em>X.</em></strong></span> <span class='ocrx_word' id='word_1_100' title='bbox 1213 811 1461 858; x_wconf 77' lang='lat' dir='ltr'><strong>scripserunt:</strong></span> <span class='ocrx_word' id='word_1_101' title='bbox 1493 810 1618 867; x_wconf 86' lang='lat' dir='ltr'>quod</span> <span class='ocrx_word' id='word_1_102' title='bbox 1626 810 1688 847; x_wconf 81' lang='lat' dir='ltr'><strong><em>vix</em></strong></span> 
     </span>
     <span class='ocr_line' id='line_1_11' title="bbox 150 857 1691 905; baseline 0 -11"><span class='ocrx_word' id='word_1_103' title='bbox 150 857 242 894; x_wconf 76' lang='lat' dir='ltr'><strong>satis</strong></span> <span class='ocrx_word' id='word_1_104' title='bbox 267 859 369 895; x_wconf 73' lang='lat' dir='ltr'>recte</span> <span class='ocrx_word' id='word_1_105' title='bbox 404 858 564 895; x_wconf 76' lang='lat' dir='ltr'>dictum.</span> <span class='ocrx_word' id='word_1_106' title='bbox 601 859 641 894; x_wconf 89' lang='lat' dir='ltr'><strong><em>in</em></strong></span> <span class='ocrx_word' id='word_1_107' title='bbox 679 858 835 894; x_wconf 77' lang='lat' dir='ltr'>eandem</span> <span class='ocrx_word' id='word_1_108' title='bbox 867 859 1091 895; x_wconf 76' lang='lat' dir='ltr'>sententiam</span> <span class='ocrx_word' id='word_1_109' title='bbox 1129 858 1353 905; x_wconf 79' lang='lat' dir='ltr'>Crinagoras</span> <span class='ocrx_word' id='word_1_110' title='bbox 1385 858 1437 894; x_wconf 92' lang='lat' dir='ltr'><strong><em>IX</em></strong></span> <span class='ocrx_word' id='word_1_111' title='bbox 1470 862 1556 894; x_wconf 85' lang='lat'>513:</span> <span class='ocrx_word' id='word_1_112' title='bbox 1596 869 1691 894; x_wconf 87' lang='grc' dir='ltr'><strong><em>οσσα</em></strong></span> 
     </span>
     <span class='ocr_line' id='line_1_12' title="bbox 150 902 1689 960; baseline 0 -18"><span class='ocrx_word' id='word_1_113' title='bbox 150 904 379 952; x_wconf 78' lang='grc' dir='ltr'><strong><em>Μένανδρος</em></strong></span> <span class='ocrx_word' id='word_1_114' title='bbox 404 902 620 952; x_wconf 79' lang='grc' dir='ltr'><strong><em>ἔγραφεν</em></strong></span> <span class='ocrx_word' id='word_1_115' title='bbox 598 920 621 952; x_wconf 88' lang='grc' dir='ltr'><strong><em>η</em></strong></span> <span class='ocrx_word' id='word_1_116' title='bbox 647 904 834 942; x_wconf 81' lang='grc' dir='ltr'><strong><em>Μουσέων</em></strong></span> <span class='ocrx_word' id='word_1_117' title='bbox 867 903 936 942; x_wconf 80' lang='grc' dir='ltr'><strong><em>σὺν</em></strong></span> <span class='ocrx_word' id='word_1_118' title='bbox 962 908 1026 960; x_wconf 83' lang='grc' dir='ltr'><strong><em>μιῇ</em></strong></span> <span class='ocrx_word' id='word_1_119' title='bbox 1054 902 1296 952; x_wconf 57' lang='grc' dir='ltr'><strong><em>ἢηΥαρίτων,</em></strong></span> <span class='ocrx_word' id='word_1_120' title='bbox 1329 917 1449 953; x_wconf 84' lang='lat' dir='ltr'>neque</span> <span class='ocrx_word' id='word_1_121' title='bbox 1480 907 1609 943; x_wconf 74' lang='lat' dir='ltr'><strong>tamen</strong></span> <span class='ocrx_word' id='word_1_122' title='bbox 1640 906 1689 942; x_wconf 78' lang='lat' dir='ltr'><strong><em>ad</em></strong></span> 
     </span>
     <span class='ocr_line' id='line_1_13' title="bbox 153 953 1023 991; baseline -0.001 -1"><span class='ocrx_word' id='word_1_123' title='bbox 153 953 312 990; x_wconf 82' lang='lat' dir='ltr'><strong>eundem</strong></span> <span class='ocrx_word' id='word_1_124' title='bbox 338 953 491 991; x_wconf 90' lang='lat' dir='ltr'><strong>modum</strong></span> <span class='ocrx_word' id='word_1_125' title='bbox 516 954 614 991; x_wconf 81' lang='lat' dir='ltr'><strong>huno</strong></span> <span class='ocrx_word' id='word_1_126' title='bbox 639 953 763 991; x_wconf 86' lang='lat' dir='ltr'><strong>locum</strong></span> <span class='ocrx_word' id='word_1_127' title='bbox 791 954 1023 991; x_wconf 84' lang='lat' dir='ltr'>correxerim.</span> 
     </span>
    </p>
   </div>
  </div>
 </body>
</html>
