1890 3216
245 183 334 226 464
834 176 1186 223 IAMssocR‘APHI.

244 294 322 349 ἔφη
366 292 564 346 Ἱππῶναξ
619 294 830 339 Βούπαλον
880 294 1207 351 ἆγαλματοποιόν.
1278 301 1458 341 Delenda
1501 302 1646 354 stigme
1689 305 1782 354 post

245 357 481 415 ἀνδριάντα,
513 377 605 403 nam
638 365 833 413 lapideam
863 367 1034 403 statuam
1063 365 1194 416 ipsum
1227 367 1430 418 Bupalum
1461 368 1619 408 dixerat
1647 371 1778 420 poeta,

243 428 285 466 id
316 431 378 467 est
409 429 609 467 hominem
642 429 849 480 stolidum,
883 431 930 469 cf.
963 430 1081 470 Plato
1115 432 1234 483 Hipp.
1261 434 1354 473 Mai.
1381 435 1464 473 282
1482 434 1536 473 D:
1569 429 1689 474 οὐδέν
1721 446 1783 474 σοι

244 496 391 545 μᾶλλον
428 495 614 547 γεγωνεῖν
652 491 825 547 δύναμαι
867 491 893 547 ἢ
938 495 978 535 εἴ
1002 511 1068 547 μοι
1105 494 1370 551 παρακάθησο
1409 499 1522 547 λίθος
1564 497 1629 539 καὶ
1668 491 1782 548 οὗτος

243 559 399 610 μυλίας,
439 556 532 611 μήτε
571 552 650 600 ὦτα
686 554 774 612 μήτ’
816 559 1034 614 ἐγκέφαλον
1077 560 1188 614 ἔχων.
1249 565 1494 616 Heraclitus,
1533 565 1602 615 qui
1638 565 1780 614 fertur,

244 626 358 675 epist.
386 627 430 664 4:
464 621 681 677 ἅνθρωπος
711 626 914 678 λοιδορίαν
945 630 1130 678 ποιεῖται,
1162 629 1316 678 λίθινος
1347 630 1382 669 εἰ
1411 628 1578 683 λέγοιτο,
1609 626 1705 679 θεὸς
1740 627 1784 670 δὲ

242 686 492 742 ἀληθεύεται,
525 687 576 739 ὡς
608 687 703 744 (leg.
735 687 803 746 ὂς)
835 694 949 732 τοῦτο
980 688 1022 732 τὸ
1055 689 1264 746 εὐώνυμον
1296 693 1338 734 ἐκ
1369 697 1556 747 κρημνῶν
1587 697 1780 749 γεννᾶται.

244 769 362 806 quem
403 757 535 796 locum
578 770 706 808 neque
757 758 1038 798 Westermann
1079 773 1208 810 neque
1254 761 1434 812 Bernays
1485 762 1781 811 expediverunt.

242 821 416 860 Mithrae
455 822 561 860 enim
599 835 712 862 sacra
749 825 1036 875 respiciuntur,
1079 827 1147 876 qui
1178 827 1300 877 vulgo
1332 821 1428 874 θεὸς
1460 824 1502 866 ἐκ
1533 824 1674 879 πέτρας
1705 827 1782 866 dici

243 887 398 926 solebat
430 882 604 941 (Firmic.
634 903 671 939 p.
695 890 747 928 28
776 892 817 928 et
838 885 912 944 29)
944 891 1010 930 vel
1040 887 1276 944 πετρογενὴς
1303 887 1461 944 (Lydus
1493 892 1541 931 de
1567 905 1690 932 mens.
1716 892 1781 931 III

243 947 333 1006 26).
383 954 468 993 Hoc
508 954 612 993 enim
645 954 741 994 dicit
773 956 942 1005 scriptor
973 957 1184 1007 epistolae:
1228 957 1398 1008 quilibet
1429 958 1526 996 deus
1557 971 1651 997 vere
1682 958 1780 1008 lapi-

246 1019 344 1058 deus
382 1019 460 1058 dici
485 1021 634 1070 potest,
667 1020 756 1059 laus
783 1021 904 1060 etiam
930 1023 1009 1071 est,
1043 1035 1091 1060 ex
1115 1023 1246 1072 lapide
1272 1025 1514 1073 prognatum
1542 1036 1629 1062 esse
1654 1023 1783 1064 deum.

243 1085 465 1124 Mithriacis
494 1086 598 1124 0111111
626 1086 749 1125 sacris
775 1087 893 1127 homo
921 1087 1190 1137 Christianus,
1223 1089 1290 1139 qui
1310 1070 1396 1128 ⁸hoc
1428 1089 1657 1139 epistolium
1687 1089 1780 1128 ficto

241 1151 435 1190 Heracliti
466 1151 624 1190 nomine
658 1152 794 1197 edidit,
825 1153 922 1204 fuit,
953 1155 1000 1192 ut
1030 1154 1117 1192 fieri
1150 1154 1322 1203 solebat,
1353 1153 1651 1194 infestissimus.

928 1281 992 1323 11.
1026 1281 1101 1334 [4.]

318 1365 400 1420 ‘¹529
432 1368 478 1412 οἷ
507 1367 588 1424 μὲν
621 1365 724 1423 ἄγεϊ
752 1367 975 1429 Βουπάλςο
1008 1371 1278 1427 κατηρῶντο.

335 1523 392 1558 Fr.
423 1527 477 1558 11.
505 1523 655 1559 Tzetzes
668 1524 864 1581 Lycophr
896 1527 983 1559 436:
1002 1520 1081 1559 Ὅτι
1108 1522 1150 1559 δὲ
1177 1520 1344 1580 &7129st
1364 1522 1544 1571 μυσαρός,
1582 1522 1620 1569 ἐξ
1648 1518 1692 1561 οὗ
1718 1524 1779 1562 λε’-

239 1584 345 1615 γεται
371 1570 435 1606 καὶ
461 1568 480 1606 6
507 1567 632 1616 α’γιος,
661 1567 681 1606 6
709 1569 893 1617 μυσαρός,
921 1568 1145 1615 Ιππῶναξ
1179 1573 1311 1617 φησίν·
1335 1567 1401 1613 Ως
1426 1575 1499 1609 κτλ.
1549 1573 1656 1608 Adde
1683 1571 1778 1609 Chil.

241 1618 328 1652 XIII
349 1622 417 1653 322
445 1619 483 1654 et
502 1618 665 1654 Plotium
692 1619 737 1653 de
758 1619 865 1655 Metr
888 1623 969 1664 272,
995 1620 1061 1654 sed
1086 1619 1139 1655 ibi
1165 1620 1245 1656 cod.
1266 1619 1381 1656 Gaisf.
1405 1622 1781 1656 ΚΛΑΖΟΜΕΝΙΟΤ

240 1666 750 1702 ΒΟΤΝΑΛΟΟΚΑΘΗΙΝΕ
777 1666 938 1712 exhibet,
960 1648 1036 1703 hoc
1063 1669 1121 1703 est
1144 1667 1188 1705 fr.
1212 1671 1267 1713 13,
1293 1667 1347 1703 ita
1370 1668 1411 1702 ut
1430 1667 1628 1704 Putschius
1653 1668 1707 1704 ibi
1732 1668 1778 1704 de

242 1713 457 1749 coniectura
482 1714 525 1749 fr.
556 1719 597 1750 11
630 1713 838 1750 restituisse
871 1715 1078 1750 censendus
1111 1715 1169 1750 sit.
1198 1736 1241 1741 —
1268 1712 1360 1760 ἁγεῖ
1384 1715 1568 1751 traditum
1592 1715 1779 1759 revocavi,

241 1760 439 1797 offensioni
469 1761 543 1797 fuit
567 1762 749 1807 producta
774 1762 916 1798 vocalis
949 1767 993 1807 οἳ,
1028 1773 1111 1797 011111
1138 1763 1388 1808 compositum
1416 1759 1553 1809 ἐναγής
1578 1765 1618 1799 et
1641 1774 1779 1799 nomen

239 1806 743 1903 ἕὲδῗαοᾙξῖῧὲἓέῗᾶγῗὲᾶ
754 1810 1004 1914 μῗῖἷιῐῖἒῗὲῗ
1023 1809 1778 1918 affaffssgffizitffizfffffflgffistss

239 1904 399 1950 correxi,
439 1907 477 1941 et
514 1905 759 1950 Empedocles
787 1909 853 1940 191
893 1901 1015 1950 ἆθρεῖ
1045 1903 1114 1951 μὲν
1151 1903 1224 1951 γὰρ
1263 1903 1427 1946 ἄνοικτος
1466 1904 1640 1941 ἐναντίον
1680 1903 1777 1951 ἆγέα

238 1933 399 1997 κύκλον,
414 1964 510 1988 unus
538 1952 638 1989 enim
663 1952 830 1988 Naekius
857 1953 906 1988 ad
931 1952 1182 1989 011οο111180
1208 1952 1400 1999 perspexit
1425 1953 1664 2011 Empedoclis
1695 1965 1776 1989 ver-

238 2011 319 2035 sum
344 1999 392 2035 ab
419 2000 680 2046 Hipponacteo
706 2011 783 2036 non
808 2011 888 2035 esse
921 2001 1211 2055 segregandum,
1245 2000 1431 2046 siquidem
1465 1998 1561 2046 ἁγὴς
1585 2001 1647 2037 vel
1682 1997 1778 2047 ἆγὴς

238 2047 372 2083 Graeci
405 2047 719 2093 quemadmodum
755 2048 881 2083 Latini
904 2059 1007 2084 sacer
1033 2049 1071 2083 in
1091 2050 1288 2093 utramque
1307 2050 1454 2103 partem
1475 2048 1653 2085 adhibere
1675 2048 1777 2084 soliti

237 2095 328 2140 sint,
363 2095 402 2130 id
438 2096 539 2140 quod
576 2107 711 2132 nomen
743 2093 835 2141 ἄγος
872 2095 983 2152 plane
1015 2096 1158 2154 arguit:
1193 2099 1317 2132 errant
1349 2097 1448 2132 enim
1479 2096 1544 2141 qui
1576 2095 1777 2132 commenti

237 2146 324 2179 sunt
356 2155 424 2188 pro
457 2143 620 2179 notionis
652 2143 868 2179 diversitate
901 2139 994 2189 ἄγος
1026 2147 1064 2179 et
1095 2140 1188 2189 ἄγος
1227 2144 1464 2180 scribendum
1496 2155 1593 2180 esse.
1631 2145 1774 2180 veteres

237 2191 354 2226 Attici
385 2191 571 2249 aspirant,
604 2192 711 2227 Iones
742 2191 899 2237 psilosin
932 2191 1129 2238 adamant,
1161 2190 1290 2236 itaque
1322 2192 1436 2227 etiam
1467 2191 1507 2227 in
1538 2191 1773 2237 Hipponacte

237 2249 282 2273 ex
306 2250 380 2274 uno
407 2239 502 2275 libro
529 2236 622 2284 αγεῖ
640 2238 789 2274 videtur
823 2238 1107 2275 restituendum
1151 2236 1422 2293 Primigenium
1448 2236 1543 2284 ἇγὴς
1569 2239 1777 2293 paullisper

238 2286 352 2321 cessit
390 2286 608 2332 compositis
642 2283 783 2332 εὐαγής
815 2288 854 2322 et
886 2283 1024 2332 ἐναγής
1058 2286 1167 2332 (illud
1199 2286 1238 2323 in
1269 2287 1428 2332 bonam,
1463 2288 1535 2323 hoc
1566 2286 1606 2322 in
1637 2286 1775 2322 malam

239 2336 386 2379 partem
412 2335 486 2370 (1101
513 2335 625 2378 solet,
659 2346 816 2379 quorum
851 2339 875 2368 ἄ
909 2334 1124 2380 corripitur,
1156 2335 1219 2370 sed
1251 2315 1491 2370 Parmenides
1520 2339 1587 2370 134
1618 2334 1683 2370 καὶ
1708 2346 1773 2369 κοι-

241 2382 368 2425 θαρᾶς
394 2379 552 2427 εὖαγέος
577 2381 719 2428 ἠελίοιο
746 2378 942 2427 λαμπαδος
968 2380 1059 2427 ἔργα
1092 2382 1288 2427 produxit,
1323 2382 1424 2418 cuius
1455 2382 1558 2418 vocis
1591 2382 1771 2427 interpre—

241 2429 423 2465 tationem
455 2430 703 2486 Empedoclis
730 2440 857 2466 versus
895 2429 1112 2474 planissime
1150 2430 1289 2474 firmat3
1327 2430 1419 2466 item
1458 2429 1646 2487 Aristoph.
1673 2429 1769 2465 Nub.

242 2481 310 2513 276
338 2474 472 2513 οιέναοι
497 2476 655 2522 νεφέλαι
680 2474 861 2523 ἀρθῶμεν
889 2478 1054 2534 φανεραὶ
1080 2475 1265 2534 δροσερὰν
1291 2475 1406 2523 φύσιν
1434 2474 1644 2536 εὐάγητον,
1671 2477 1770 2522 quod

242 2526 372 2560 eodem
399 2527 458 2561 est
481 2525 591 2561 modo
618 2526 772 2569 dictum,
792 2535 865 2569 quo
892 2521 1058 2570 εὐαγεῖς
1068 2522 1193 2570 χιόνος
1213 2527 1325 2571 βολαί
1344 2525 1402 2561 vel
1421 2521 1534 2570 ἀέρος
1552 2522 1594 2560 τὸ
1616 2522 1771 2570 ευαγέσ-

241 2585 366 2609 τατον.
416 2573 502 2608 Alia
527 2584 676 2618 quoque
702 2572 887 2608 voeabula
910 2572 1063 2608 brevem
1088 2572 1215 2618 stirpis
1234 2573 1404 2608 vocalem
1423 2572 1644 2618 producunt,
1667 2571 1772 2608 velut

240 2617 313 2665 ἠκὴ
339 2620 586 2656 Archilochus
612 2620 723 2666 dixit,
749 2621 840 2655 item
861 2616 940 2678 ἀγή
969 2617 1148 2678 (αγνυμι),
1180 2631 1406 2665 quamquam
1441 2620 1599 2655 fortasse
1635 2619 1770 2677 aliquis

241 2668 312 2703 hoc
338 2668 521 2704 coaluisse
548 2679 591 2702 ex
617 2649 762 2714 αᾶῑαγὴ,
787 2669 830 2702 ut
853 2664 925 2713 ἄτη
953 2679 997 2703 ex
1022 2664 1152 2712 αῈοὶτη
1179 2667 1375 2712 existimet,
1397 2668 1462 2703 sed
1481 2667 1649 2703 Ionicum
1674 2663 1769 2712 ἠγὸν

241 2716 264 2772 i‚.
292 2726 323 2750 0.
348 2716 483 2761 frayile
507 2716 594 2751 111110
617 2715 788 2772 opinioni
813 2715 1042 2759 adversatur,
1063 2715 1222 2759 denique
1242 2726 1337 2760 quae
1363 2715 1411 2751 ab
1431 2711 1519 2773 ἄγω
1538 2714 1771 2750 descendunt

240 2759 333 2817 ἠγός
359 2760 655 2809 (Ηοογ011.ἠγὸν
681 2760 748 2798 τὸν
774 2759 984 2808 ευδαίμονα
1004 2761 1128 2804 Ἴωνες
1151 2761 1337 2808 λέγουσιν,
1356 2763 1379 2798 i.
1401 2774 1436 2800 e.
1452 2759 1548 2819 ἀγὸν
1567 2762 1644 2798 sive
1659 2763 1769 2807 prin·—

241 2811 366 2855 cipem,
393 2811 566 2856 divitem),
591 2811 690 2846 unde
717 2807 906 2856 εὐηγεσίη,
931 2808 1112 2857 περιηγὴς
1138 2811 1177 2846 et
1194 2807 1387 2856 περιαγής,
1415 2810 1480 2845 sed
1505 2806 1644 2855 εὖαγὴς
1668 2809 1769 2846 vide-

242 2859 302 2892 tur
343 2858 456 2904 vulgo
490 2859 601 2894 breve
632 2859 765 2900 fuisse,
805 2858 879 2894 nisi
915 2859 1016 2903 quod
1047 2857 1230 2894 Leonidas
1261 2858 1373 2893 Anth.
1400 2857 1452 2892 VI
1481 2861 1552 2893 204
1583 2856 1767 2903 produxit.

240 2904 319 2939 Iam
344 2905 383 2939 in
418 2906 666 2963 Hipponactis
697 2917 823 2949 versu,
856 2916 941 2941 cum
972 2905 1168 2952 productio
1198 2915 1273 2941 non
1303 2901 1538 2941 admittenda
1568 2904 1768 2947 videretur,

241 2951 437 2997 legendum
466 2953 584 2989 suasit
638 2950 726 2998 ἆγέϊ
755 2953 834 2997 Fix,
865 2950 1000 2998 ἐναγεῖ
1018 2953 1200 2997 Meineke,
1227 2953 1339 2999 vulgo
1365 2949 1457 2998 ἆγεῖ
1481 2951 1617 2998 (Tzetz.
1645 2952 1768 2998 priore
