1890 3216
765 479 963 523 XXXIII.
1567 489 1632 520 cll

521 573 1207 625 ANTIMAOHUS.

770 692 953 727 ΛΎΔΗ.
1195 686 1199 690 ’

848 767 882 808 1.

216 848 475 906 Φεύγουτας
506 852 634 906 γαίης
666 851 819 892 ἔκτοθι
854 846 1102 900 Δωτιιίόος.

505 1000 512 1010 α
841 946 881 987 2.

152 1030 293 1087 Γενεᾷ
326 1026 599 1086 Καβάρνους
629 1029 774 1085 θῆκεν
799 1025 1024 1085 ’ἄγακλέας
1057 1024 1314 1085 ὀργειῶνας.

841 1126 880 1168 3.

155 1206 267 1254 Εἶπε
299 1208 348 1254 δὲ
380 1207 613 1266 φωνήσας·
646 1206 851 1265 Πόλυβε,
883 1206 1133 1265 θρεπτήρια
1165 1206 1301 1251 τάσδε

211 1282 375 1333 ἵππους
405 1298 474 1325 τοι
507 1279 639 1324 δώσω
674 1280 932 1337 δυσμενέων
965 1278 1137 1332 ἐλάσας.

827 1376 902 1420 *4.

155 1495 373 1507 ......
414 1459 523 1505 Τότε
557 1458 612 1517 δὴ
646 1460 819 1519 χρυσέῳ
852 1461 900 1504 ἐν
935 1460 1068 1504 δέπαϊ

150 1531 324 1578 Ἠέλιον
356 1531 584 1590 πόμπευεν
616 1532 899 1590 ἀγακλυμένη
929 1530 1153 1597 Ἐρύθεια.

830 1629 902 1672 *5.
1569 1638 1637 1669 612

157 1714 217 1757 Οἵ
246 1712 359 1771 (σοι)
389 1714 481 1757 τῶν
513 1710 720 1769 μεγάλων
753 1711 957 1770 ἔρκτορές
989 1713 1075 1756 εἰσι
1107 1713 1271 1755 κακῶν.

189 1819 504 1856 Antimachus.
556 1819 616 1855 Fr.
645 1823 675 1856 1.
722 1819 812 1865 Step
814 1819 849 1855 h.
878 1819 962 1865 Byz.
991 1830 1024 1854 v.
1054 1816 1201 1854 Δώτιον
1229 1847 1236 1854 .
1260 1848 1266 1854 .
1290 1847 1296 1854 .
1324 1821 1388 1854 καὶ
1415 1815 1564 1859 Λωτιάς
1590 1814 1639 1858 ὡς

100 1865 203 1909 Ῑλιὰς
226 1868 294 1904 τοῦ
318 1864 476 1908 Ἰλιεύς.
529 1895 536 1902 .
558 1867 622 1903 καὶ
639 1831 851 1925 Ἀντίμαχος
872 1864 913 1903 ἐν
933 1865 1134 1925 δευτέρῳ
1153 1863 1298 1925 Λύδης·
1327 1863 1543 1912 φεύγοντας
1563 1869 1637 1901 κτλ.

188 1915 248 1951 Fr.
275 1920 307 1951 2
359 1915 466 1951 Phot.
494 1919 576 1960 344,
600 1919 638 1951 7:
662 1913 898 1974 Ὀργεῶνες.
986 1916 1128 1960 ογοῦν
1153 1912 1364 1960 Ἀντίμαχος
1391 1912 1433 1951 ἐν
1459 1915 1503 1961 τῇ
1531 1911 1637 1974 Λύὸῃ

94 1967 232 2009 γενεαῖ
250 1961 478 2011 Καβάρνους
507 1963 634 2009 θῆκεν
666 1961 856 2021 ἄγακλέας
888 1945 1091 2021 ὄργιωνας,
1126 1963 1181 1998 ita
1207 1963 1286 1999 cod.
1315 1963 1380 1998 sed
1406 1974 1518 2008 supia
1543 1960 1637 2020 ἄβα-

93 2010 216 2052 κλέας.
269 2011 410 2047 Eadem
438 2010 571 2047 Suidas
604 2024 630 2047 s,
657 2024 691 2047 v.
714 2007 934 2057 Ὀργεῶνες·
972 2008 992 2046 ὁ
1026 2011 1119 2056 ’γοῦν
1142 2007 1354 2068 Ἀντίμαχος
1387 2008 1429 2046 ἐν
1460 2011 1504 2056 τῇ
1531 2009 1637 2056 Λύὸῃ

94 2060 208 2109 γενεᾷ
242 2058 471 2107 Καβάρνους
507 2059 633 2104 θῆκεν
672 2056 865 2108 αβακλέας
903 2056 1108 2119 (αβλακέας
1134 2057 1192 2117 C)
1216 2055 1419 2116 ὀργεῶνας.
1471 2059 1639 2103 Respicit

98 2107 273 2166 Harpocr.
285 2118 336 2164 p.
366 2111 445 2150 139,
473 2111 511 2142 3:
546 2105 585 2142 οἴ
607 2105 737 2166 μέντοι
762 2107 916 2152 ποιηταὶ
944 2106 1098 2143 ἔταττον
1125 2120 1292 2152 τουνομα
1320 2103 1447 2147 ἁπλῶς
1475 2104 1537 2141 ἐπὶ
1563 2107 1638 2141 τῶν

95 2151 244 2211 ἱερέων,
272 2151 321 2195 ὡς
342 2151 555 2201 Ἀντίμαχός
579 2154 620 2190 τέ
646 2168 719 2191 που
746 2154 811 2190 καὶ
832 2152 1010 2200 Αἰσχύλος
1037 2152 1078 2191 ἐν
1101 2157 1256 2195 Μυσοῖς.
1296 2154 1468 2189 Valesius
1496 2152 1638 2199 γένναν

97 2183 315 2285 Καὲοἱρνου
323 2202 448 2247 θῆκεν
469 2202 620 2248 scripsit
639 2203 807 2259 (rectius
811 2203 978 2238 dedisset
995 2201 1136 2248 γένναν
1155 2203 1264 2262 θῆκε
1279 2199 1512 2262 Καβάρνου),
1534 2201 1638 2237 Gais-

95 2250 153 2286 for
199 2251 238 2285 et
255 2249 503 2286 Friedemann
523 2247 565 2286 ἐν
585 2250 627 2298 τῇ
649 2248 755 2297 Λύδῃ
775 2247 826 2296 γ’·
855 2248 1000 2286 Ἔνθα
1021 2251 1224 2296 (Hermann
1247 2247 1294 2286 ἐν
1314 2249 1378 2294 δὲ)
1400 2248 1638 2307 Καβάρνους.

95 2297 254 2334 Videtur
279 2297 547 2344 grammassicus
573 2309 647 2334 non
673 2298 862 2358 integrum
887 2299 1011 2334 locum
1032 2298 1267 2344 adhibuisse,
1293 2298 1378 2334 forb.
1399 2311 1540 2343 γενεαν
1560 2301 1638 2333 Κα-

96 2342 258 2392 βάρνου,
285 2347 445 2391 φησίν,
470 2346 595 2390 θῆκεν
614 2349 690 2382 κτλ.
713 2367 752 2372 -
780 2344 975 2392 Ἀβακλέας
1002 2345 1152 2382 fuerunt
1176 2346 1240 2392 qui
1258 2327 1514 2388 ’defendere-nt,
1540 2347 1638 2382 tam·
1688 2380 1690 2382 .
1730 2356 1736 2361 ·

96 2405 209 2439 quam
228 2393 419 2438 Lydorum
436 2374 569 2439 'lingua
589 2394 803 2430 sacerdotes
824 2393 917 2430 dicti
935 2396 1075 2439 essent,
1101 2394 1186 2430 vide
1211 2395 1364 2442 praefici
1382 2393 1637 2429 Iablonskium

96 2440 139 2476 G.
160 2441 246 2487 Hup
248 2440 326 2476 feld
350 2440 685 2478 Exerc.He1·.odo†›
715 2442 766 2477 111
792 2445 824 2477 9.

137 2512 141 2517 ·
191 2488 250 2525 Fr.
277 2493 310 2524 3.
362 2488 486 2525 Schol.
513 2487 644 2546 Eurip.
666 2489 805 2525 Phoen.
833 2493 895 2525 44:
932 2485 991 2525 ὅτι
1017 2487 1059 2525 δὲ
1086 2486 1249 2538 Πολύβῳ
1277 2487 1395 2525 ἔδωκε
1425 2488 1638 2549 (Οἰδίπους)

96 2533 185 2578 τοὺς
203 2537 353 2582 ΐππους,
373 2536 438 2572 καὶ
456 2533 666 2595 Ἀντίμαχός
686 2549 803 2582 φησιν
825 2537 877 2580 (Μ
897 2534 1127 2596 Αὐτόμαχος,
1149 2537 1175 2572 C
1196 2538 1423 2593 Λυσίμαχος)
1451 2534 1492 2573 ἐν
1514 2534 1636 2584 Λυδῃ·

98 2582 179 2620 εἷπε
206 2587 282 2620 κτλ.
310 2605 353 2611 -
379 2585 423 2621 V.
451 2589 481 2620 1.
508 2586 621 2620 τασδε
651 2584 792 2631 sciipsi‚
819 2585 933 2631 vulgo
959 2586 1069 2629 ταδε,
1097 2586 1235 2621 Bai-nes
1220 2585 1296 2620 ius
1322 2585 1459 2629 ταῦτα,
1487 2585 1638 2620 Dubner

98 2630 253 2716 τούσίῑ.
280 2684 313 2716 4
352 2680 487 2716 Athen.
508 2679 558 2715 XI
579 2679 711 2715 469D:
739 2693 797 2716 οτι
823 2678 866 2715 δε
893 2680 958 2715 καὶ
985 2677 1004 2715 ὁ
1023 2676 1150 2721 Ηλιος
1176 2676 1238 2716 ἐπὶ
1264 2680 1444 2738 ποτηρίου
1471 2681 1636 2726 διεκομι-

92 2729 183 2771 >ζετο
210 2724 273 2764 ἐπὶ
298 2725 366 2773 τὴν
393 2724 514 2785 δυσιν,
541 2728 770 2773 Στησίχορος
795 2725 865 2773 μὲν
892 2723 1011 2768 ου’τως
1023 2729 1158 2786 φησιν
1179 2756 1186 2763 .
1210 2756 1216 2762 .
1239 2756 1245 2762 .
1274 2726 1339 2762 καὶ
1361 2724 1572 2785 Ἀντίμαχος
1598 2724 1636 2762 δ’

101 2772 238 2811 οὑτωσὶ
263 2774 380 2832 λέγει·
407 2773 489 2812 τότε
517 2774 563 2821 δὴ
592 2779 665 2811 κτλ.
701 2796 744 2801 -
781 2775 824 2812 V.
854 2779 884 2810 1.
917 2773 1062 2823 χρυσέῳ
1088 2774 1236 2832 scripsi,
1270 2775 1383 2820 vulgo
1411 2772 1565 2823 εὕχρεῳ.
1593 2796 1637 2801 -

101 2821 145 2858 V.
172 2827 205 2860 2.
234 2820 285 2859 πό
314 2836 432 2859 πευεν
459 2823 802 2869 Schweighaeuser,
828 2827 978 2869 πομπεῖ
995 2823 1046 2868 Α,
1072 2820 1214 2869 πόμπει
1240 2822 1287 2867 Β,
1314 2821 1454 2868 πέμπει
1481 2823 1521 2867 Ρ,
1547 2821 1637 2869 πέμ·

101 2882 240 2907 πεσκεν
303 2871 349 2916 L,
375 2869 566 2917 πέμπησιν
593 2870 702 2907 Stoll.

197 2918 257 2956 Fr.
283 2923 316 2956 5.
357 2918 489 2974 Etym.
517 2918 566 2956 M.
593 2923 680 2963 375,
707 2923 769 2955 40:
811 2917 968 2976 ἕρκτωρ,
995 2915 1015 2954 ὁ
1041 2917 1267 2964 πρακτικός,
1287 2914 1516 2965 Ἀντίμαχος
1551 2919 1638 2954 τῶν

102 2967 177 3002 κτλ.
204 2965 238 3002 V
264 2963 302 3002 οἴ
323 2965 409 3011 τῶν,
435 2967 534 3003 unde
560 2946 793 3002 Valck’enaei
819 2963 946 3003 ὅσσοι
973 2966 1140 3013 scripsit,
1167 2978 1236 3012 ego
1263 2967 1313 3002 οἵ
1331 2978 1400 3002 σοι
1427 2966 1525 3002 τῶν.

175 3032 305 3058 Pom-An
326 3032 474 3059 Lyn.11.
1310 3030 1351 3061 19
