1890 3216
797 187 1061 227 THEOGNIS.
1614 185 1695 228 137

255 294 428 355 Κριοὺς
459 296 541 355 μὲν
573 297 646 342 καὶ
679 295 815 350 ὅνους
847 295 1085 354 διζήμεθα,
1119 294 1294 354 Κύρνε,
1326 294 1399 340 καὶ
1431 295 1592 347 ἵππους

313 366 542 426 εὐγενίας,
575 373 653 413 καί
680 385 746 422 τις
777 367 986 426 βούλεται
1019 369 1064 421 ἐξ
1095 365 1285 425 ἀγαθῶν

162 449 229 486 185
256 438 495 499 βήσεσθαι·
527 443 666 497 γῆμαι
699 439 748 485 δὲ
779 438 923 497 κακὴν
955 442 1095 483 κακοῦ
1128 437 1182 483 οὐ
1215 441 1464 496 μελεδαίνει

313 509 477 564 ἐσθλὸς
508 508 647 569 ἀνήρ,
679 510 736 568 ἥν
770 514 817 556 οἱ
844 509 1047 569 χρήματα
1078 508 1220 555 πολλὰ
1256 512 1379 570 διδῷ.
1632 521 1700 555 498

137 561 365 655 ᾅῗύδὲ
393 580 510 640 ’γυνὴ
543 585 686 626 κακοῦ
719 580 887 640 ἀνδρὸς
918 579 1149 627 ἀναίνεται
1181 579 1297 626 εἶναι
1330 542 1553 633 ἄκοιτις)4

316 657 558 710 πλουσίου,
591 651 692 698 ἀλλ’
728 651 902 711 ἀφνεὸν
934 652 1142 710 βούλεται
1174 651 1271 697 ἀντ’
1308 650 1500 710 ἀγαθοῦ.

257 725 459 785 χρήματα
490 724 576 784 γὰρ
607 727 788 782 τιμῶσι·
820 725 893 769 καὶ
927 726 973 769 ἐκ
1004 727 1146 769 κακοῦ
1179 723 1343 777 ἐσθλὸς
1374 727 1554 781 ἔγημεν,

163 810 233 844 190
317 796 391 842 καὶ
422 795 556 850 κακὸς
588 798 631 851 ἐξ
663 795 861 854 ἀγαθοῦ·
895 798 1087 849 πλοῦτος
1119 797 1236 853 ἔμιξε
1267 796 1408 853 γένος.

258 868 377 915 οὕτω
409 867 468 927 μὴ
499 867 702 926 θαύμαζε
733 869 886 925 γένος,
919 869 1217 924 Πολυπαΐδη,
1249 865 1400 911 ἀστῶν

317 942 640 999 μαυροῦσθαι·.
658 938 745 984 σὺν
776 938 863 997 γὰρ
896 942 1099 997 μίσγεται
1131 937 1272 984 ἐσθλὰ
1302 948 1508 1022 κακοῖςῖβ

262 1058 404 1114 Αὐτός
435 1077 505 1105 τοι
535 1058 703 1117 ταύτην
737 1057 869 1113 εἰδώς
899 1057 1173 1117 κακόπατριν
1206 1060 1370 1104 ἐοῦσαν

321 1135 384 1187 εἰς
416 1137 567 1185 οἴκους
597 1129 771 1189 ἄγεται,
802 1129 998 1189 χρήμασι
1030 1130 1321 1188 πειθόμενος,

163 1288 330 1325 Annales
357 1287 476 1333 Enni,
502 1291 610 1333 atque
633 1290 714 1323 stuc
739 1298 856 1323 unum
882 1290 934 1323 est
959 1287 1080 1322 maius
1105 1287 1230 1331 multo,
1256 1297 1365 1332 quam
1389 1288 1486 1332 quod
1512 1288 1595 1323 dixi
1619 1290 1707 1323 ante

265 1348 298 1372 α.
349 1336 465 1372 Recte
503 1336 622 1382 igitur
659 1334 882 1371 Aristoteles
920 1334 1150 1380 Theognidis
1187 1330 1390 1380 ὑποθήκας
1430 1331 1523 1379 πρὸς
1554 1333 1705 1380 Κύρνον

162 1383 332 1431 appellat
355 1384 526 1428 ποίησιν,
552 1384 591 1418 ei:
609 1379 704 1428 ἀρχὴ
725 1380 912 1427 ποιήσεως
932 1384 1000 1426 est,
1020 1386 1064 1417 ut
1083 1382 1172 1417 oiim
1193 1381 1281 1425 dixi,
1303 1383 1429 1427 prima
1449 1383 1558 1418 huius
1579 1383 1702 1428 operis

163 1432 288 1478 οῑερία,
315 1442 411 1477 quae
436 1430 670 1477 prooemium
697 1430 859 1476 excepit:
886 1441 1006 1475 neque
1036 1429 1202 1474 offendit,
1224 1430 1322 1475 quod
1342 1430 1587 1475 philosophus
1606 1430 1703 1466 hano

163 1479 315 1525 ποίησιν
342 1480 470 1514 censet
495 1477 720 1524 σύγγραμμα
746 1477 833 1522 περὶ
858 1474 1075 1523 ἀνθρώπων
1102 1488 1193 1518 esse,
1227 1477 1421 1513 commode
1441 1477 1555 1513 tohius
1581 1479 1704 1524 operis

163 1527 381 1563 institutum
406 1525 635 1572 significans,
668 1536 754 1560 nam
783 1522 1010 1571 σύγγραμμα
1042 1524 1138 1560 nibil
1170 1525 1272 1560 aliud
1307 1526 1364 1560 est
1395 1537 1507 1570 quam
1535 1526 1635 1562 liber.
1663 1547 1706 1552 —

164 1573 209 1611 V.
237 1578 316 1610 183.
343 1571 474 1619 κριοὺς
499 1571 568 1620 μὲν
594 1572 659 1608 καὶ
685 1569 810 1617 ὄνους,
842 1570 962 1613 κύνας
986 1571 1056 1618 μὶν
1083 1570 1130 1617 δὴ
1163 1573 1235 1607 νῶϊ
1266 1573 1366 1608 Stob.
1418 1572 1591 1608 Ceterum
1624 1573 1708 1609 imi-

164 1623 267 1658 tatus
303 1622 362 1657 est
397 1621 491 1658 haec
524 1618 819 1666 Pseudophocyl.
854 1633 887 1656 v.
920 1624 1000 1657 201.
1036 1641 1082 1646 —
1121 1618 1328 1665 διζήμεθα,
1369 1621 1571 1666 διζοίμεθα
1608 1621 1708 1667 apud

164 1669 333 1716 Xenoph.
362 1668 466 1705 Stob.
492 1669 566 1704 duo
593 1668 700 1704 codd.
728 1667 831 1714 (AB).
854 1689 897 1694 -——
919 1667 963 1704 V.
987 1671 1066 1703 184.
1093 1664 1286 1712 εὐγενέας,
1313 1663 1511 1713 εὐγενείας
1536 1667 1704 1714 Xenoph.

165 1717 246 1758 (sed
280 1718 313 1752 A
345 1716 468 1752 Trine.
501 1712 702 1761 εὐγενίας).
736 1736 780 1742 -
815 1729 888 1761 τις,
919 1728 977 1751 τοι
1010 1714 1179 1761 Xenoph.
1217 1714 1295 1760 (sed
1332 1728 1386 1756 τις
1421 1716 1453 1750 Α
1486 1716 1590 1751 Voss.
1624 1718 1705 1753 Ars.

165 1764 314 1810 Trium).
348 1784 392 1790 —
425 1760 604 1809 ἀγαθῶν,
636 1759 790 1809 ἀγαθοῦ
826 1763 995 1809 Xenoph.
1029 1762 1109 1809 (sed
1140 1758 1302 1808 ἀγαθῶν
1339 1763 1446 1808 Ars).
1477 1784 1518 1788 —
1555 1763 1599 1798 V.
1629 1767 1707 1800 185.

166 1809 370 1859 θήσεσθαι,
396 1808 591 1858 βήθεσθαι
617 1811 740 1856 bfmq,
774 1811 951 1859 βίνεσθαι
988 1822 1119 1856 margo
1152 1823 1194 1856 q,
1226 1808 1441 1855 κτήσασθαι
1472 1810 1583 1855 Xen.,
1617 1811 1708 1846 olim

167 1861 370 1908 βαίνεσθαι
397 1858 540 1895 conieci
574 1858 722 1904 passive
753 1858 913 1903 dictum,
944 1859 988 1893 ut
1019 1860 1077 1895 est
1110 1869 1169 1903 ap.
1202 1858 1355 1894 Lucian.
1392 1858 1479 1893 dial.
1513 1858 1614 1894 deor.
1642 1862 1704 1901 223

166 1907 232 1944 sed.
256 1908 364 1943 tueor
383 1903 572 1952 βήσεσθαι
592 1906 699 1951 (item
720 1906 913 1949 Leubsoh);
940 1907 1000 1942 esi:
1024 1905 1122 1942 enim
1145 1903 1184 1948 ἐξ
1205 1902 1378 1950 ἀγαθῶν,
1399 1906 1499 1950 quod
1520 1905 1707 1943 Camerar.

165 1966 216 2038 ἓξ
218 1953 845 2039 ⁰32⁰15f32⁸3¹39¹3”{}{‘²}.0¹i{‘{¹‡23-‚
861 1950 1192 2042 Ρῖἒθῖἓςᾶἕαθῗῖ
1220 1951 1709 2044 ῗέἶαῖαἶῖζοὲἔ’ἷὲοὲἰῗ

168 2051 208 2087 et
235 2053 343 2086 1112:
370 2047 574 2096 μνηστεύει
607 2046 645 2084 δ’
680 2046 723 2086 ἐκ
756 2050 878 2085 κακοῦ
913 2046 1049 2090 ἐσθλὸς
1069 2015 1189 2093 γαῃάιῆρ.
1242 2048 1446 2084 Confirmat
1478 2015 1707 2084 Thegiistius

168 2097 255 2134 XXI
279 2109 316 2143 p.
343 2101 412 2134 302
439 2097 496 2133 ed.
517 2096 642 2133 Dindf.
670 2097 734 2142 qui
753 2097 846 2133 haec
866 2097 1037 2142 respicit:
1066 2094 1138 2142 ἐγώ
1166 2095 1236 2142 μὲν
1256 2093 1327 2142 γὰρ
1348 2093 1422 2141 ὁρῶ
1444 2093 1510 2132 τόν
1530 2109 1568 2131 τε
1590 2098 1706 2132 ’ἵππον

169 2142 413 2189 ἐξετάζοντας
437 2142 505 2181 τὸν
531 2142 760 2193 βησόμενον,
794 2144 831 2181 εἰ
854 2142 995 2190 γαῦρός
1025 2157 1064 2180 τε
1092 2143 1156 2180 καὶ
1182 2141 1360 2189 ὑψαύχην
1394 2143 1458 2179 καὶ
1491 2141 1706 2188 ἐλεύθερος.

168 2192 255 2238 Mey
280 2193 481 2238 γίγνεσθαι
506 2192 682 2238 requirit,
707 2194 929 2239 poteratque
955 2192 1134 2228 adhibere
1166 2191 1261 2228 Plat.
1289 2192 1380 2237 Rep.
1408 2191 1453 2235 V,
1479 2195 1568 2236 459,
1596 2203 1708 2236 quem

167 2240 294 2276 locum
318 2240 488 2276 imitatus
514 2239 666 2276 Ocellus
691 2240 864 2276 Lucanus
891 2241 1002 2283 extr.,
1035 2240 1099 2275 sed
1133 2239 1211 2275 iure
1241 2239 1339 2275 hanc
1370 2238 1620 2284 suspicionem
1654 2250 1710 2274 re-

167 2287 302 2334 pudiat
333 2287 507 2323 Leutsch.
541 2308 587 2314 —-
619 2285 759 2334 κακήν,
790 2299 848 2333 ap.
883 2287 976 2322 Xen.
1010 2299 1082 2324 om.
1108 2287 1215 2322 Voss.
1251 2307 1292 2312 -
1334 2287 1366 2320 V
1395 2289 1472 2322 186.
1506 2283 1573 2331 ἥν,
1598 2282 1647 2331 ἣν
1672 2286 1708 2330 b,

168 2333 223 2372 ἵν’
250 2335 297 2372 el.
325 2356 370 2362 —
396 2333 450 2379 οἴ,
475 2348 531 2376 τις
555 2335 723 2382 Xenoph.
750 2347 824 2371 non
855 2335 964 2371 male.
994 2356 1037 2361 —
1064 2335 1178 2378 διδῶ,
1212 2333 1310 2380 φέρῃ
1346 2333 1448 2369 Stob.
1479 2354 1520 2359 ——
1554 2333 1599 2369 V.
1630 2337 1708 2370 187.

169 2380 260 2419 οὐδε
293 2379 388 2428 γυνὴ
428 2382 462 2418 A
497 2394 580 2419 cum
611 2382 800 2429 Xenoph.‚
834 2379 991 2428 οὐδεμίη
1020 2383 1067 2427 O,
1107 2379 1267 2428 οὐδεμία
1304 2381 1429 2416 ceteri.
1470 2401 1512 2407 —
1553 2381 1595 2417 V.
1632 2385 1708 2418 188.

171 2428 360 2479 βούλεται,
388 2427 536 2479 βούλετ’
565 2431 694 2467 Oomn.
722 2451 766 2457 ——
792 2430 835 2467 V.
867 2434 1064 2466 189—192
1091 2429 1282 2471 coniunxi,
1315 2428 1415 2474 quod
1440 2428 1587 2464 Brunck
1621 2440 1709 2474 quo·

115 2517 119 2522 ,
171 2490 242 2524 que
269 2478 373 2522 fecit,
399 2489 483 2514 cum
508 2478 706 2524 prioribus,
732 2479 930 2523 firmatque
954 2478 1027 2514 hoe
1045 2477 1215 2523 Xenoph.
1239 2477 1348 2520 locus,
1373 2487 1599 2521 quamquam
1621 2487 1709 2512 sane

171 2525 271 2572 apud
302 2525 426 2572 ipsum
459 2525 718 2572 Theognidem
754 2530 838 2572 post
870 2538 904 2561 v.
934 2529 1001 2561 190
1039 2525 1115 2560 alia
1151 2524 1262 2570 plura
1300 2524 1475 2559 videntur
1512 2524 1710 2559 interiecta

95 2579 97 2581 ’
171 2573 295 2610 fuisse.
361 2573 532 2609 Ceterum
572 2573 621 2609 ad
661 2574 816 2609 eandem
855 2573 953 2608 hano
991 2572 1151 2618 elegiam
1191 2571 1305 2607 etiam
1346 2572 1542 2615 sequentes
1582 2582 1708 2606 versus

174 2625 360 2657 193-196
387 2622 474 2656 sunt
498 2621 707 2657 revocandi.
737 2642 779 2647 —
807 2618 879 2665 γὰρ
906 2620 1094 2664 Xenoph.,
1121 2618 1190 2665 μὲν
1215 2619 1314 2655 male
1340 2617 1570 2663 Theognidis
1597 2618 1703 2654 codd.

172 2689 215 2695 —
238 2665 280 2705 ἐκ
300 2669 434 2712 κακοῦ,
461 2681 515 2713 pr.
537 2670 568 2704 A
589 2670 714 2705 εκκοῦ.
738 2689 778 2694 -
802 2668 843 2703 V.
869 2671 946 2702 190.
972 2667 1132 2707 πλοῦτος
1151 2667 1182 2701 Α
1203 2667 1241 2702 et
1261 2677 1350 2702 corr.
1378 2676 1403 2708 g
1423 2676 1505 2699 oum
1527 2664 1707 2719 Xenqpb.,

169 2714 334 2752 πλούτου
361 2715 489 2752 ceteri.
517 2737 558 2743 —
586 2716 707 2761 γένος,
733 2714 842 2761 γένης
868 2715 892 2755 l.
919 2713 1027 2758 ξένος
1051 2714 1075 2749 f.
1099 2735 1139 2739 —
1171 2714 1213 2750 V.
1239 2717 1315 2748 191.
1343 2710 1454 2756 οὕτω,
1479 2712 1562 2748 fort.
1589 2725 1709 2753 ουτως

172 2763 280 2800 scrib.
318 2783 365 2790 —
405 2762 515 2808 γένος
545 2775 617 2801 om.
652 2764 740 2799 bfm.
779 2784 823 2790 —
864 2762 906 2797 V.
936 2766 1014 2798 192.
1043 2773 1184 2807 συγγαρ
1217 2761 1260 2795 ut
1285 2760 1357 2795 vid.
1390 2762 1431 2795 A.
1473 2780 1517 2785 —
1559 2759 1599 2795 V.
1631 2764 1706 2796 193.

171 2808 288 2852 αὐτός
311 2823 371 2846 τοι
393 2810 552 2857 ταύτην,
585 2807 701 2852 αὐτὸς
732 2808 909 2855 τοιαύτην
937 2808 984 2854 Ο,
1020 2809 1161 2855 Kayser
1193 2805 1306 2848 ἀστός
1336 2820 1394 2843 τοι
1425 2803 1585 2851 ταύτην,
1618 2806 1708 2842 Geel

172 2851 282 2900 οὗτος
305 2871 363 2895 τοι
388 2855 539 2905 ταύτην,
568 2858 784 2895 Heimsoeth
811 2854 925 2897 ἀστός
951 2869 1007 2891 τοι
1026 2853 1202 2901 γαμετήν.
1243 2855 1325 2900 Ipse
1350 2854 1538 2899 Theognis
1558 2854 1710 2890 nomina

172 2905 247 2942 duo
278 2906 432 2952 propria
462 2906 628 2950 posuisse
661 2906 817 2942 videtur.
859 2905 916 2939 lta.
948 2903 1036 2940 olim
1070 2902 1212 2948 scripsi,
1239 2913 1334 2948 quae
1369 2912 1563 2947 perperam
1596 2901 1709 2938 inter-

171 2955 339 2999 pretatus
364 2955 421 2989 est
445 2953 633 2999 Hartung,
660 2953 722 2999 qui
750 2951 941 2988 collaudat
966 2963 1036 2995 me,
1063 2949 1162 2996 quod
1187 2950 1247 2986 hic
1272 2949 1425 2986 nomina
1445 2948 1596 2994 propria
1616 2948 1708 2986 deli-
