1890 3216
169 187 258 230 390
757 186 1111 223 IAMBOGRAPHI.

843 296 912 339 25.
946 297 1022 349 [2.]

244 376 310 422 Οὔ
342 396 417 434 μοι
448 376 501 421 τὰ
533 377 689 434 Γύγεω
720 379 803 422 τοῦ
833 377 1121 435 πολυχρύσου
1152 378 1293 435 μέλει,

243 446 342 493 οὐδ’
378 446 469 492 εἷλέ
497 450 565 493 πώ
597 466 650 506 με
684 452 830 506 ζῆλος,
864 448 962 494 οὐδ’
997 448 1211 507 ἀγαίομαι

241 521 363 564 θεῶν
397 522 524 578 ἔργα,
557 519 749 577 μεγάλης
782 519 824 565 δ’
861 518 944 566 οὐκ
977 522 1084 579 ἐρέω
1115 524 1402 579 τυραννίδος·

243 589 507 649 ἀπόπροθεν
539 591 626 649 γάρ
659 593 779 637 ἐστιν
813 590 1066 651 ὀφθαλμῶν
1099 594 1230 649 ἐμῶν.

833 714 1043 768 26.[89]

287 830 295 839 .
321 792 367 838 Ὁ
398 792 440 839 6'
473 792 619 852 Ἀσίης
650 792 862 854 καρτερὸς
893 794 1196 853 μηλοτρόφου.

851 905 920 946 27.
953 905 1030 958 [4.]
1638 915 1706 949 691

245 987 370 1039 Αναξ
390 984 634 1042 ’Ἀπολλον,
665 986 739 1030 καὶ
772 985 828 1030 σὺ
859 985 966 1038 τοὺς
996 985 1078 1043 μὲν
1110 988 1282 1039 αἰτίαυς

246 1056 434 1114 σήμαινε
465 1061 544 1101 καί
572 1070 711 1114 σφεας
743 1055 867 1102 ὅλλυ’
901 1056 1050 1116 ὥσπερ
1084 1055 1268 1109 ὀλλύεις.

270 1237 406 1273 Fr.25.
443 1235 805 1272 Aristot.Rhet.111
827 1241 887 1272 17:
915 1235 968 1277 εἰς
988 1234 1029 1272 δε
1051 1232 1092 1271 τὸ
1112 1228 1228 1281 ἦθος,
1254 1233 1338 1272 ἐπεὶ
1365 1234 1448 1271 ἐνια
1474 1236 1560 1282 περὶ
1586 1234 1706 1273 αὑτοῦ

173 1282 296 1343 λέγειν
321 1279 344 1329 ἢ
372 1281 588 1341 ἐπίφθονον
615 1279 638 1329 ἢ
664 1285 917 1330 μακρολογίαν
943 1281 969 1342 ἢ
993 1281 1211 1329 άντιλογίαν
1244 1281 1339 1329 ἔχει,
1377 1283 1443 1319 καὶ
1473 1283 1560 1342 περὶ
1592 1281 1707 1320 αλλου

174 1328 197 1377 ἢ
224 1333 416 1392 λοιδορίαν
442 1329 471 1376 ἠ
493 1332 710 1376 αγροικίαν,
745 1331 874 1378 ἕτερον
906 1330 974 1390 χρὴ
1006 1330 1165 1389 λέγοντα
1195 1336 1337 1375 ποιειν,
1373 1327 1467 1376 όπερ
1495 1329 1710 1391 Ἰσοκράτης

175 1383 283 1415 ποιεῖ
305 1376 346 1415 ἐν
372 1379 422 1427 τῷ
451 1380 620 1425 Φιλίππῳ
647 1379 711 1414 καὶ
745 1377 786 1415 ἐν
817 1380 860 1436 τῇ
894 1377 1102 1436 αντιὸόσει·
1141 1379 1206 1414 καὶ
1238 1376 1287 1438 οἷς
1308 1359 1568 1438 Ἀρχίλοχος
1584 1378 1710 1437 ψέγει,

175 1431 284 1463 ποιει
301 1424 403 1473 γὰρ.
444 1415 660 1484 .(λέγοντα)
683 1425 750 1463 τὸν
768 1424 965 1473 Χάρωνα
990 1424 1057 1463 τὸν
1076 1425 1235 1462 τέκτονα
1255 1423 1296 1462 ἐν
1317 1422 1530 1474 ἰάμβῳ,οὖ
1550 1425 1573 1473 ἡ
1593 1424 1709 1476 ᾀρχή·
1782 1465 1785 1468 ,

177 1471 240 1511 Οὔ
267 1488 343 1521 μοι
367 1471 419 1510 τὰ
449 1473 604 1520 Γύγεω
626 1475 675 1529 ·(Q
701 1474 870 1521 στυγέω).
911 1474 984 1528 Sed
1008 1475 1169 1532 quat-nor
1193 1486 1322 1510 versus
1348 1463 1511 1510 servavii
1536 1474 1636 1511 Ρ11113.
1663 1475 1710 1511 (10

174 1522 370 1568 tranquill
396 1534 455 1558 an.
482 1534 511 1558 c.
535 1526 579 1557 10
606 1521 685 1558 sine
709 1525 857 1580 poetae
867 1522 1035 1559 nomine.
1064 1519 1120 1558 Οὔ
1147 1535 1210 1568 μοι
1237 1551 1244 1559 .
1267 1551 1274 1558 .
1297 1550 1305 1557 .
1332 1520 1446 1567 μέλει.
1487 1522 1581 1557 Kal·
1609 1519 1709 1559 Οὐδ’

174 1569 249 1606 εἷλε
277 1572 352 1605 κτλ.
399 1567 539 1610 Θάσιος
563 1567 635 1615 γὰρ
664 1567 808 1611 ἐκεῖνος
833 1564 897 1616 ἧνε
924 1582 992 1606 nec
1017 1571 1145 1606 tamen
1168 1569 1255 1605 inde
1281 1569 1552 1624 colligendum,
1577 1582 1612 1606 v.
1642 1574 1660 1605 1
1687 1581 1711 1605 a

174 1617 328 1663 reliquis
353 1629 434 1654 esse
460 1617 727 1664 separandum,
762 1619 862 1664 quod
886 1619 947 1655 vel
972 1617 1166 1664 redarguit
1189 1617 1353 1653 imiizatio
1379 1618 1419 1652 in
1443 1617 1711 1654 Anacreonteis

177 1677 290 1702 carm.
313 1670 345 1711 7,
371 1666 435 1701 sed
461 1677 508 1711 ap
511 1666 562 1701 ud
586 1665 683 1701 Plut.
709 1665 775 1701 καὶ
802 1665 1011 1702 delendum.
1051 1666 1182 1710 Neque
1208 1665 1307 1701 enim
1332 1665 1465 1700 abutar
1489 1664 1604 1701 Iubae
1629 1676 1711 1702 ver-

175 1713 235 1750 bis
256 1713 357 1759 apud
375 1678 508 1748 Rufinp
518 1725 553 1757 p.
569 1716 637 1748 386
664 1714 734 1758 „de
753 1713 979 1750 Archilocho
999 1712 1122 1758 Pario,
1149 1711 1214 1758 qui
1233 1712 1362 1758 Gygae
1383 1712 1551 1748 fabulam
1571 1712 1711 1758 optime

178 1761 394 1807 complexus
420 1761 501 1796 est“
534 1760 582 1796 ad
609 1742 862 1797 coniecturam
894 1761 1175 1805 stabiliendam,
1206 1762 1358 1806 poetam
1389 1760 1558 1805 pluribus
1583 1759 1712 1806 Gyga&

177 1820 238 1845 res
263 1810 527 1864 persecutum„
528 1820 620 1844 esse.
654 1829 698 1834 —
737 1809 781 1844 V.
810 1813 840 1844 1.
874 1809 992 1844 Afferb
1023 1809 1238 1865 colrupbum
1264 1807 1418 1842 Rufinus
1444 1811 1524 1852 387,
1556 1807 1713 1864 respiciffl

177 1856 314 1892 Herod.
336 1856 352 1890 Ι
374 1860 434 1891 12:
461 1856 528 1892 τοῦ
555 1853 712 1913 (Γύγου)
739 1856 804 1892 καὶ
826 1853 1044 1916 Ἀρχίλοχος
1053 1852 1073 1891 6
1100 1852 1245 1901 Πάριος
1270 1867 1367 1890 κατα
1391 1852 1458 1890 τὸν
1484 1851 1603 1890 αυτὸν
1627 1868 1671 1901 χρ
1651 1853 1711 1900 ρό-

178 1917 246 1940 νον
266 1901 473 1958 γενόμενος
495 1901 537 1939 ἕν
558 1900 680 1952 ἰάμβῳ
700 1902 879 1952 τριμέτρῳ
887 1899 1136 1950 ’ἐπεμνήσθη
1175 1913 1405 1960 quamquam
1424 1902 1600 1938 Schaefer
1618 1903 1712 1939 haec

181 1964 204 1988 a
223 1951 471 2007 grammatico
497 1951 624 1996 aliquo
650 1941 799 1988 adiecta
825 1963 902 1987 esse
928 1953 1064 1988 censet.
1081 1971 1125 1976 —
1151 1950 1195 1985 V.
1211 1954 1243 1986 2.
1270 1947 1339 1994 πώ,
1367 1949 1628 1986 Schneidewin
1646 1947 1710 1986 καί.

180 2021 224 2027 -
250 1999 295 2035 V.
316 2003 348 2034 3.
376 1995 538 2044 μεγάλης
563 2002 637 2035 κτλ.
665 1999 774 2034 afferi
800 1999 922 2035 Schol.
943 1999 1073 2035 Aesch.
1094 1998 1214 2034 Prom.
1235 2001 1322 2032 224:
1327 1994 1390 2055 ττὸ
1417 1996 1460 2033 δὲ
1485 1997 1552 2041 τῆς
1577 2010 1712 2055 τυραν-

179 2049 283 2087 νίδος
316 2043 439 2103 ὄνομα
470 2051 548 2087 τοῖς
573 2060 642 2104 μεν
673 2045 940 2088 παλαιοτάτοις
970 2043 1165 2104 ἄγνωστον
1198 2039 1263 2090 ἦν,
1299 2057 1408 2086 ουτος
1439 2043 1482 2080 δὲ
1509 2042 1528 2080 ὁ
1554 2042 1713 2091 ποιητὴς

180 2093 285 2131 οἶδεν
311 2091 422 2140 αὐτό,
448 2091 520 2139 πρὸ
547 2091 666 2130 αὐτοῦ
693 2093 735 2130 δὲ
762 2094 828 2130 καὶ
849 2093 880 2130 Ἀ
882 2095 1067 2140 ρ,χίλοχος
1092 2091 1228 2138 λέγων·
1255 2089 1455 2138 μεγάλης
1478 2095 1554 2130 κτλ
1604 2092 1712 2128 Simi-

181 2143 266 2178 liter
291 2142 424 2178 auctor
447 2142 599 2187 Argum.
627 2142 740 2187 Soph.
768 2141 858 2178 Oed.
885 2143 989 2187 Tyr„
1028 2141 1093 2186 qui
1130 2140 1222 2176 dicit
1258 2141 1338 2175 tum
1377 2139 1526 2175 demum
1534 2140 1712 2198 tyranni

179 2201 316 2226 nomen
340 2190 543 2246 receptum.
594 2190 676 2225 Huc
680 2189 866 2247 pertinet
888 2190 947 2225 Ε13.
975 2189 1069 2226 Gud.
1097 2192 1177 2233 537,
1204 2191 1265 2223 26:
1304 2184 1501 2231 Τύραννος
1525 2184 1609 2233 ἤτοι
1634 2184 1710 2223 ἀπὸ

184 2235 406 2283 Τυρρήνων,
433 2233 528 2280 ὠμοὶ
551 2234 623 2294 γὰρ
650 2230 755 2273 οὗτοι
781 2237 850 2281 (ita.
869 2237 1114 2273 Philochorus
1142 2235 1294 2279 censuit,
1319 2235 1395 2272 vid.
1415 2234 1539 2271 Schol.
1558 2234 1709 2271 Lucian.

181 2285 326 2342 Catapl.
343 2285 378 2330 1)
403 2281 427 2330 ἢ
447 2281 523 2320 άπὸ
538 2282 678 2339 Γύγου,
705 2281 747 2326 ὅς
773 2282 873 2321 ἐστιν
899 2282 975 2320 άπὸ
984 2281 1157 2343 Τύρρας,
1182 2281 1326 2323 πόλεως
1345 2283 1551 2340 Λυδιακῆς,
1577 2295 1711 2328 τυραν-

180 2330 364 2391 νήσαντος
390 2329 431 2368 ἐν
458 2328 553 2379 αὐτῇ
580 2332 744 2385 πρῶτον·
778 2328 919 2373 ούτως
952 2325 1088 2377 εὗρον
1122 2328 1170 2366 ἕν
1192 2327 1492 2376 ὦπομνήματι
1513 2326 1710 2385 Ἀρχίλου

180 2377 426 2426 (Ἀρχιλόχου).
478 2378 625 2415 Similia
649 2380 688 2415 in
714 2379 773 2416 Ε1.
799 2380 845 2416 Μ.
876 2383 962 2425 771,
988 2383 1052 2423 54,
1086 2378 1229 2414 ultimis
1265 2378 1415 2422 quidem
1448 2376 1614 2424 omissis,
1650 2378 1715 2414 sed

182 2428 325 2464 addunt
351 2427 454 2463 Sorb.
483 2427 561 2473 (ubi
583 2424 756 2472 Ἀρχῖνος)
784 2429 823 2463 et
847 2428 956 2463 Brux.
984 2407 1229 2484 (Ἀρχιλόχου).

277 2476 335 2511 Fr.
362 2479 419 2511 26.
471 2475 593 2511 Schol.
618 2474 704 2510 Eur.
731 2475 829 2512 Med.
850 2479 936 2511 708:
962 2474 1038 2510 Καὶ
1062 2471 1130 2509 τὸν
1158 2470 1318 2518 ἐγκρατῆ
1344 2470 1492 2518 λέγουσι
1517 2469 1712 2530 καρτερόν.

179 2520 444 2581 Ἀρχίλοχος·
471 2519 491 2558 6
519 2520 654 2567 6'(i13a.
678 2523 784 2558 codd.
789 2523 936 2568 ,vulgo
963 2518 986 2566 ἡ
1014 2518 1069 2567 δ’)
1091 2517 1185 2578 Ἀσίη
1212 2520 1281 2565 (ita
1305 2520 1360 2555 Ε1.
1389 2524 1420 2556 6.
1449 2524 1504 2576 15,
1535 2517 1645 2565 Ἀσίηι
1670 2521 1713 2565 Β,

179 2568 274 2627 Ἀσίη
296 2583 336 2606 τε
362 2571 392 2613 Ι)
418 2573 492 2606 κτλ.
537 2570 644 2606 Adde
671 2569 880 2606 Soh01.0d.
902 2583 922 2606 ο
943 2573 1024 2612 534,
1049 2568 1115 2604 ubi
1139 2565 1159 2603 6
1182 2564 1296 2612 Ἀσίης
1320 2564 1500 2625 κρατερὸς
1524 2569 1606 2613 μηλ.
1633 2568 1712 2612 (sed

182 2618 218 2652 H
243 2615 263 2653 6
290 2615 341 2662 6',
368 2617 476 2653 Vind.
504 2613 710 2663 καρτερός).
750 2618 869 2654 Cram.
896 2619 964 2654 An.
990 2597 1071 2653 Ρἐ.ι·.
1092 2615 1328 2673 111496‚13:
1355 2612 1375 2650 6
1404 2611 1442 2650 δ’
1466 2611 1582 2660 Ἀσίης
1601 2629 1710 2670 κρατ.

185 2669 270 2723 μηλ.,
299 2666 339 2701 eb
368 2665 471 2701 Eusi.
502 2669 610 2709 1790,
638 2670 678 2701 7;
715 2662 833 2706 Ἀσίας
863 2678 967 2711 καρτ.
995 2678 1030 2711 μ.
1058 2660 1078 2699 6
1105 2660 1205 2699 ἐστιν
1236 2659 1373 2708 ἅρχων.
1426 2662 1566 2708 Scripsi
1597 2662 1715 2721 igitur

184 2711 203 2748 6
233 2710 270 2748 6'
295 2711 411 2770 Ἀσίης
435 2710 616 2759 καρτερὸς
642 2725 697 2759 μ.,
737 2713 809 2749 nisi
840 2713 936 2749 forte
967 2712 1150 2758 producta
1179 2709 1326 2756 syllaba
1356 2709 1594 2745 scribendum
1626 2707 1713 2746 οὐδ’

125 2790 159 2815 Ι
128 2757 296 2818 Ἀσίης
321 2757 341 2796 6
368 2757 788 2818 καρτ.μ.,1)ἰιιάοι·1”
771 2773 791 2795 ο
819 2757 857 2795 δ’
882 2725 996 2805 Ἀσίης
1029 2759 1104 2806 (vel
1125 2754 1277 2802 Ἀσίδος)
1308 2757 1377 2803 γῆς
1400 2757 1462 2793 vel
1487 2754 1507 2792 6
1535 2753 1573 2792 6'
1598 2754 1714 2803 Ἀσίης

185 2802 250 2854 ἦν,
276 2808 447 2844 Meineke
473 2790 560 2844 οὐδ’
583 2804 720 2848 Ἀσίδος
744 2807 813 2853 γῆς
838 2822 869 2844 κ.
894 2821 930 2854 μ.

280 2855 338 2890 Fr.
365 2860 421 2892 27.
471 2856 637 2892 Macrob.
664 2854 783 2891 Sat.1
810 2859 870 2891 17.
913 2855 996 2891 Alii
1027 2854 1319 2908 coynominatum
1343 2852 1551 2897 Apollinem
1579 2855 1716 2899 putant

188 2900 237 2944 ὡς
262 2899 476 2939 ἀπολλύντα
502 2900 548 2939 τοὶ
575 2902 668 2946 grau:
694 2903 883 2939 exanimat
901 2904 996 2939 enim
1017 2906 1051 2938 et
1068 2901 1220 2948 perimit
1244 2901 1460 2943 animantes,
1485 2911 1567 2936 cum
1580 2903 1716 2960 ,ρας-τεῳ

188 2951 398 2996 intemperie
423 2952 555 2987 caloris
580 2951 762 2994 immittit;
793 2954 835 2987 ut
859 2951 1064 3006 Euripides
1090 2978 1097 2985 .
1125 2977 1133 2985 .
1162 2977 1169 2984 .
1194 2949 1278 2984 item
1302 2948 1559 2984 Archilochus.
1595 2948 1713 2992 Αναξ
