1890 3216
797 774 799 777 ·
849 757 1048 801 XXXVI.
1647 769 1715 802 632

758 865 796 913 Z
823 865 866 913 E
894 865 944 915 U
969 865 1017 914 X
1042 865 1068 914 I
1093 865 1140 915 S.

301 999 360 1037 De
393 999 468 1038 hoc
501 997 684 1037 Zeuxidis
717 997 1006 1048 epigrammate
1039 1000 1080 1037 et
1111 998 1159 1037 de
1191 998 1394 1037 Parrhasii
1425 998 1619 1046 versibus,
1651 999 1719 1049 qui
1772 1017 1775 1025 v

185 1065 505 1115 subsequuntur,
537 1064 638 1103 dixit
664 1063 710 1103 Ο.
730 1063 832 1102 Iahn
856 1064 899 1101 in
924 1063 1022 1102 actis
1050 1076 1127 1102 soc.
1154 1063 1295 1102 Saxon.
1322 1065 1432 1102 1856
1461 1077 1496 1113 p.
1519 1065 1604 1103 284
1626 1075 1718 1114 seq„

181 1132 292 1170 cuius
314 1130 552 1170 sententiam
572 1131 714 1179 postea
734 1142 804 1168 suo
825 1141 934 1167 more
955 1129 1163 1169 exornavit
1177 1129 1383 1169 Benndorf
1398 1129 1445 1168 de
1466 1129 1629 1168 Anthol.
1650 1129 1719 1168 Gr.

182 1198 307 1248 epigr.
346 1211 383 1247 p.
418 1198 472 1235 26
495 1209 575 1246 seq.
633 1195 770 1246 Negat
807 1196 910 1234 Iahn
949 1195 1046 1234 haec
1085 1194 1135 1233 ab
1174 1194 1272 1244 ipsis
1311 1195 1531 1234 artificibus
1568 1195 1718 1234 tabulis

182 1263 264 1302 suis
298 1262 497 1302 subscribi
528 1261 730 1311 potuisse,
773 1260 842 1299 sed
874 1263 1011 1300 censet
1040 1260 1137 1299 haec
1175 1260 1402 1299 Nicomachi
1434 1273 1540 1311 esse,
1579 1261 1648 1311 qui
1678 1261 1721 1300 in

182 1328 312 1379 elegia
343 1327 585 1366 clarissimos
618 1327 790 1376 pictores
816 1326 1027 1376 loquentes
1055 1327 1096 1364 et
1127 1326 1176 1364 de
1208 1326 1294 1364 arte
1322 1338 1393 1364 sua
1418 1326 1638 1375 gloriantes
1662 1326 1721 1365 in-

182 1393 359 1444 duxerit,
400 1392 687 1432 Nicomachum
721 1393 855 1430 autem
895 1392 1000 1431 hunc
1040 1394 1201 1442 poetam
1232 1404 1312 1430 non
1343 1391 1556 1431 diversum
1578 1404 1665 1431 esse
1697 1404 1722 1430 a

186 1459 428 1498 Nicomacho
469 1459 642 1508 pictore,
680 1458 748 1507 qui
793 1457 877 1496 fere
917 1470 1044 1507 usque
1082 1457 1132 1496 ad
1165 1456 1226 1496 Ol.
1259 1455 1328 1495 GV
1367 1458 1542 1496 aetatem
1579 1457 1721 1508 egerit.

186 1525 373 1575 Speciosa
411 1526 474 1564 est
511 1525 609 1563 haec
647 1524 892 1573 coniectura,
937 1523 1007 1562 sed
1053 1523 1151 1562 mihi
1196 1523 1328 1562 omnia
1371 1523 1463 1561 huic
1506 1522 1723 1573 suspicioni

182 1591 371 1630 videntur
403 1590 620 1630 adversari.

300 1655 416 1694 Illius
459 1655 612 1706 elegiae
651 1655 783 1694 tenuis
823 1656 934 1694 extat
971 1654 1163 1693 memoria
1200 1655 1307 1704 apud
1345 1654 1564 1703 Hephaest.
1594 1668 1633 1705 p.
1666 1656 1720 1694 27

183 1716 255 1775 (cf.
287 1721 472 1760 Eustath.
506 1734 543 1770 p.
578 1721 676 1771 984,
707 1715 780 1773 10)
813 1715 1048 1772 Νικομάχου
1080 1721 1150 1759 τοῦ
1180 1714 1254 1770 τὴν
1284 1717 1372 1771 περὶ
1397 1715 1618 1772 ζωγράφων
1648 1717 1723 1759 ἕλε-

181 1786 292 1840 γείαν
322 1782 603 1837 πεποιηκότος·

368 1862 495 1917 Οὗτος
527 1865 578 1920 δή
610 1880 672 1908 σοι
704 1863 724 1908 ὁ
757 1871 908 1915 κλεινος
940 1864 1005 1907 ἀν’
1035 1863 1205 1907 Ἑλλάδα
1236 1870 1370 1908 πᾶσαν
1398 1865 1582 1909 Ἀπολλό-

425 1935 570 1988 δωρος·
603 1930 833 1988 γιγνώσκεις
865 1930 1039 1986 τοῦνομα
1069 1935 1182 1974 τοῦτο
1213 1930 1358 1974 κλύων.

182 2019 431 2070 Hephaestio
470 2032 549 2059 non
587 2018 758 2058 dilucide
797 2017 895 2057 dicit
933 2030 980 2056 ex
1022 2018 1096 2056 hac
1132 2018 1221 2068 ipsa
1258 2018 1390 2068 elegia
1426 2019 1598 2068 petitum
1637 2031 1723 2058 esse

183 2085 399 2135 distichon,
432 2087 478 2123 ut
510 2085 631 2123 etiam
663 2084 865 2134 peculiare
897 2083 1147 2134 epigramma
1179 2096 1266 2123 esse
1305 2084 1451 2134 possit,
1489 2083 1558 2123 sed
1589 2084 1725 2122 tamen

182 2151 283 2190 illud
316 2151 414 2190 satis
447 2150 675 2200 probabile3
706 2161 800 2187 nam
832 2149 941 2187 haud.
974 2149 1094 2187 dubie
1126 2150 1167 2188 hi
1192 2162 1332 2189 versus
1360 2150 1410 2188 ad
1436 2149 1724 2199 Apollodorum

180 2218 374 2267 pictorem
417 2215 683 2255 clarissimum
722 2214 924 2254 referendi
962 2216 1072 2253 sunt:
1111 2228 1252 2254 verum
1289 2227 1541 2264 nequaquam
1572 2215 1725 2253 certum

183 2284 245 2321 est
275 2282 408 2332 ipsum
447 2281 737 2331 Apollodorum
774 2281 1007 2330 loquentem
1044 2280 1197 2330 induci,
1237 2280 1370 2330 potius
1403 2279 1619 2318 verisimile
1652 2281 1724 2327 est,

184 2347 468 2387 Nicomachum
521 2346 618 2385 haec
663 2346 710 2384 de
763 2345 1008 2395 Apollodoro
1059 2346 1306 2395 praedicare:
1357 2346 1492 2395 itaque
1537 2345 1603 2384 vel
1651 2345 1725 2384 hoc

138 2463 142 2468 ,
184 2412 343 2451 nomine
385 2411 587 2451 distichon
630 2424 653 2449 a
698 2411 881 2450 Zeuxidis
924 2413 965 2450 et
1007 2410 1190 2449 Parhasii
1236 2410 1539 2462 epigrammatis
1579 2409 1724 2449 discre-

186 2480 267 2529 pat.
314 2478 509 2527 Equidem
537 2477 631 2516 olim
659 2477 943 2516 existimabam
962 2476 1248 2515 Nicomachum
1275 2479 1448 2527 poetam,
1475 2475 1587 2515 cuius
1613 2477 1724 2514 aetas
1789 2475 1797 2483 “

187 2545 310 2583 etiam
351 2555 456 2581 nunc
493 2543 647 2582 incerta
686 2542 783 2581 mihi
827 2542 987 2582 videtur
1026 2536 1115 2594 (sed
1161 2541 1522 2580 Alexandrinorum
1567 2541 1725 2579 saeculo

184 2610 331 2649 vixisse
363 2609 535 2648 maxime
568 2608 784 2648 verisimile
817 2603 918 2660 est),
955 2607 1151 2658 imagines
1189 2608 1388 2646 clarorum
1424 2607 1623 2656 pictorum
1661 2618 1724 2644 ex-

185 2675 382 2723 hibuisse,
417 2676 458 2713 et
490 2674 670 2724 singulas
704 2673 890 2723 elegiacis
932 2673 1210 2722 explanavisse
1242 2672 1444 2719 versibus,
1483 2673 1528 2709 ut
1565 2683 1724 2710 carmen

187 2740 381 2779 Varronis
402 2739 649 2789 Imaginibus
671 2739 795 2777 fuerit
821 2738 1078 2778 simillimum.
1110 2738 1262 2777 Verum
1281 2738 1380 2776 haec
1405 2737 1557 2775 incerta
1581 2737 1725 2776 fateor.

305 2805 407 2843 Iahn
431 2805 618 2854 perpetui
645 2804 830 2843 carminis
856 2804 1046 2854 reliquias
1073 2804 1147 2843 sibi
1172 2802 1481 2853 deprehendisse
1507 2801 1616 2841 visus
1644 2805 1724 2852 est;

188 2871 234 2909 at‘
260 2871 499 2909 adversatur
526 2870 744 2908 auctoritas
771 2869 909 2919 Plinii,
940 2869 1150 2921 Aristidis,
1183 2867 1397 2918 Athenaei,
1430 2867 1497 2917 qui
1524 2867 1599 2906 soli
1623 2868 1723 2907 haec

188 2938 644 2986 commemorant3nam
679 2935 913 2986 Aelianum,
947 2934 1014 2985 qui
1046 2933 1258 2984 descripsit
1289 2933 1558 2981 Athenaeum,
1595 2932 1723 2972 mitto.
