1890 3216
854 194 1026 231 SOLON.
1652 193 1705 235 41

836 304 1040 358 12.[17]

235 388 306 442 Ἐξ
337 383 518 444 ἀνέμων
551 386 600 431 δὲ
632 386 842 431 θάλασσα
873 385 1159 444 ταράσσεται·
1193 384 1249 444 ἢν
1283 387 1335 431 δέ
1364 405 1429 440 τις
1461 384 1605 443 αὐτὴν

299 458 359 518 μὴ
392 461 518 518 κινῇ,
551 457 735 504 πάντων
769 459 859 504 ἐστὶ
893 458 1164 516 δικαιοτάτη.

476 596 866 656 (ΥΠΟΘΗΚΑΙ
911 598 1027 643 ΕΙΣ
1072 561 1393 654 EAY'roN.)
1648 605 1716 636 423

851 699 1028 754 13.[4]

242 781 557 840 Μνημοσύνης
588 781 662 825 καὶ
696 779 846 838 Ζηνὸς
876 779 1115 839 Ὀλυμπίου
1147 779 1292 839 ἀγλαὰ
1322 782 1475 836 τέκνα,

302 856 487 900 Μοῦσαι
522 855 752 910 Πιερίδες,
784 854 920 897 κλῦτέ
947 871 1023 910 μοι
1055 851 1299 914 εὐχομένῳ·

264 1010 322 1046 Fr.
352 1014 408 1045 12.
458 1009 555 1045 Plut.
591 1009 658 1045 vit.
693 1008 818 1045 Solon.
845 1020 875 1045 c.
903 1013 942 1045 3.
971 1005 1035 1044 ’Ev
1068 1008 1110 1045 δὲ
1143 1012 1221 1049 τοῖς
1252 1012 1429 1053 φυσικοῖς
1460 1005 1604 1049 ἁπλοῦς
1636 1005 1713 1044 ἐστὶ

169 1060 254 1096 λίαν
280 1058 345 1094 καὶ
371 1054 528 1115 άρχαιος
555 1054 604 1098 ὡς
629 1057 745 1103 δῆλον
772 1054 814 1093 ἐκ
841 1054 996 1093 τούτων.
1044 1053 1114 1093 Ἐκ
1140 1055 1427 1102 νεφέλης..
1455 1053 1713 1101 ἀστεροπῆς

169 1107 227 1153 (fr.
248 1111 269 1143 9
289 1119 323 1143 v.
347 1110 379 1142 1.
399 1108 448 1150 2).
495 1102 563 1149 Ἐξ
591 1101 775 1152 ἀνέμων
802 1103 850 1141 δὲ
876 1103 1090 1141 θάλασσα
1116 1107 1191 1140 κτλ.
1242 1105 1340 1140 unde
1360 1087 1474 1151 vulgo
1500 1105 1615 1141 etiam
1642 1104 1713 1139 hoc

170 1155 357 1191 distichon
382 1153 499 1200 priori
523 1153 759 1200 subiungant
784 1154 823 1190 et
841 1153 889 1189 ad
908 1153 1014 1189 illam
1035 1153 1199 1208 elegiam
1220 1151 1401 1188 referunt:
1429 1153 1470 1189 at
1489 1152 1712 1188 Plutarchus

171 1216 215 1240 ex
241 1202 398 1239 diversis
425 1201 557 1248 elegiis
582 1202 656 1238 duo
684 1201 830 1238 diversa
857 1202 1030 1248 exempla
1054 1200 1176 1248 petiit,
1198 1201 1298 1256 quod
1318 1201 1431 1236 etiam
1455 1199 1712 1236 Schneidewin

169 1250 448 1287 animadvertit.
501 1250 605 1286 Dixit
630 1251 758 1286 autem
783 1251 897 1295 poeta
922 1249 968 1285 de
988 1250 1141 1296 populo,
1162 1249 1227 1295 qui
1252 1247 1326 1284 nisi
1351 1249 1530 1295 improbis
1556 1248 1713 1284 ducibus

169 1301 314 1344 utatur,
351 1298 400 1335 sit
433 1297 678 1356 iustissimus,
714 1298 811 1334 sicut
843 1309 945 1334 mare
977 1298 1186 1355 placidum,
1212 1297 1334 1334 ventis
1361 1309 1436 1333 non
1462 1296 1713 1333 turbantibus.

171 1347 346 1384 Herodot.
374 1346 443 1382 VII
477 1350 537 1382 16:
575 1344 621 1382 τὰ
655 1327 696 1383 σὲ
728 1346 794 1382 καὶ
813 1342 1026 1403 ἀμφότερα
1067 1358 1300 1403 περιηκοντα
1333 1342 1556 1403 ἀνθρώπων
1584 1345 1713 1380 κακῶν

170 1393 313 1443 ὁμιλίαι
339 1393 559 1452 σφάλλουσι,
584 1392 756 1439 κατάπερ
782 1391 851 1440 τὴν
877 1391 1031 1430 πάντων
1059 1391 1343 1449 χρησιμωτάτην
1377 1390 1617 1452 ἀνθρώποισι
1642 1389 1714 1427 θά-

169 1447 311 1480 λασσαν
336 1440 535 1489 πνεύματά
564 1455 659 1488 φασι
663 1440 919 1501 ἐμπίπτοντα
953 1439 998 1478 οὐ
1030 1442 1214 1499 περιορᾶν
1247 1438 1340 1499 φύσι
1371 1441 1414 1489 τῇ
1449 1438 1591 1486 ἑωυτῆς
1625 1441 1714 1486 χρῆ-

171 1495 277 1528 σθαι.
327 1491 460 1550 Polyb.
486 1491 538 1527 XI
564 1495 627 1527 29·
661 1488 757 1526 οθεν
783 1486 846 1526 άεὶ
871 1487 914 1526 τὸ
941 1487 1205 1548 παραπλήσιον
1237 1487 1366 1530 πάθος
1398 1490 1599 1547 συμβαίνει
1627 1489 1720 1533 περί

170 1553 208 1576 τε
234 1538 324 1581 τοὺς
349 1536 483 1598 ὄχλους
508 1538 573 1574 καὶ
604 1536 673 1584 τὴν
699 1535 915 1574 θάλατταν·
949 1536 1128 1584 καθάπερ
1146 1536 1234 1596 γὰρ
1267 1533 1447 1594 κάκείνης
1469 1534 1501 1596 ὴ
1534 1535 1604 1581 μὲν
1629 1535 1715 1594 ,ἰδία

173 1586 286 1633 φύσις
312 1585 412 1624 ἐστὶν
439 1584 609 1644 ἀβλαβὴς
640 1591 719 1627 τοῖς
753 1585 960 1643 χρωμένοις
991 1586 1056 1622 καὶ
1089 1584 1283 1647 στάσιμος,
1317 1598 1408 1621 οταν
1441 1583 1478 1620 δ’
1508 1584 1562 1625 εἰς
1594 1580 1714 1629 αὐτὴν

173 1635 315 1696 ἐμπέσῃ
341 1632 387 1671 τὰ
392 1633 613 1695 Ρπνεύματα
641 1636 730 1692 filcyc,³
749 1632 904 1693 τοιαύτη
937 1636 1119 1679 φαίνεται
1149 1648 1228 1675 τοις
1259 1632 1484 1691 χρωμένοις,
1517 1632 1594 1668 οἷοί
1616 1645 1716 1673 τινες

171 1698 221 1721 αν
248 1678 338 1720 ὦσιν
366 1681 405 1718 οἵ
428 1683 657 1723 κυκλουντες
682 1679 802 1728 αὐτὴν
828 1679 976 1727 ἄνεμοι,
1002 1680 1071 1717 τὸν
1097 1679 1215 1718 αὐτὸν
1241 1679 1382 1726 τρόπον
1408 1681 1474 1716 καὶ
1499 1678 1540 1716 τὸ
1568 1681 1716 1726 πλῆθος

171 1730 234 1769 ἀεὶ
260 1731 326 1768 καὶ
352 1732 532 1776 φαίνεται
558 1730 622 1766 καὶ
648 1732 819 1776 γίγνεται
846 1728 942 1776 πρὸς
966 1728 1055 1771 τοὺς
1080 1728 1306 1776 χρωμένους,
1327 1730 1431 1770 οιους
1457 1724 1504 1764 ἂν
1532 1727 1598 1775 ε”χῃ
1624 1741 1715 1773 προ-

172 1778 308 1821 στάτας
345 1779 410 1815 καὶ
449 1776 695 1836 συμβούλους.
745 1778 896 1823 Dionys.
930 1778 1014 1814 Hal.
1049 1778 1151 1814 XVII
1186 1782 1247 1814 12.
1281 1774 1545 1838 παραπλήσιόν
1578 1790 1612 1812 τι
1643 1774 1714 1811 πά-

173 1840 344 1887 σχουσιν
353 1825 396 1862 αῖ
419 1824 776 1884 δημοκρατούμεναι
800 1825 930 1867 πόλεις
954 1831 1032 1867 τοῖς
1062 1825 1280 1884 πελάγεσιν·
1315 1823 1446 1861 ἐκεῖνά
1474 1838 1512 1861 τε
1539 1822 1611 1870 γὰρ
1639 1821 1714 1860 ὑπὸ

171 1878 247 1914 τῶν
274 1872 426 1922 ἀνέμων
446 1871 671 1919 ταράττεται
691 1872 809 1920 φύσιν
837 1873 972 1935 ἔχοντα
992 1871 1158 1920 ἠρεμεῖν,
1186 1867 1304 1910 αὗταί
1325 1886 1364 1909 τε
1392 1870 1466 1909 ὑπὸ
1495 1873 1569 1908 τῶν
1596 1874 1713 1918 δ--ημα

171 1925 305 1971 γωγῶν
349 1923 542 1959 κυκῶνται
579 1921 704 1969 μηδὲν
744 1920 786 1958 ἐν
831 1921 965 1963 αὑταις
1004 1921 1159 1968 ἔχουσαι
1197 1919 1330 1958 κακόν.
1390 1921 1497 1956 Adde
1536 1920 1609 1957 Cic.
1648 1931 1715 1966 pro

172 1971 346 2066 {luentio
372 1983 402 2007 c.
430 1975 475 2007 49
503 1972 542 2007 et
573 1971 798 2017 interpretes
825 1971 872 2006 ad
898 1970 1049 2007 Livium
1075 1970 1233 2007 XXVIII
1255 1974 1388 2014 27,11.
1441 1969 1493 2005 Of.
1522 1969 1636 2005 etiam
1656 1968 1715 2004 Fr.

208 2021 274 2056 des
339 2023 396 2055 23.

268 2068 327 2104 Fr.
356 2071 410 2103 13.
463 2067 647 2103 Stobaeus
677 2067 776 2104 Flor.
808 2066 861 2102 IX
891 2071 952 2103 25.
993 2064 1170 2108 Σόλωνος
1206 2066 1393 2112 integram
1424 2066 1521 2101 hanc
1553 2064 1714 2109 elegiam

173 2115 384 2162 adscripsit,
416 2115 462 2150 de
495 2126 568 2161 qua
601 2114 809 2161 disputavit
839 2115 979 2151 Linder
1011 2115 1148 2151 Philol.
1181 2114 1268 2150 XIII
1300 2118 1370 2150 499
1397 2125 1498 2159 seqq.
1551 2111 1644 2148 Cum
1670 2111 1714 2146 H.

172 2164 274 2201 Weil
299 2175 331 2201 a.
361 2166 452 2199 1862
484 2163 524 2198 in
554 2163 683 2199 Museo
716 2163 898 2199 Rhenano
924 2163 1045 2207 XVII,
1082 2167 1099 2198 1
1127 2174 1203 2208 seq.
1236 2163 1332 2198 hanc
1367 2161 1542 2208 elegiam,
1587 2171 1715 2205 quem-

173 2212 376 2266 admodum
402 2210 508 2255 alias,
535 2211 773 2266 stropharum
793 2211 952 2247 vinculis
979 2212 1173 2247 astrictam
1194 2222 1276 2246 esse
1297 2204 1559 2254 contendisset,
1586 2209 1715 2243 decem

173 2260 282 2298 annis
315 2261 400 2306 post
433 2259 594 2296 Leutsch
618 2271 658 2295 1n
688 2259 825 2296 Philol.
851 2259 974 2295 XXXI
1001 2263 1069 2295 150
1102 2270 1178 2304 seq.
1217 2257 1461 2294 citharoedici
1492 2255 1595 2293 nomi
1626 2256 1714 2292 Ter·

172 2308 330 2355 pandrei
362 2309 586 2343 structuram
610 2307 693 2343 ‘sibi
728 2307 1018 2362 deprehendisse
1053 2307 1218 2352 videtur,
1251 2317 1326 2342 non
1357 2306 1512 2341 meliore
1544 2315 1717 2340 successu

174 2368 286 2403 quam
311 2355 412 2391 Weil
448 2355 623 2402 strophas
657 2355 870 2402 indagavit:
904 2356 977 2391 nisi
1010 2355 1111 2401 quod
1136 2336 1268 2391 Weilii
1300 2354 1461 2390 artificia
1492 2353 1567 2388 iam
1599 2363 1716 2397 prope

174 2404 344 2441 obsoleta
370 2406 469 2449 sunt,
496 2403 738 2450 Terpandrea
747 2386 903 2447 ostudia‚
930 2405 1133 2449 postquam
1146 2402 1349 2448 Westphal
1379 2402 1501 2437 facem
1526 2399 1716 2454 praetulit,

174 2464 271 2488 nunc
295 2452 357 2488 vel
382 2451 545 2487 maxime
570 2451 727 2488 fervent.
779 2451 827 2487 Et
846 2451 980 2497 Westp
982 2451 1047 2486 hal
1074 2451 1225 2496 quidem
1250 2450 1346 2486 miro
1382 2461 1521 2492 errore,
1556 2447 1617 2484 cui
1642 2458 1717 2482 non

99 2541 103 2546 ,
174 2501 233 2537 est
256 2499 366 2536 venia
390 2500 534 2546 parata,
560 2496 720 2549 ὀμφαλῷ
747 2500 922 2545 quartum
947 2498 1124 2535 attribuit
1148 2499 1291 2542 locum,
1318 2509 1428 2543 quem
1455 2477 1627 2541 quintum
1653 2496 1716 2530 ob-

174 2547 331 2584 tinuisse
350 2547 593 2584 manifestum
618 2549 692 2584 est:
718 2547 847 2593 itaque
867 2559 952 2583 cum
970 2546 1200 2592 Terpandrei
1219 2546 1321 2582 nomi
1340 2545 1503 2591 vestigia
1527 2544 1619 2579 alibi
1646 2542 1716 2578 sibi

175 2595 464 2643 deprehendisse
489 2594 658 2639 videtur,
684 2607 782 2632 vana
807 2606 888 2631 esse
914 2596 988 2631 ista
1014 2596 1227 2630 commenta
1256 2604 1407 2629 necesse
1439 2593 1506 2628 est.
1557 2592 1616 2627 Ab
1646 2591 1717 2626 hoc

175 2655 298 2681 errore
325 2655 414 2679 sane
446 2644 611 2680 Leutsch
637 2643 709 2680 sibi
736 2643 847 2685 cavit,
875 2643 939 2679 sed
961 2641 1107 2688 ε”παρχα
1134 2643 1173 2678 et
1205 2640 1373 2687 με’ταρχα
1405 2651 1623 2685 nuncupans
1655 2639 1717 2674 vel

174 2691 366 2738 ignoravit
385 2691 446 2728 vel
467 2691 609 2738 sprevit
627 2692 877 2728 certissimam
897 2691 1210 2733 emendationem,
1231 2701 1305 2734 qua
1325 2688 1414 2725 olim
1433 2689 1527 2723 haec
1551 2689 1718 2723 monstra

174 2739 374 2786 procuravi
399 2740 448 2776 ad
462 2740 573 2786 Terp.
592 2739 637 2776 fr.
682 2740 760 2776 Nec
781 2738 944 2775 debebat
963 2717 1210 2774 citharoediei
1228 2736 1330 2772 nomi
1350 2738 1575 2771 structuram
1594 2735 1716 2769 trans-

175 2788 273 2824 ferre
292 2788 340 2823 ad
361 2787 510 2823 Solonis
529 2787 702 2834 elegiam.
731 2787 828 2823 Sane
847 2787 895 2822 ad
915 2797 1067 2821 nomum
1087 2785 1322 2820 auloedicum
1343 2786 1494 2819 auctore
1510 2785 1551 2818 ut
1569 2782 1716 2817 videtur

177 2834 295 2872 Clona
318 2836 503 2871 translata
528 2836 594 2880 est,
620 2836 685 2871 sed
710 2847 734 2871 a
758 2834 912 2880 reliquis
939 2833 1116 2878 elegiacis
1142 2831 1369 2868 carminibus
1389 2831 1502 2876 plane
1522 2831 1715 2866 abh0r1·:et
1723 2848 1732 2858 ·

176 2893 265 2918 nam
289 2883 520 2929 singulorum
554 2883 695 2929 lyricae
729 2882 854 2928 poesis
885 2891 1065 2935 generum
1097 2880 1305 2925 singulares
1338 2880 1425 2914 sunt
1455 2876 1715 2923 proprietates,

178 2942 270 2976 quas
294 2942 369 2967 non
404 2931 512 2967 decet
544 2931 770 2967 confundere
803 2930 864 2966 vel
896 2928 1168 2965 contaminare·
1201 2926 1339 2962 frustra
1360 2925 1486 2980 igitur
1518 2927 1620 2967 sunt
1653 2925 1716 2969 qui

180 2978 331 3015 chorica
356 2978 522 3015 carmina
547 2979 779 3026 tragicorum
798 2979 995 3024 poetarum
1014 2976 1075 3012 vel
1094 2974 1249 3011 Pindari
1269 2973 1431 3021 epinicia
1455 2973 1503 3010 ad
1524 2984 1586 3009 eas
1611 2953 1715 3018 'leges
