1890 3216
766 197 1111 235 ARISTOTELES.
1618 197 1704 240 357

167 311 337 365 denique
368 312 420 352 ib.
448 311 526 351 VII
554 314 637 352 617
673 306 796 365 (adde
827 310 942 363 Diog.
976 310 1110 351 Laert.
1143 311 1327 352 Prooem.
1361 313 1385 351 5
1421 314 1461 351 et
1493 312 1576 352 cod.
1613 312 1706 351 Vin-

166 378 257 420 dob.
287 392 325 419 n.
353 380 456 429 311,
488 378 592 418 idem
625 391 661 418 n.
694 379 775 418 153
802 390 891 417 cum
917 378 1106 419 lemmate
1131 376 1175 418 ἐν
1202 378 1286 432 Δίῳ
1312 379 1381 430 τῆς
1405 374 1706 433 Μακεδονίας);

385 469 539 527 Θρήϊκα
571 469 819 527 χρυσολύρην
849 468 935 528 τῇδ’
965 469 1111 526 Ὀρφέα
1143 475 1311 515 Μοῦσαι
1342 472 1526 525 ἔθαψαν,

450 534 502 580 ὃν
533 535 674 579 κτάνεν
705 534 915 591 ὑψιμέδων
946 534 1047 588 Ζεὺς
1078 535 1264 590 ψολόεντι
1295 537 1408 592 βέλει.

166 636 429 688 Epitaphium
470 638 490 675 1
527 638 568 675 et
607 637 631 675 2
672 636 795 676 etiam
833 636 1108 676 Schneidewin
1145 636 1196 675 ad
1234 636 1558 688 Peplographum
1595 649 1707 677 revo-

165 702 283 754 cavit,
314 702 524 743 Benndorf
543 702 695 742 Lobom·
725 702 878 753 Argivo
903 702 1047 742 maluit
1071 701 1319 754 adscribere3
1353 703 1519 742 tertium
1544 698 1706 742 videtur

166 782 214 809 ex
250 769 445 820 ampliore
483 767 526 808 et
562 768 787 820 antiquiore
826 768 999 809 carmine
1043 770 1309 818 contractum,
1347 768 1455 820 quod
1491 768 1707 820 adscripsit

166 834 396 875 Alcidamas
434 834 476 873 in
513 833 630 873 Ulixe
661 847 698 885 p.
733 835 816 873 672
851 833 910 874 ed.
943 834 1087 886 Bekk.:
1124 829 1332 887 γράμματα
1370 831 1442 887 μὲν
1473 830 1523 887 δὴ
1550 836 1705 887 πρῶτος

160 896 327 954 Ὀρφεὺς
357 895 561 953 ἐξήνεγκε,
591 894 699 951 παρὰ
731 900 917 939 Μουσῶν
949 895 1113 952 μαθών,
1155 894 1208 948 ὥς
1238 898 1303 940 καὶ
1341 896 1387 940 τὰ
1426 898 1490 940 ἐπὶ
1520 902 1573 956 τῷ
1604 896 1704 953 μνή-

167 980 257 1019 ματι
288 961 412 1007 αὐτοῦ
444 965 564 1018 δηλοῖ
589 961 878 1019 ἐπιγράμματα·

378 1055 592 1102 Μουσάων
622 1056 828 1114 πρόπολον
858 1056 944 1115 τῇδ’
976 1056 1122 1112 Ὀρφέα
1158 1061 1310 1115 Θρῇκες
1342 1060 1510 1114 ἔθηκαν,

450 1122 500 1168 ὃν
530 1122 672 1166 κτάνεν
703 1121 913 1178 ὑψιμέδων
945 1121 1046 1174 Ζεὺς
1075 1122 1262 1177 ψολόεντι
1293 1125 1416 1179 βέλει,

381 1188 558 1246 Οἰάγρου
590 1192 709 1244 φίλον
741 1188 851 1243 υἱόν,
882 1187 927 1240 ὃς
952 1187 1126 1244 τΗρακλῆ
1158 1190 1398 1244 ἐξεδίδαξεν,

449 1254 577 1311 εὑρὼν
608 1254 841 1312 ἀνθρώποις
871 1254 1078 1311 γράμματα
1108 1256 1175 1298 καὶ
1206 1258 1365 1311 σοφίην.

163 1378 220 1384 --
254 1355 530 1396 Schneidewin
566 1357 777 1406 praeterea
813 1354 890 1394 huc
934 1354 1061 1394 refert
1097 1367 1199 1406 quae
1241 1355 1434 1407 leguntur
1471 1369 1532 1407 ap.
1572 1356 1701 1396 Schol.

162 1422 280 1462 Hom.
306 1422 353 1462 Il.
385 1432 409 1462 σ
441 1423 543 1462 57οε

377 1513 549 1569 Κρύπτω
574 1513 643 1558 τὸν
667 1512 768 1557 θεὸν
793 1513 922 1570 ἄνδρα
947 1517 1096 1577 Λίνον,
1122 1519 1309 1558 Μουσῶν
1332 1513 1581 1569 θεράποντα,

380 1646 461 1692 Τὸν
491 1642 800 1702 πολυθρήνητον
832 1649 963 1690 Λίνον
994 1643 1040 1688 αἶ
1066 1648 1198 1689 Λίνον
1228 1645 1301 1701 ἥδε
1325 1645 1487 1704 πατρῴα

449 1715 649 1769 Φοιβείοις
679 1714 832 1768 βέλεσιν
862 1717 912 1768 γῆ
944 1713 1091 1768 κατέχει
1123 1715 1334 1768 φθίμενον.

162 1812 232 1852 ubi
257 1814 427 1863 apparet
452 1812 529 1851 duo
550 1812 710 1851 diversa
730 1812 1024 1862 epigrammata
1042 1813 1195 1850 temere
1221 1811 1428 1851 coaluisse.
1466 1832 1513 1837 —-
1551 1810 1702 1858 Quodsi

161 1879 204 1918 in
235 1878 359 1929 Peplo
391 1891 472 1918 non
502 1878 662 1918 tantum
695 1877 916 1929 epitaphia,
950 1875 1020 1916 sed
1051 1877 1132 1924 alja
1163 1877 1283 1917 etiam
1316 1877 1611 1928 epigrammata
1641 1877 1699 1916 in-

162 1946 271 1984 serta
294 1943 469 1992 fuerunt,
501 1943 630 1994 possis
650 1942 727 1996 huc
746 1943 906 1985 referre¹
924 1943 1122 1984 distichon
1148 1943 1266 1996 illud,
1299 1943 1404 1995 quod
1435 1944 1514 1994 ipsi
1539 1942 1700 1994 Orpheo

162 2010 377 2060 adscripsit
395 2010 535 2048 auctor
555 2008 747 2048 orationis
768 2007 1046 2049 Corinthiacae
1066 2005 1159 2063 (Dio
1175 2009 1382 2062 Chrysost.
1397 2005 1607 2062 XXXVII)
1627 2011 1698 2050 15:

372 2112 538 2169 Ἀργοῦς
567 2111 609 2156 τὸ
641 2112 794 2167 σκάφος
827 2116 922 2170 εἰμί,
953 2118 1038 2174 θεῷ
1070 2113 1110 2157 δ’
1145 2113 1346 2170 ἀνέθηκεν
1371 2114 1512 2158 Ἰάσων

438 2178 601 2234 Ἴσθμια
631 2179 697 2221 καὶ
727 2181 897 2235 Νεμέοις
928 2180 1176 2236 στεψάμενον
1207 2178 1454 2237 πίτυσιν.**)

164 2292 282 2332 Certe
314 2303 379 2340 ea,
416 2303 518 2341 quae
549 2290 687 2330 rhetor
724 2290 793 2329 ille
826 2291 874 2330 de
911 2292 1197 2331 certaminibus
1236 2305 1283 2332 ex
1319 2291 1494 2332 fabulari
1531 2292 1700 2332 historia

161 2358 327 2409 profert,
359 2370 408 2396 ex
438 2356 512 2396 tali
543 2356 677 2407 aliquo
710 2369 848 2407 opere,
879 2358 1009 2408 qualis
1041 2357 1188 2408 Peplus
1214 2358 1304 2408 fuit,
1335 2358 1496 2398 videtur
1520 2359 1697 2409 petiisse.

163 2424 316 2464 Verum
347 2424 444 2463 haec
476 2435 632 2474 quoque
663 2423 891 2463 coniectura
921 2423 1135 2463 admodum
1165 2424 1329 2464 incerta.

283 2489 402 2541 Apud
435 2489 655 2532 Ausonium
687 2490 898 2539 praeterea
928 2489 1122 2540 leguntur
1153 2489 1233 2528 alia
1264 2489 1568 2542 epigrammata,
1601 2504 1696 2542 quo—

163 2569 252 2595 rum
284 2567 430 2607 graeca
461 2555 643 2606 exempla
673 2567 753 2594 non
784 2557 933 2606 extant,
965 2555 1082 2594 haec:

258 2743 278 2764 *
318 2742 428 2778 Haud
454 2742 674 2778 cunctanter
706 2740 852 2787 corrigo
884 2739 1190 2788 στεψάμενος,
1222 2753 1309 2778 nam
1334 2741 1469 2778 navale
1503 2743 1696 2778 certamen

162 2790 201 2826 in
225 2789 260 2825 Is
307 2801 382 2835 mo,
407 2801 483 2827 non
507 2789 599 2826 item
625 2790 786 2826 Nemeae
812 2788 959 2825 institui
983 2790 1143 2836 poterat.
1193 2789 1302 2825 Iason
1326 2789 1443 2835 igitur
1467 2788 1632 2826 Nemeae
1656 2789 1697 2826 in

162 2837 238 2874 alio
264 2848 337 2883 quo
357 2837 560 2875 certamine
579 2838 713 2874 vicisse
733 2837 937 2873 censendus
957 2837 1025 2874 est.
1064 2837 1190 2873 Illud·
1181 2837 1351 2882 inprimis
1371 2836 1695 2874 animadversione

162 2885 335 2931 dignum,
370 2886 487 2940 quod,
518 2886 549 2922 si
579 2886 670 2922 fides
701 2886 759 2922 est
789 2885 876 2921 bule
909 2884 1190 2931 epigrammati,
1225 2884 1433 2931 antiquitus
1463 2885 1623 2921 victores
1656 2886 1696 2922 in

163 2913 359 2970 Nemeaeis
392 2932 490 2970 ludis
523 2932 838 2978 quemadmodum
873 2932 911 2968 in
943 2932 1109 2970 Isthmiis
1141 2932 1231 2979 pinu
1265 2933 1555 2979 coronabantur
1589 2933 1694 2970 cuius

164 2980 277 3019 moris
303 2981 405 3018 aliud
430 2981 686 3019 testimonium
712 2982 837 3018 extare
863 2991 938 3018 non
963 2980 1126 3018 memini.
