1890 3216
766 181 1124 218 ARCHILOCHUS.
1626 179 1715 221 419

467 287 677 349 (τήνελλα
708 292 932 334 καλλίνικε
943 290 974 348 ,)
1039 283 1045 291 ”

393 358 528 413 αὐτός
559 378 603 405 τε
635 360 709 405 καὶ
738 358 909 414 Ἰόλαος
940 358 1130 419 αἰχμητὰ
1162 359 1259 405 δύο.

180 516 257 552 τῶν
283 511 442 561 ἑταίρων
468 512 663 563 ἅνακρουό
694 528 779 557 evoe
806 515 925 562 ἔλεγε·
956 514 1125 561 Τήνελλα
1150 516 1353 551 καλλίνικε.
1403 514 1477 551 Sed
1506 514 1718 551 accuratius

181 567 202 608 ἓ
227 567 265 600 2;
292 560 313 599 ὀ
338 561 539 621 Ἀρχᾶοχος
565 592 571 598 .
595 593 602 599 .
626 592 633 600 .
681 562 786 600 λθών
821 563 874 605 εἰς
903 560 1125 610 Ὀλυμπίαν,
1156 560 1324 610 θελήσας
1357 558 1501 609 ὕμνον
1533 558 1719 609 ἀναβαλέ-

181 613 276 648 σθαι
310 609 378 653 εἰς
414 612 629 657 Ηρακλέα
665 610 707 648 ἐν
739 612 782 659 τῇ
811 608 1010 659 Ὀλυμπίᾳ,
1042 607 1235 657 ἀπορήσας
1266 610 1487 667 κιθαρῳδοῦ
1521 607 1586 647 διά
1619 623 1722 652 τινος

180 657 317 703 λέξεως
341 656 578 706 μιμήσασθαι
604 656 670 695 τὸν
697 656 848 705 ἆυθμόν
874 659 938 695 καὶ
973 657 1039 695 τὸν
1066 653 1158 705 ἦχον
1190 659 1255 704 τῆς
1286 661 1452 703 κιθαρας
1485 654 1719 705 ἐπεχείρησε·

184 704 372 751 συντάξας
398 700 470 743 οὖν
495 705 537 743 τὸ
564 704 773 754 κομμάτιον
799 704 969 752 τήνελλα,
995 703 1092 743 οὕτω
1120 705 1184 742 καὶ
1208 704 1254 742 τὰ
1283 702 1369 752 ἑξῆς
1394 702 1635 752 ἀνεβάλλετο,
1655 706 1720 742 καὶ

183 750 298 796 αὐτὸς
335 752 406 813 μὲν
444 751 510 790 τὸν
547 747 570 800 ἦ
597 767 640 790 ον
677 754 744 800 τῆς
773 752 938 798 κιθάρας
970 751 1268 800 ὑποκρινόμενος
1302 752 1430 799 ἔλεγεν
1465 751 1506 789 ἐν
1538 753 1637 802 μέσῳ
1670 754 1720 802 τῷ

177 802 281 862 χορῷ
307 815 349 838 το
376 799 546 848 τήνελλα,
572 767 593 838 Ξ
620 799 663 838 δὲ
689 799 800 848 χορὸς
824 799 869 838 τὰ
898 799 1085 840 ἐπίλοιπα.
1119 800 1218 838 οἷον·
1252 804 1450 837 Καλλίνικε
1484 806 1590 847 χαῖρε
1622 798 1721 845 ἅναξ

187 851 386 896 Ηρακλεις,
412 848 477 885 καὶ
503 850 544 886 εἴ
563 862 598 885 τι
624 848 765 896 ἕτερον,
787 847 884 885 οἷον·
912 845 1033 891 Αὖτός
1052 862 1090 885 τε
1112 848 1176 886 καὶ
1191 845 1228 886 Ἰ.
1249 846 1414 895 αἰχματὰ
1435 846 1518 892 δύο,
1541 846 1721 895 Τήνελλα.

179 893 246 934 Ἐκ
278 894 414 934 τούτου
453 894 496 932 τὸ
527 894 663 941 λοιπὸν
708 894 748 933 οἱ
781 893 1016 941 ἀποροῦντες
1054 897 1285 944 κιθαρῳδῶν
1322 894 1441 944 τούτῳ
1467 897 1518 946 τῷ
1557 895 1722 943 κόμματι

185 941 362 992 ἐχρῶντο,
386 942 428 980 τὸ
458 942 627 990 Τήνελλα
653 945 812 990 τρίτον
838 944 925 991 (leg.
952 944 1061 990 τρὶς)
1088 941 1180 980 αὐτὸ
1213 941 1507 989 ἐπιφωνοῦντες.
1551 943 1722 990 Denique

183 995 204 1037 θ
230 997 270 1030 6:
296 989 338 1028 τὸ
365 990 436 1039 μὲν
459 988 666 1038 Ἀρχιλόχου
692 990 819 1038 μέλος,
852 986 873 1028 ὃ
900 996 978 1033 τοῖς
1011 992 1143 1028 νικῶσι
1174 989 1219 1028 τὰ
1243 988 1426 1038 Ὀλύμπια
1462 988 1641 1039 ἐπῄδετο,
1673 986 1721 1038 ἦν

181 1040 425 1086 τρίστροφον,
457 1040 592 1080 κοινῶς
617 1036 833 1085 δυνάμενον
859 1037 1040 1085 ἁρμόζειν
1067 1037 1130 1075 ἐπὶ
1161 1037 1305 1080 παντὸς
1336 1037 1550 1097 νικηφόρου
1581 1038 1646 1076 διὰ
1678 1036 1720 1075 τό

182 1086 340 1132 καὶτῆς
364 1083 535 1132 πράξεως
566 1083 684 1128 αὖτ”ς
715 1084 828 1132 ψιλὸν
862 1085 963 1132 ἔχειν
1003 1085 1068 1123 τὸν
1103 1084 1232 1133 λόγον,
1264 1086 1354 1133 μήτε
1389 1085 1431 1123 δὲ
1470 1100 1593 1133 ονομα
1628 1085 1719 1133 μήτε

183 1132 322 1181 ἰδίωμα
348 1130 619 1181 ἀγωνίσματος.
668 1135 821 1182 φυμνίῳ
847 1133 890 1170 δὲ
916 1135 1154 1180 κατεχρῶντο
1174 1132 1310 1183 τούτῳ·
1342 1132 1512 1180 Τήνελλα
1531 1135 1720 1171 καλλίνικε

183 1210 192 1221 .
213 1210 221 1219 .
244 1212 252 1219 .
274 1210 282 1219 .
308 1178 350 1218 τὸ
378 1179 421 1218 δὲ
442 1178 628 1227 τριπλόος,
648 1177 707 1218 ὅτι
726 1181 804 1227 τρὶς
826 1179 1083 1219 ἐπεκελάὸουν
1103 1180 1145 1218 τὸ
1168 1183 1385 1218 Καλλίνικε·
1413 1178 1459 1218 οὗ
1479 1179 1652 1218 καθόλου
1678 1180 1721 1218 δὲ

181 1241 203 1266 τ
226 1230 276 1275 ίς,
312 1225 396 1265 ἀλλ’
437 1225 496 1265 ὅτι
526 1230 682 1275 τριπλῆν
715 1227 795 1287 ἔχει
831 1228 899 1275 τὴν
937 1227 1106 1276 στροφὴν
1145 1230 1209 1266 καὶ
1246 1227 1360 1266 πάλιν
1398 1225 1721 1278 ἄναλαμβᾶνεται.

179 1242 460 1335 ’ἕρατοσθένης
496 1275 540 1313 δέ
572 1289 664 1323 φησι
697 1290 746 1323 μη
787 1274 974 1334 ἐπινίκιον
1014 1276 1124 1336 εἶναι,
1151 1275 1193 1335 τό
1226 1275 1434 1332 Ἀρχιλόχου
1472 1276 1600 1333 μέλος,
1637 1274 1721 1313 ἀλλ’

182 1337 341 1408 ἷὲἔὸἔι
352 1337 372 1417 ,⁸
383 1323 1408 1430 235⁰&25202‘52‘2‘2'121222gssaf‘ssa‘fflrfl’izffiffl
1434 1336 1623 1419 “Rima
1635 1337 1722 1409 “2²35

182 1417 340 1466 τήνελλα
368 1416 648 1478 Ἐρατοσθένης
680 1421 814 1465 φησίν,
848 1433 924 1464 οτι,
957 1417 1019 1457 ὅτε
1054 1418 1074 1456 ὁ
1107 1417 1270 1466 αὐλητὴς
1301 1416 1324 1466 ἢ
1357 1417 1377 1456 ὁ
1413 1417 1636 1465 κιθαριστὴς
1673 1418 1722 1467 μὴ

184 1467 323 1513 παρῆν,
349 1463 369 1503 ὁ
397 1466 553 1525 ἔξαρχος
579 1465 674 1502 αυτό
710 1465 933 1514 μεταλαβὼν
966 1467 1094 1514 ἔλεγεν
1127 1467 1198 1512 ἔξω
1228 1468 1295 1504 τοῦ
1332 1466 1484 1514 μέλους,
1518 1464 1538 1503 ὁ
1573 1466 1615 1504 δὲ
1648 1468 1722 1503 τῶν

182 1515 394 1562 κωμαστῶν
420 1527 532 1560 χορος
557 1512 718 1563 ἐπέβαλε
750 1513 792 1550 τὰ
819 1516 1040 1559 Καλλίνικε,
1072 1515 1136 1552 καὶ
1163 1511 1262 1552 οὕτω
1293 1512 1564 1561 συνειρόμενον
1588 1514 1722 1561 γέγονε

185 1559 228 1598 τὸ
258 1559 427 1620 Τήνελλα
453 1563 654 1598 καλλίνικε.
686 1559 735 1603 ῘΗ
751 1560 794 1598 δὲ
814 1558 910 1609 ἀρχὴ
931 1563 1005 1599 -τοῦ
1031 1561 1166 1610 μέλους
1191 1560 1308 1600 ἐστίν·
1331 1557 1372 1598 Ὦ
1391 1564 1592 1599 Καλλίνικε
1619 1558 1721 1609 χαῖρ’

185 1608 285 1653 ἅναξ
314 1607 519 1655 Ηράκλεες.
559 1610 743 1655 Hymnum
769 1609 808 1645 in
834 1610 1006 1646 Herculis
1031 1611 1211 1647 honorem
1243 1611 1434 1647 conditum
1460 1610 1574 1646 fuisse
1594 1610 1724 1646 Erato-

189 1658 341 1693 sthenes
366 1660 499 1693 auctor
524 1658 599 1703 est,
630 1668 750 1703 neque
775 1657 928 1702 mirum,
954 1658 1259 1704 quandoquidem
1290 1658 1329 1693 in
1354 1657 1450 1694 Paro
1480 1657 1603 1694 insula
1633 1657 1723 1693 Her-

187 1704 284 1741 culis
309 1706 527 1741 καλλινίκου
554 1715 661 1741 sacra
684 1705 798 1741 fuisse
824 1705 949 1751 arguit
978 1705 1112 1742 titulus
1145 1705 1254 1742 CIGr.
1285 1706 1320 1741 II
1352 1709 1463 1750 2358,
1496 1716 1723 1752 quamquam

184 1753 257 1789 hoc
283 1754 575 1799 cognomentum
599 1754 846 1798 pervagatum
871 1752 986 1789 fuisse
1012 1755 1178 1796 constat3
1213 1753 1314 1799 quod
1340 1753 1424 1789 Sch.
1450 1752 1557 1788 Pind.
1584 1757 1605 1789 2
1633 1752 1726 1788 dicit

185 1800 342 1846 poetam
367 1799 564 1846 Olympiae
589 1799 760 1836 Herculis
785 1799 914 1836 laudes
940 1801 1204 1846 celebravisse,
1235 1800 1346 1837 futile
1377 1802 1436 1836 est
1460 1802 1723 1845 commentum,

185 1858 253 1884 nec
290 1847 413 1894 magis
448 1847 658 1884 audiendus
696 1846 780 1884 Sch.
807 1847 919 1884 Arist.
945 1848 1097 1884 tradens
1127 1848 1394 1884 Archilochum
1431 1847 1468 1883 in
1505 1848 1725 1884 memoriam

186 1894 386 1939 victoriae,
418 1905 532 1941 quam
556 1895 699 1931 musico
726 1894 930 1931 certamine
956 1896 1223 1942 reportaverit,
1257 1906 1406 1932 carmen
1437 1897 1507 1931 hoc
1537 1895 1724 1941 panxisse,

187 1942 291 2027 2¹31?ss
315 1941 1726 2037 8ἷίῗῇιῖοὲῒὲῗὲῖῖἓέἒήὲἓ8223..ῗὲἓιῖῗἯίζῖὲξξίὦῗέἓῑέἓῗέἑὲοὲἵῖ

185 2037 311 2083 litare,
335 2038 380 2074 ut
403 2036 585 2073 Pindarus
612 2038 650 2074 et
670 2037 942 2084 Aristophanes
960 2038 1229 2084 testificantur3
1253 2049 1323 2075 nec
1348 2038 1495 2083 mirum,
1521 2048 1611 2073 nam
1635 2039 1724 2084 eph-

186 2083 355 2131 ymnium
380 2084 535 2121 cuilibet
562 2084 698 2121 victori
722 2084 957 2131 conveniens,
983 2086 1155 2122 Herculis
1181 2088 1307 2122 autem
1333 2085 1462 2121 laudes
1492 2084 1724 2131 Olympioni-

188 2142 249 2169 cas
275 2132 337 2169 vel
362 2131 524 2168 maxime
549 2132 696 2177 decent,
719 2134 942 2178 praesertim
967 2144 1053 2169 cum
1072 2133 1319 2169 Archilochus
1338 2131 1509 2169 Herculis
1529 2132 1723 2169 victoriam

189 2180 235 2216 de
260 2180 319 2215 Au
346 2190 392 2216 ea
415 2180 591 2216 Eleorum
615 2190 704 2226 rege
729 2181 959 2226 reportatam
984 2181 1263 2225 celebravisset,
1283 2182 1326 2216 ut
1344 2180 1459 2216 schol.
1480 2180 1592 2217 Arist.
1614 2178 1723 2227 (μετὰ

188 2225 255 2263 τὸν
281 2225 429 2273 Λυγέου
453 2219 592 2272 ἆθλον)
612 2226 734 2272 docet,
759 2227 857 2263 unde
882 2229 1028 2264 veteres
1053 2228 1319 2275 grammaticos
1337 2228 1484 2274 integro
1503 2227 1618 2263 etiam
1636 2230 1726 2264 tunc

188 2274 353 2311 carmine
379 2286 464 2311 usos
490 2285 571 2310 esse
597 2276 764 2321 apparet.
809 2274 917 2311 Nunc
943 2276 1136 2312 exordium
1161 2276 1310 2312 tantum
1335 2276 1514 2321 superest.
1541 2286 1629 2311 nam
1655 2276 1724 2311 fal-

190 2323 319 2359 luntur
350 2321 416 2368 qui
449 2321 764 2367 quemadmodum
801 2322 964 2359 Leutsch
997 2323 1093 2359 nihil
1128 2323 1258 2359 deesse
1289 2322 1514 2359 existimant.
1567 2321 1726 2358 Carmen

190 2370 263 2406 fuit
287 2370 527 2415 τρίστροφον,
559 2369 657 2405 unde
682 2367 919 2406 Aristarchus
945 2369 1089 2407 censuit
1113 2370 1277 2407 Pindaro
1309 2367 1484 2416 τριπλόον
1509 2370 1724 2406 καλλίνικον

191 2417 334 2454 dictum
359 2428 449 2462 esse,
475 2417 521 2453 de
546 2428 621 2475 quo
651 2416 820 2463 epitheto
852 2417 919 2453 alii
943 2418 1019 2454 alia
1043 2417 1246 2454 commenti
1272 2419 1369 2463 sunt,
1388 2417 1463 2454 vid.
1486 2416 1607 2453 Schol.
1628 2430 1661 2453 v.
1683 2421 1724 2453 8:

191 2462 366 2512 τριπλόος
390 2463 433 2501 δὲ
454 2460 538 2509 ἤτοι
556 2477 576 2500 ο
595 2464 673 2510 τρὶς
698 2461 934 2514 ἐπᾳδόμενος
958 2461 981 2510 ἢ
1008 2467 1229 2524 τρίστροφος
1253 2461 1306 2500 ὢν
1332 2461 1429 2501 κατὰ
1455 2461 1522 2500 τὸν
1543 2460 1722 2510 Ἀρίσταρ-

192 2526 270 2560 χον.
320 2513 417 2549 adde
446 2511 578 2548 'SchoL
615 2517 632 2547 1
667 2515 687 2555 ξ
720 2516 762 2547 6:
805 2509 848 2548 τὸ
883 2508 1090 2559 Ἀρχιλόχου
1128 2515 1238 2559 μελος
1281 2506 1328 2558 ἦν
1364 2513 1600 2557 τρίστροφον.
1653 2512 1725 2548 Sed

193 2571 290 2607 quae
324 2559 402 2597 sch.
427 2571 462 2596 v.
488 2564 510 2596 3
548 2559 593 2595 de
625 2559 781 2606 stropha
815 2560 855 2595 et
889 2560 1049 2596 antistro
1076 2560 1128 2596 ha
1163 2559 1273 2605 lyrici
1309 2559 1492 2606 poematis
1527 2559 1725 2605 adduntur,

193 2607 318 2645 aliena
342 2608 431 2644 sunt
454 2607 503 2643 ab
522 2607 757 2651 Aristarch03
785 2608 960 2653 strophae
979 2607 1051 2643 Arc
1080 2607 1211 2644 ilochii
1235 2606 1366 2652 hymni
1385 2605 1600 2652 aequabiles
1621 2608 1726 2643 erant

193 2657 234 2693 et
258 2654 438 2701 minutae,
463 2666 508 2691 ex
533 2654 616 2691 colo
641 2653 834 2691 trochaico
860 2656 899 2691 et
922 2655 1082 2691 iambico
1108 2654 1278 2691 trimetro
1303 2655 1503 2690 contextae
1534 2653 1623 2690 hinc
1647 2654 1723 2691 sch.

180 2716 228 2754 ⁴v.
249 2707 271 2740 8
295 2699 319 2750 ἥ
347 2698 480 2748 ἐπειδὴ
505 2703 589 2749 τρία
615 2699 769 2750 tappet&
797 2699 904 2746 εἰσιν,
929 2702 1230 2748 quandoquidem
1255 2701 1375 2738 tribus
1401 2681 1563 2747 strophis
1587 2701 1726 2748 singuli

194 2749 357 2787 trimetri
385 2749 534 2795 inserti,
570 2760 660 2786 cave
695 2749 795 2785 enim
830 2750 959 2787 credas
994 2750 1164 2796 singulas
1196 2749 1368 2795 strophas
1399 2749 1515 2784 ternis
1547 2748 1639 2785 colis
1663 2749 1725 2785 vel

194 2797 363 2834 versibus
388 2797 559 2834 iambicis
584 2796 775 2833 absolutos
801 2807 891 2833 esse.
941 2797 1031 2833 Tres
1056 2797 1229 2843 strophas
1254 2795 1427 2832 carminis
1451 2795 1566 2832 etiam
1592 2795 1724 2833 Erato-

196 2845 346 2882 sthenes
371 2844 561 2891 agnoscit,
596 2844 661 2880 sed
686 2844 797 2879 aliter
827 2845 980 2881 Pindari
1010 2845 1134 2881 locum
1164 2844 1433 2900 interpretatur
1458 2846 1478 2886 ς
1504 2847 1525 2879 6
1550 2841 1725 2888 τριπλόον

195 2890 238 2928 δὲ
265 2889 311 2929 οὖ
335 2889 402 2928 διὰ
427 2889 471 2928 ἐκ
496 2893 608 2938 τριῶν
634 2891 807 2936 στροφῶν
833 2894 1075 2938 συγκεῖσθαι,
1106 2888 1199 2927 ἀλλὰ
1226 2893 1290 2927 δια
1321 2888 1364 2927 τὸ
1397 2890 1475 2935 τρὶς
1499 2887 1726 2937 &mmmdcc-

195 2941 290 2975 σθαι
323 2936 366 2975 τὸ
399 2941 613 2976 Καλλίνικε.
665 2938 771 2982 Quod
803 2939 834 2976 si
865 2939 1022 2986 singulis
1053 2938 1215 2985 strophis
1246 2937 1487 2985 ephymnium
1517 2937 1590 2974 fuit
1620 2938 1725 2974 adda·-

1366 2999 1440 3033 27*
