1890 3216
845 195 1017 233 PLATO.
1618 191 1704 236 297

163 314 274 352 mata
293 313 510 364 testantur,
536 312 749 363 descripsit
773 310 965 362 Diogenis
993 310 1269 350 Pammetrum
1294 309 1358 350 cui
1383 308 1557 349 fortasse
1584 308 1707 347 etiam

164 378 345 419 Platonis
378 379 557 418 carmina
588 379 741 418 inserta
769 378 948 417 fuerunt:
981 379 1024 416 at
1055 389 1115 427 ep.
1144 378 1166 416 7
1196 379 1236 416 et
1263 378 1287 416 8
1321 376 1362 415 111
1388 374 1584 426 Meleagri
1609 386 1707 424 quo-

162 457 240 495 que
277 456 425 485 corona
461 445 586 484 fuisse
625 443 865 494 verisimile3
905 455 950 482 ac
983 442 1187 494 Meleager
1218 444 1405 491 fortasse,
1430 441 1510 480 alia
1547 453 1707 492 quoque

161 510 342 550 Platonis
375 511 669 562 epigrammata
700 511 852 562 recepit
890 509 1003 550 velut
1039 511 1111 558 11,
1148 511 1327 561 12,13,
1372 520 1474 560 quae
1514 508 1708 559 leguntur

161 577 268 629 1000,
300 578 369 628 qui
408 590 454 617 ex
492 579 561 617 illo
599 578 796 629 florilegio
836 575 1061 626 descriptus
1101 575 1271 615 videtur.
1335 586 1579 626 quamquam
1610 573 1708 614 haec

162 642 244 682 tria
275 643 454 683 carmina
485 656 508 682 a
540 643 709 683 Platone
742 643 860 694 plane
893 641 1034 682 aliena.

237 783 243 788 .
281 732 375 772 Dixi
406 734 574 785 antiqua
606 746 694 773 esse
725 734 824 772 haec
856 732 1167 784 epigrammata,
1200 745 1301 784 quae
1329 745 1424 772 suae
1452 743 1620 772 coronae
1652 731 1709 770 in-

163 798 336 841 seruerit
367 799 589 851 Meleager,
627 799 698 839 sed
736 811 989 850 nequaquam
1022 799 1216 838 contendo
1250 811 1298 838 ea
1329 811 1416 838 esse
1448 798 1585 849 priora
1616 797 1710 837 Ale-

162 866 449 906 xandrinorum
482 866 660 914 saeculo,
691 866 839 905 nedum
866 865 1078 903 Platonem
1111 865 1244 904 omnia
1275 865 1373 903 haec
1404 865 1470 904 vel
1501 863 1709 903 ludentem

162 933 228 972 vel
259 933 363 980 serio
396 932 686 983 composuisse:
718 944 812 971 nam
843 929 945 970 illud
974 930 1135 968 tantum
1162 931 1335 980 constat,
1369 929 1476 968 facta
1502 941 1589 968 esse
1616 931 1709 968 ante

163 1011 311 1038 annum
342 997 426 1037 fere
455 997 484 1037 C
511 999 604 1037 ante
631 996 724 1037 Chr.
748 1010 787 1036 n.
832 996 957 1036 Velut
978 996 1016 1044 3,
1044 995 1077 1034 si
1103 995 1182 1035 fuit
1209 1008 1234 1034 a
1253 996 1459 1046 Meleagro
1491 997 1710 1046 receptum,

161 1076 241 1104 non
272 1064 407 1115 potest
430 1063 651 1102 Philodemo
682 1062 873 1112 attribui,
903 1074 1032 1112 neque
1058 1062 1194 1101 tamen
1220 1061 1271 1100 ad
1296 1061 1478 1100 Platonis
1505 1060 1710 1100 saeculum

162 1129 434 1179 referendum,
465 1142 560 1168 nam
591 1129 802 1180 antiquum
834 1130 997 1179 poetam
1022 1127 1083 1167 bis
1109 1127 1216 1166 idem
1242 1129 1529 1178 argumentum
1560 1129 1708 1166 tracta-

163 1196 289 1246 visse,
320 1196 367 1234 ut
391 1197 599 1246 tamquam
625 1196 763 1235 rhetor
789 1193 1039 1244 ostenderet,
1071 1194 1407 1244 quemadmodum
1440 1196 1533 1245 apte
1560 1193 1712 1233 variari

162 1263 316 1313 posset,
358 1273 438 1300 non
476 1262 539 1300 est
575 1262 808 1305 verisimile.
863 1260 967 1300 Item
1005 1260 1127 1299 dubia
1166 1262 1260 1299 sunt
1291 1274 1351 1311 ep.
1386 1262 1410 1300 9
1439 1262 1480 1299 et
1510 1261 1575 1309 10,
1609 1271 1710 1310 quae

161 1326 455 1367 Eretriensium
499 1327 714 1366 memoriae
762 1326 947 1366 dedicata
992 1327 1103 1364 sunt:
1146 1339 1278 1377 neque
1317 1327 1423 1366 enim
1461 1324 1710 1375 cenotaphiis
1734 1347 1747 1357 ι

163 1394 260 1432 haec
285 1392 480 1443 inscripta
506 1393 688 1444 fuerunt,
722 1393 791 1432 sed
817 1392 866 1432 ad
895 1391 1202 1431 demonstrativi
1225 1393 1384 1443 generis
1405 1391 1712 1431 similitudinem

162 1471 286 1510 prope
318 1458 531 1508 accedunt,
564 1460 685 1509 atque
716 1458 823 1498 idem
856 1458 1143 1509 argumentum
1174 1448 1348 1499 variant.
1397 1457 1543 1497 Libere
1575 1459 1712 1496 tamen

163 1523 372 1564 fatendum
405 1526 484 1575 est,
516 1538 588 1564 nos
621 1538 723 1575 quae
755 1525 830 1565 hoc
858 1524 1017 1564 saeculo
1045 1535 1216 1574 graecae
1242 1524 1374 1574 poesis
1400 1523 1556 1563 indoles
1587 1521 1712 1562 fuerit

163 1603 305 1641 parum
338 1592 587 1640 compertum
618 1590 786 1641 habere,
828 1603 874 1630 ac
904 1589 1124 1630 verisimile
1157 1602 1262 1641 esse,
1295 1603 1451 1639 eorum,
1485 1602 1586 1640 quae
1618 1589 1712 1628 Ale-

163 1655 350 1695 xandrini
381 1656 525 1706 postea
557 1656 736 1696 studiose
776 1656 1101 1706 celebraverunt,
1138 1655 1358 1706 primordia
1396 1656 1476 1694 iam
1509 1657 1597 1694 tum
1630 1654 1711 1694 eni-

163 1721 309 1771 tuisse,
350 1721 489 1771 itaque
530 1734 610 1761 non
647 1722 794 1760 mirum
832 1722 866 1761 si
906 1722 994 1772 quis
1032 1720 1182 1760 mortui
1220 1721 1454 1761 memoriam
1493 1720 1710 1760 honorifico

163 1787 293 1838 610810
314 1787 530 1836 decoravit,
557 1787 662 1838 quod
682 1800 761 1827 non
780 1788 859 1826 fuit
879 1787 1062 1838 sepulcro
1088 1787 1346 1837 insculptum,
1372 1786 1711 1838 quemadmodum

162 1854 243 1892 iam
274 1846 426 1892 dudum
458 1854 623 1893 ludibrii
655 1867 776 1894 causa
808 1852 1004 1894 eiusmodi
1035 1852 1178 1892 titulos
1206 1853 1480 1892 condiderunt.
1531 1853 1650 1892 Plato
1677 1853 1712 1891 si

164 1919 266 1958 Susa
305 1921 346 1959 et
383 1919 591 1958 Ecbatana
628 1921 880 1960 visitavisset
917 1915 1083 1972 (dicitur
1121 1918 1226 1958 enim
1259 1919 1309 1957 ad
1341 1919 1482 1971 Magos
1514 1919 1712 1969 proficisci

162 1984 338 2024 voluisse
371 1983 441 2023 sed
474 1987 641 2035 propter
672 1986 825 2026 bellum
856 1985 1081 2025 Asiaticum
1119 1985 1193 2024 hoc
1234 1985 1443 2025 consilium
1484 1981 1711 2038 abiecisse),

163 2050 297 2101 potuit
322 2063 476 2089 memor
501 2051 765 2103 calamitatis,
793 2064 895 2102 quae
920 2052 1135 2102 populares
1162 2064 1255 2091 suos
1282 2052 1323 2090 in
1350 2054 1548 2091 extremas
1573 2053 1710 2102 partes

165 2115 273 2154 orbis
304 2116 507 2154 terrarum
539 2117 692 2165 avexit,
731 2129 901 2167 quorum
939 2117 1093 2167 posteri
1126 2118 1249 2157 etiam
1281 2120 1377 2157 tunc
1409 2119 1597 2157 videntur
1628 2117 1711 2157 suis

163 2180 364 2220 institutis
396 2181 460 2219 usi
491 2194 578 2220 esse
611 2175 711 2236 (vid.
744 2182 892 2222 Herod.
924 2181 981 2221 VI
1011 2178 1133 2237 119),
1164 2183 1270 2226 haec,
1295 2183 1498 2234 poematia
1529 2183 1795 2223 condere.618

164 2246 285 2285 Haud
329 2248 564 2286 cunctanter
611 2260 782 2299 segrego
827 2248 909 2287 tria
952 2248 1245 2299 epigrammata
1287 2252 1353 2288 11.
1390 2251 1455 2288 12.
1494 2251 1564 2298 13,
1609 2262 1712 2300 quae

164 2312 244 2350 iam
275 2311 395 2362 plane
428 2312 737 2353 demonstrativi
767 2314 928 2365 generis
961 2314 1136 2364 speciem
1167 2327 1264 2365 prae
1297 2328 1339 2354 se
1370 2315 1524 2354 ferunt:
1567 2328 1626 2365 ep.
1657 2317 1708 2354 11

165 2379 206 2416 et
229 2378 281 2416 13
315 2377 358 2416 in
390 2378 528 2437 eodem
561 2379 679 2429 plane
705 2381 945 2430 argumento
972 2381 1205 2429 versantur,
1237 2393 1282 2420 ac
1308 2382 1341 2420 si
1372 2382 1586 2431 praeterea
1611 2380 1712 2419 nihil

106 2498 110 2502 ι
164 2455 408 2494 magnopere
435 2445 613 2496 offendit,
639 2445 855 2496 tenendum
883 2446 944 2484 est
971 2445 1212 2486 brevissima
1238 2459 1344 2487 esse:
1377 2447 1550 2497 amplius
1577 2448 1712 2485 autem

164 2509 412 2560 poematium
455 2511 506 2549 12
546 2510 628 2549 iam
665 2523 688 2549 a
727 2509 884 2549 dicendi
924 2522 1072 2561 genere
1109 2512 1219 2551 illius
1264 2513 1415 2552 saeculi
1457 2512 1626 2563 recedit,
1670 2513 1712 2551 id

167 2574 274 2626 quod
306 2575 490 2625 inprimis
524 2571 731 2615 ἐνδύσαιτο
763 2575 917 2626 arguit,
950 2576 998 2615 de
1031 2590 1110 2628 quo
1142 2578 1300 2618 monuit
1325 2577 1453 2618 Cobet
1479 2577 1574 2616 Var.
1601 2578 1710 2618 Lect.

167 2640 208 2679 II
237 2642 334 2680 789.
383 2641 443 2679 Ex
469 2641 624 2681 duobus
652 2641 956 2692 epigrammatis
980 2644 1032 2681 17
1054 2645 1096 2682 et
1118 2645 1171 2684 18
1198 2644 1372 2683 fortasse
1398 2644 1710 2683 alterumutrum

168 2718 193 2745 a
217 2706 386 2747 Platone
412 2707 678 2758 compositum
705 2720 791 2747 esse
819 2707 1040 2759 existimes,
1067 2709 1166 2748 mihi
1191 2712 1380 2749 neutrum
1406 2710 1584 2760 videtur,
1617 2723 1710 2749 nam

167 2785 334 2812 acumen
371 2773 476 2813 inest
515 2775 674 2813 omnino
713 2774 922 2823 indignum
959 2773 1210 2825 philosopho.
1274 2776 1446 2814 Restant
1478 2776 1535 2814 30
1567 2776 1609 2813 et
1641 2776 1709 2824 31,

166 2838 376 2889 utriusque
409 2839 900 2890 epigrammatis·incerta
932 2842 992 2878 est
1025 2840 1231 2890 paradosis
1264 2840 1306 2879 in
1336 2840 1601 2891 Anthologia,
1638 2853 1711 2880 nec

167 2906 302 2943 tamen
333 2904 425 2943 huic
456 2905 515 2944 rei
554 2906 727 2944 multum
766 2905 1042 2945 tribuendum:
1085 2906 1155 2946 sed
1187 2919 1247 2956 ep,
1281 2908 1337 2946 30
1370 2906 1554 2956 quamvis
1585 2906 1711 2945 Athe-

166 2970 257 3008 naei
295 2971 513 3010 auctoritas
546 2972 728 3021 tueatur,
769 2971 877 3010 haud
915 2971 1034 3011 dubie
1066 2971 1387 3011 commenticium
1419 2973 1496 3020 est,
1535 2971 1710 3011 alterum
