<?xml version="1.0" encoding="UTF-8"?>
<!DOCTYPE html PUBLIC "-//W3C//DTD XHTML 1.0 Transitional//EN"
    "http://www.w3.org/TR/xhtml1/DTD/xhtml1-transitional.dtd">
<html xmlns="http://www.w3.org/1999/xhtml" xml:lang="en" lang="en">
 <head>
  <title>
</title>
<meta http-equiv="Content-Type" content="text/html;charset=utf-8" />
  <meta name='ocr-system' content='tesseract 3.04.00' />
  <meta name='ocr-capabilities' content='ocr_page ocr_carea ocr_par ocr_line ocrx_word'/>
</head>
<body>
  <div class='ocr_page' id='page_1' title='image "./poetaelyricigrae02berguoft_0377.png"; bbox 0 0 1890 3216; ppageno 0'>
   <div class='ocr_carea' id='block_1_1' title="bbox 886 190 1757 234">
    <p class='ocr_par' dir='ltr' id='par_1_1' title="bbox 886 190 1757 234">
     <span class='ocr_line' id='line_1_1' title="bbox 886 190 1757 234; baseline 0.007 -6"><span class='ocrx_word' id='word_1_1' title='bbox 886 191 1086 230; x_wconf 86' lang='lat' dir='ltr'><strong>CRATES.</strong></span> <span class='ocrx_word' id='word_1_2' title='bbox 1671 190 1757 234; x_wconf 82' lang='lat'><em>367</em></span> 
     </span>
    </p>
   </div>
   <div class='ocr_carea' id='block_1_2' title="bbox 288 303 1410 446">
    <p class='ocr_par' dir='ltr' id='par_1_2' title="bbox 288 303 1410 446">
     <span class='ocr_line' id='line_1_2' title="bbox 928 303 1038 347; baseline 0 0"><span class='ocrx_word' id='word_1_3' title='bbox 928 304 967 347; x_wconf 90' lang='grc'><em>8.</em></span> <span class='ocrx_word' id='word_1_4' title='bbox 999 303 1038 347; x_wconf 89' lang='grc'><em>9.</em></span> 
     </span>
     <span class='ocr_line' id='line_1_3' title="bbox 288 384 1410 446; baseline -0.001 -15"><span class='ocrx_word' id='word_1_5' title='bbox 288 384 402 431; x_wconf 85' lang='grc' dir='ltr'><em>Οὐδ’</em></span> <span class='ocrx_word' id='word_1_6' title='bbox 438 389 515 434; x_wconf 83' lang='grc' dir='ltr'><em>ἔτι,</em></span> <span class='ocrx_word' id='word_1_7' title='bbox 535 386 632 446; x_wconf 84' lang='grc' dir='ltr'><em>(σοί</em></span> <span class='ocrx_word' id='word_1_8' title='bbox 659 386 728 444; x_wconf 76' lang='grc' dir='ltr'><em>γε)</em></span> <span class='ocrx_word' id='word_1_9' title='bbox 762 386 1040 445; x_wconf 83' lang='grc' dir='ltr'><em>συνέμποροί</em></span> <span class='ocrx_word' id='word_1_10' title='bbox 1068 389 1169 443; x_wconf 82' lang='grc' dir='ltr'><em>εἰσι,</em></span> <span class='ocrx_word' id='word_1_11' title='bbox 1202 389 1410 445; x_wconf 83' lang='grc' dir='ltr'><em>φίλυβρι,</em></span> 
     </span>
    </p>
   </div>
   <div class='ocr_carea' id='block_1_3' title="bbox 276 528 1756 660">
    <p class='ocr_par' dir='ltr' id='par_1_3' title="bbox 276 528 1756 660">
     <span class='ocr_line' id='line_1_4' title="bbox 276 528 1756 590; baseline 0 -15"><span class='ocrx_word' id='word_1_12' title='bbox 276 529 447 590; x_wconf 63' lang='grc' dir='ltr'><em>“Ηδονῇ</em></span> <span class='ocrx_word' id='word_1_13' title='bbox 481 528 826 589; x_wconf 78' lang='grc' dir='ltr'><em>ἀνδραποδώδει</em></span> <span class='ocrx_word' id='word_1_14' title='bbox 857 528 1110 575; x_wconf 75' lang='grc' dir='ltr'><em>ἀδούλωτοι</em></span> <span class='ocrx_word' id='word_1_15' title='bbox 1141 530 1215 574; x_wconf 84' lang='grc' dir='ltr'><em>καὶ</em></span> <span class='ocrx_word' id='word_1_16' title='bbox 1248 528 1468 587; x_wconf 78' lang='grc' dir='ltr'><em>ἅκαμπτοι</em></span> <span class='ocrx_word' id='word_1_17' title='bbox 1687 543 1756 575; x_wconf 82' lang='grc'><em>670</em></span> 
     </span>
     <span class='ocr_line' id='line_1_5' title="bbox 285 600 1362 660; baseline -0.001 -12"><span class='ocrx_word' id='word_1_18' title='bbox 285 601 521 648; x_wconf 82' lang='grc' dir='ltr'><em>ἀθάνατον</em></span> <span class='ocrx_word' id='word_1_19' title='bbox 553 607 787 660; x_wconf 87' lang='grc' dir='ltr'><em>βασίλειαν</em></span> <span class='ocrx_word' id='word_1_20' title='bbox 820 604 1084 660; x_wconf 79' lang='grc' dir='ltr'><strong><em>ἐλευθερίαν</em></strong></span> <span class='ocrx_word' id='word_1_21' title='bbox 1117 600 1362 659; x_wconf 77' lang='grc' dir='ltr'><em>ἀγαπῶσιν.</em></span> 
     </span>
    </p>
   </div>
   <div class='ocr_carea' id='block_1_4' title="bbox 285 726 1295 938">
    <p class='ocr_par' dir='ltr' id='par_1_4' title="bbox 285 726 1295 938">
     <span class='ocr_line' id='line_1_6' title="bbox 954 726 1019 768; baseline 0 0"><span class='ocrx_word' id='word_1_22' title='bbox 954 726 1019 768; x_wconf 90' lang='grc'><em>10.</em></span> 
     </span>
     <span class='ocr_line' id='line_1_7' title="bbox 285 805 1295 866; baseline -0.002 -13"><span class='ocrx_word' id='word_1_23' title='bbox 285 842 506 854; x_wconf 89' lang='grc'><strong>......</strong></span> <span class='ocrx_word' id='word_1_24' title='bbox 538 806 618 865; x_wconf 85' lang='grc' dir='ltr'><em>Μὴ</em></span> <span class='ocrx_word' id='word_1_25' title='bbox 650 805 737 866; x_wconf 84' lang='grc' dir='ltr'><em>πρὸ</em></span> <span class='ocrx_word' id='word_1_26' title='bbox 770 808 917 864; x_wconf 84' lang='grc' dir='ltr'><strong><em>φακῆς</em></strong></span> <span class='ocrx_word' id='word_1_27' title='bbox 948 805 1108 852; x_wconf 82' lang='grc' dir='ltr'><em>λοπάδ’</em></span> <span class='ocrx_word' id='word_1_28' title='bbox 1145 805 1295 861; x_wconf 82' lang='grc' dir='ltr'><em>αὔξων</em></span> 
     </span>
     <span class='ocr_line' id='line_1_8' title="bbox 285 878 850 938; baseline -0.002 -13"><span class='ocrx_word' id='word_1_29' title='bbox 285 881 329 934; x_wconf 80' lang='grc' dir='ltr'><em>ἐς</em></span> <span class='ocrx_word' id='word_1_30' title='bbox 361 879 519 925; x_wconf 78' lang='grc' dir='ltr'><em>στάσιν</em></span> <span class='ocrx_word' id='word_1_31' title='bbox 551 878 666 938; x_wconf 76' lang='grc' dir='ltr'><em>ἄμμε</em></span> <span class='ocrx_word' id='word_1_32' title='bbox 698 878 850 938; x_wconf 81' lang='grc' dir='ltr'><strong><em>βάλῃς.</em></strong></span> 
     </span>
    </p>
   </div>
   <div class='ocr_carea' id='block_1_5' title="bbox 207 1007 1755 1346">
    <p class='ocr_par' dir='ltr' id='par_1_5' title="bbox 207 1007 1755 1336">
     <span class='ocr_line' id='line_1_9' title="bbox 211 1007 1753 1070; baseline -0.002 -21"><span class='ocrx_word' id='word_1_33' title='bbox 211 1012 373 1049; x_wconf 76' lang='lat' dir='ltr'>coniecit</span> <span class='ocrx_word' id='word_1_34' title='bbox 392 1010 519 1070; x_wconf 88' lang='grc' dir='ltr'><em>πόρνη</em></span> <span class='ocrx_word' id='word_1_35' title='bbox 546 1009 832 1058; x_wconf 76' lang='grc' dir='ltr'><em>ἐπαγαλλομένη</em></span> <span class='ocrx_word' id='word_1_36' title='bbox 857 1011 1043 1069; x_wconf 79' lang='grc' dir='ltr'><em>πυγῇσιν,</em></span> <span class='ocrx_word' id='word_1_37' title='bbox 1075 1010 1141 1047; x_wconf 86' lang='lat' dir='ltr'><em>sed</em></span> <span class='ocrx_word' id='word_1_38' title='bbox 1172 1007 1314 1056; x_wconf 83' lang='grc' dir='ltr'><em>πόρνος</em></span> <span class='ocrx_word' id='word_1_39' title='bbox 1339 1011 1465 1047; x_wconf 79' lang='lat' dir='ltr'><strong>firmat</strong></span> <span class='ocrx_word' id='word_1_40' title='bbox 1497 1010 1611 1048; x_wconf 86' lang='lat' dir='ltr'><strong>Clem.</strong></span> <span class='ocrx_word' id='word_1_41' title='bbox 1639 1011 1753 1048; x_wconf 81' lang='lat' dir='ltr'><strong>Paed.</strong></span> 
     </span>
     <span class='ocr_line' id='line_1_10' title="bbox 210 1056 1753 1120; baseline -0.001 -24"><span class='ocrx_word' id='word_1_42' title='bbox 210 1060 244 1095; x_wconf 92' lang='lat' dir='ltr'><em>II</em></span> <span class='ocrx_word' id='word_1_43' title='bbox 272 1064 333 1117; x_wconf 57' lang='lat'><em>103</em></span> <span class='ocrx_word' id='word_1_44' title='bbox 360 1057 405 1096; x_wconf 81' lang='grc' dir='ltr'><em>οὐ</em></span> <span class='ocrx_word' id='word_1_45' title='bbox 431 1057 504 1120; x_wconf 77' lang='grc' dir='ltr'><em>γὰρ</em></span> <span class='ocrx_word' id='word_1_46' title='bbox 530 1059 585 1101; x_wconf 85' lang='grc' dir='ltr'><em>εἰς</em></span> <span class='ocrx_word' id='word_1_47' title='bbox 610 1059 805 1118; x_wconf 77' lang='grc' dir='ltr'><em>Κράτητος</em></span> <span class='ocrx_word' id='word_1_48' title='bbox 828 1057 956 1116; x_wconf 82' lang='grc' dir='ltr'><em>πήραν</em></span> <span class='ocrx_word' id='word_1_49' title='bbox 987 1057 1108 1117; x_wconf 87' lang='grc' dir='ltr'><em>μόνην</em></span> <span class='ocrx_word' id='word_1_50' title='bbox 1141 1058 1328 1114; x_wconf 87' lang='lat' dir='ltr'><strong>(Meineke</strong></span> <span class='ocrx_word' id='word_1_51' title='bbox 1361 1057 1512 1119; x_wconf 85' lang='grc' dir='ltr'><em>μόνον),</em></span> <span class='ocrx_word' id='word_1_52' title='bbox 1545 1056 1628 1095; x_wconf 81' lang='grc' dir='ltr'><em>ἀλλ’</em></span> <span class='ocrx_word' id='word_1_53' title='bbox 1663 1058 1753 1096; x_wconf 82' lang='grc' dir='ltr'><em>οὐδε</em></span> 
     </span>
     <span class='ocr_line' id='line_1_11' title="bbox 210 1103 1753 1166; baseline 0 -22"><span class='ocrx_word' id='word_1_54' title='bbox 210 1107 266 1149; x_wconf 81' lang='grc' dir='ltr'><em>εἰς</em></span> <span class='ocrx_word' id='word_1_55' title='bbox 289 1105 357 1154; x_wconf 88' lang='grc' dir='ltr'><em>τὴν</em></span> <span class='ocrx_word' id='word_1_56' title='bbox 382 1105 572 1166; x_wconf 82' lang='grc' dir='ltr'><em>ἡμετέραν</em></span> <span class='ocrx_word' id='word_1_57' title='bbox 598 1104 710 1143; x_wconf 87' lang='grc' dir='ltr'><em>πόλιν</em></span> <span class='ocrx_word' id='word_1_58' title='bbox 736 1106 886 1144; x_wconf 78' lang='grc' dir='ltr'><em>εἰσπλεῖ</em></span> <span class='ocrx_word' id='word_1_59' title='bbox 906 1103 951 1143; x_wconf 80' lang='grc' dir='ltr'><em>οὐ</em></span> <span class='ocrx_word' id='word_1_60' title='bbox 979 1105 1102 1164; x_wconf 86' lang='grc' dir='ltr'><em>μωρὸς</em></span> <span class='ocrx_word' id='word_1_61' title='bbox 1127 1103 1350 1150; x_wconf 87' lang='grc' dir='ltr'><em>παράσιτος,</em></span> <span class='ocrx_word' id='word_1_62' title='bbox 1383 1103 1474 1143; x_wconf 77' lang='grc' dir='ltr'><em>οὐδὲ</em></span> <span class='ocrx_word' id='word_1_63' title='bbox 1509 1108 1633 1153; x_wconf 78' lang='grc' dir='ltr'><em>λίχνος</em></span> <span class='ocrx_word' id='word_1_64' title='bbox 1664 1105 1753 1153; x_wconf 88' lang='grc' dir='ltr'><em>πόρ-</em></span> 
     </span>
     <span class='ocr_line' id='line_1_12' title="bbox 208 1151 1755 1214; baseline -0.001 -22"><span class='ocrx_word' id='word_1_65' title='bbox 208 1169 274 1197; x_wconf 87' lang='grc' dir='ltr'><em>νος</em></span> <span class='ocrx_word' id='word_1_66' title='bbox 298 1156 417 1214; x_wconf 71' lang='grc' dir='ltr'><em>πυγῇτ</em></span> <span class='ocrx_word' id='word_1_67' title='bbox 425 1152 700 1202; x_wconf 80' lang='grc' dir='ltr'><em>ἀγαλλόμενος</em></span> <span class='ocrx_word' id='word_1_68' title='bbox 734 1151 780 1191; x_wconf 78' lang='grc' dir='ltr'><em>οὗ</em></span> <span class='ocrx_word' id='word_1_69' title='bbox 806 1153 942 1199; x_wconf 78' lang='grc' dir='ltr'><em>δολερὰ</em></span> <span class='ocrx_word' id='word_1_70' title='bbox 975 1153 1117 1201; x_wconf 82' lang='grc' dir='ltr'><em>πόρνη,</em></span> <span class='ocrx_word' id='word_1_71' title='bbox 1149 1151 1233 1190; x_wconf 82' lang='grc' dir='ltr'><em>ἀλλ’</em></span> <span class='ocrx_word' id='word_1_72' title='bbox 1268 1151 1359 1191; x_wconf 77' lang='grc' dir='ltr'><em>οὐδὲ</em></span> <span class='ocrx_word' id='word_1_73' title='bbox 1392 1151 1484 1191; x_wconf 89' lang='grc' dir='ltr'><em>αλλο</em></span> <span class='ocrx_word' id='word_1_74' title='bbox 1515 1169 1550 1190; x_wconf 89' lang='grc' dir='ltr'><em>τι</em></span> <span class='ocrx_word' id='word_1_75' title='bbox 1582 1157 1755 1192; x_wconf 82' lang='grc' dir='ltr'><em>τοιοῦτον</em></span> 
     </span>
     <span class='ocr_line' id='line_1_13' title="bbox 207 1198 1755 1262; baseline 0 -23"><span class='ocrx_word' id='word_1_76' title='bbox 207 1200 350 1250; x_wconf 82' lang='grc' dir='ltr'><em>ἡδονῆς</em></span> <span class='ocrx_word' id='word_1_77' title='bbox 381 1198 540 1262; x_wconf 54' lang='grc' dir='ltr'><em>(ἧττρν</em></span> <span class='ocrx_word' id='word_1_78' title='bbox 541 1203 618 1240; x_wconf 82' lang='lat' dir='ltr'><strong>sive</strong></span> <span class='ocrx_word' id='word_1_79' title='bbox 651 1205 790 1239; x_wconf 82' lang='grc' dir='ltr'><em>δοῦλον</em></span> <span class='ocrx_word' id='word_1_80' title='bbox 824 1203 931 1260; x_wconf 81' lang='lat' dir='ltr'>addit</span> <span class='ocrx_word' id='word_1_81' title='bbox 960 1203 1148 1260; x_wconf 86' lang='lat' dir='ltr'><strong>Meineke)</strong></span> <span class='ocrx_word' id='word_1_82' title='bbox 1180 1204 1330 1248; x_wconf 77' lang='grc' dir='ltr'><em>θηρίον.</em></span> <span class='ocrx_word' id='word_1_83' title='bbox 1359 1224 1402 1229; x_wconf 94' lang='grc'>-</span> <span class='ocrx_word' id='word_1_84' title='bbox 1431 1203 1473 1239; x_wconf 94' lang='lat' dir='ltr'><strong>V</strong></span> <span class='ocrx_word' id='word_1_85' title='bbox 1502 1207 1533 1239; x_wconf 83' lang='lat'><strong>6.</strong></span> <span class='ocrx_word' id='word_1_86' title='bbox 1561 1203 1755 1262; x_wconf 78' lang='lat' dir='ltr'><strong>interpun-</strong></span> 
     </span>
     <span class='ocr_line' id='line_1_14' title="bbox 238 1247 1754 1311; baseline 0.001 -24"><span class='ocrx_word' id='word_1_87' title='bbox 238 1254 304 1287; x_wconf 77' lang='lat' dir='ltr'><em>unt</em></span> <span class='ocrx_word' id='word_1_88' title='bbox 328 1265 423 1298; x_wconf 87' lang='grc' dir='ltr'><em>προς</em></span> <span class='ocrx_word' id='word_1_89' title='bbox 448 1248 650 1311; x_wconf 86' lang='grc' dir='ltr'><em>ἀλλήλους·</em></span> <span class='ocrx_word' id='word_1_90' title='bbox 682 1251 770 1297; x_wconf 83' lang='grc' dir='ltr'><em>περὶ</em></span> <span class='ocrx_word' id='word_1_91' title='bbox 795 1248 939 1287; x_wconf 84' lang='grc' dir='ltr'><em>τούτων</em></span> <span class='ocrx_word' id='word_1_92' title='bbox 966 1247 1035 1297; x_wconf 79' lang='grc' dir='ltr'><em>οὐχ</em></span> <span class='ocrx_word' id='word_1_93' title='bbox 1063 1248 1160 1286; x_wconf 81' lang='grc' dir='ltr'><em>ὅπλα</em></span> <span class='ocrx_word' id='word_1_94' title='bbox 1187 1250 1408 1297; x_wconf 80' lang='grc' dir='ltr'><em>κέκτηνται,</em></span> <span class='ocrx_word' id='word_1_95' title='bbox 1439 1251 1525 1297; x_wconf 88' lang='grc' dir='ltr'><em>περὶ</em></span> <span class='ocrx_word' id='word_1_96' title='bbox 1552 1265 1585 1289; x_wconf 79' lang='grc' dir='ltr'><em>κ.</em></span> <span class='ocrx_word' id='word_1_97' title='bbox 1613 1273 1654 1277; x_wconf 89' lang='lat'>—</span> <span class='ocrx_word' id='word_1_98' title='bbox 1684 1249 1754 1298; x_wconf 77' lang='grc' dir='ltr'><em>οὐχ</em></span> 
     </span>
     <span class='ocr_line' id='line_1_15' title="bbox 208 1296 736 1346; baseline -0.004 -10"><span class='ocrx_word' id='word_1_99' title='bbox 208 1302 318 1346; x_wconf 84' lang='grc' dir='ltr'><em>οπλα,</em></span> <span class='ocrx_word' id='word_1_100' title='bbox 343 1300 474 1336; x_wconf 82' lang='lat' dir='ltr'><strong>malim</strong></span> <span class='ocrx_word' id='word_1_101' title='bbox 502 1296 599 1335; x_wconf 82' lang='grc' dir='ltr'><em>οὐδ’</em></span> <span class='ocrx_word' id='word_1_102' title='bbox 629 1296 736 1335; x_wconf 84' lang='grc' dir='ltr'><em>οπλα.</em></span> 
     </span>
    </p>
   </div>
   <div class='ocr_carea' id='block_1_6' title="bbox 205 1371 1754 1802">
    <p class='ocr_par' dir='ltr' id='par_1_6' title="bbox 205 1371 1754 1794">
     <span class='ocr_line' id='line_1_16' title="bbox 303 1371 1752 1417; baseline 0 -9"><span class='ocrx_word' id='word_1_103' title='bbox 303 1373 362 1408; x_wconf 87' lang='lat' dir='ltr'><em>Fr.</em></span> <span class='ocrx_word' id='word_1_104' title='bbox 389 1375 421 1407; x_wconf 89' lang='grc'><em>8.</em></span> <span class='ocrx_word' id='word_1_105' title='bbox 450 1377 482 1408; x_wconf 95' lang='grc'><em>9.</em></span> <span class='ocrx_word' id='word_1_106' title='bbox 534 1372 650 1408; x_wconf 86' lang='lat' dir='ltr'><strong>Clem.</strong></span> <span class='ocrx_word' id='word_1_107' title='bbox 679 1372 781 1408; x_wconf 86' lang='lat' dir='ltr'><strong>Alex.</strong></span> <span class='ocrx_word' id='word_1_108' title='bbox 804 1371 940 1408; x_wconf 83' lang='lat' dir='ltr'><strong>Strom.</strong></span> <span class='ocrx_word' id='word_1_109' title='bbox 962 1372 995 1407; x_wconf 86' lang='lat' dir='ltr'><em>II</em></span> <span class='ocrx_word' id='word_1_110' title='bbox 1022 1374 1093 1407; x_wconf 85' lang='grc'><em>492</em></span> <span class='ocrx_word' id='word_1_111' title='bbox 1120 1372 1320 1417; x_wconf 78' lang='lat' dir='ltr'>postquam</span> <span class='ocrx_word' id='word_1_112' title='bbox 1347 1371 1479 1408; x_wconf 81' lang='lat' dir='ltr'><strong>attulit</strong></span> <span class='ocrx_word' id='word_1_113' title='bbox 1503 1371 1546 1409; x_wconf 87' lang='lat' dir='ltr'><em>fr</em></span> <span class='ocrx_word' id='word_1_114' title='bbox 1568 1376 1602 1416; x_wconf 91' lang='lat'><em>3,</em></span> <span class='ocrx_word' id='word_1_115' title='bbox 1622 1372 1752 1408; x_wconf 82' lang='lat' dir='ltr'><strong>statim</strong></span> 
     </span>
     <span class='ocr_line' id='line_1_17' title="bbox 207 1417 1754 1480; baseline 0 -24"><span class='ocrx_word' id='word_1_116' title='bbox 207 1421 348 1479; x_wconf 77' lang='lat' dir='ltr'><strong>pergit:</strong></span> <span class='ocrx_word' id='word_1_117' title='bbox 376 1417 478 1456; x_wconf 91' lang='grc' dir='ltr'><em>ουδ’</em></span> <span class='ocrx_word' id='word_1_118' title='bbox 510 1418 577 1456; x_wconf 77' lang='grc' dir='ltr'><em>ἔτι</em></span> <span class='ocrx_word' id='word_1_119' title='bbox 590 1418 891 1480; x_wconf 52' lang='grc' dir='ltr'><em>Ἡσυνέμποροί</em></span> <span class='ocrx_word' id='word_1_120' title='bbox 914 1419 1004 1456; x_wconf 78' lang='grc' dir='ltr'><em>εἰσι</em></span> <span class='ocrx_word' id='word_1_121' title='bbox 1030 1420 1220 1476; x_wconf 85' lang='grc' dir='ltr'><em>φίλυβρι</em></span> <span class='ocrx_word' id='word_1_122' title='bbox 1247 1419 1372 1464; x_wconf 85' lang='lat' dir='ltr'><strong>(Klotz</strong></span> <span class='ocrx_word' id='word_1_123' title='bbox 1398 1417 1754 1468; x_wconf 64' lang='lat' dir='ltr'><em>‹pthiss91‚Sylbu1·g</em></span> 
     </span>
     <span class='ocr_line' id='line_1_18' title="bbox 208 1463 1754 1522; baseline 0.001 -19"><span class='ocrx_word' id='word_1_124' title='bbox 208 1467 412 1517; x_wconf 81' lang='grc' dir='ltr'><em>φιλύβρει),</em></span> <span class='ocrx_word' id='word_1_125' title='bbox 432 1465 558 1504; x_wconf 79' lang='grc' dir='ltr'><em>καὶτὸ</em></span> <span class='ocrx_word' id='word_1_126' title='bbox 587 1464 675 1504; x_wconf 90' lang='grc' dir='ltr'><em>ολον</em></span> <span class='ocrx_word' id='word_1_127' title='bbox 703 1465 885 1514; x_wconf 77' lang='grc' dir='ltr'><em>ἐπιλέγει·</em></span> <span class='ocrx_word' id='word_1_128' title='bbox 912 1465 1057 1514; x_wconf 83' lang='grc' dir='ltr'><em>ἡδονῇ</em></span> <span class='ocrx_word' id='word_1_129' title='bbox 1085 1463 1446 1522; x_wconf 67' lang='grc' dir='ltr'><em>ἀνδραποδώδξι</em></span> <span class='ocrx_word' id='word_1_130' title='bbox 1472 1471 1548 1503; x_wconf 78' lang='grc' dir='ltr'><em>κτλ.</em></span> <span class='ocrx_word' id='word_1_131' title='bbox 1586 1469 1754 1514; x_wconf 75' lang='lat' dir='ltr'><strong>Apparet</strong></span> 
     </span>
     <span class='ocr_line' id='line_1_19' title="bbox 209 1515 1754 1563; baseline 0 -11"><span class='ocrx_word' id='word_1_132' title='bbox 209 1516 284 1552; x_wconf 87' lang='lat' dir='ltr'><em>duo</em></span> <span class='ocrx_word' id='word_1_133' title='bbox 310 1516 525 1563; x_wconf 80' lang='lat' dir='ltr'><strong>fragmenta</strong></span> <span class='ocrx_word' id='word_1_134' title='bbox 551 1527 594 1551; x_wconf 86' lang='lat' dir='ltr'><em>ex</em></span> <span class='ocrx_word' id='word_1_135' title='bbox 620 1516 750 1551; x_wconf 89' lang='lat' dir='ltr'><strong>eodem</strong></span> <span class='ocrx_word' id='word_1_136' title='bbox 779 1516 942 1552; x_wconf 84' lang='lat' dir='ltr'>carmine</span> <span class='ocrx_word' id='word_1_137' title='bbox 968 1516 1089 1562; x_wconf 80' lang='lat' dir='ltr'><strong>petita</strong></span> <span class='ocrx_word' id='word_1_138' title='bbox 1115 1515 1258 1560; x_wconf 84' lang='lat' dir='ltr'>afferri,</span> <span class='ocrx_word' id='word_1_139' title='bbox 1292 1517 1330 1551; x_wconf 85' lang='lat' dir='ltr'><em>et</em></span> <span class='ocrx_word' id='word_1_140' title='bbox 1363 1515 1467 1562; x_wconf 82' lang='lat' dir='ltr'>prius</span> <span class='ocrx_word' id='word_1_141' title='bbox 1498 1515 1754 1562; x_wconf 80' lang='lat' dir='ltr'><strong>redintegravi</strong></span> 
     </span>
     <span class='ocr_line' id='line_1_20' title="bbox 207 1545 1753 1620; baseline 0 -20"><span class='ocrx_word' id='word_1_142' title='bbox 207 1565 352 1611; x_wconf 82' lang='grc' dir='ltr'><em>σοίγε</em></span> <span class='ocrx_word' id='word_1_143' title='bbox 377 1564 596 1607; x_wconf 80' lang='lat' dir='ltr'><strong>inserendo,</strong></span> <span class='ocrx_word' id='word_1_144' title='bbox 626 1565 714 1610; x_wconf 81' lang='lat' dir='ltr'><em>post</em></span> <span class='ocrx_word' id='word_1_145' title='bbox 724 1565 894 1620; x_wconf 88' lang='grc' dir='ltr'><em>φίλυβρι</em></span> <span class='ocrx_word' id='word_1_146' title='bbox 919 1564 1011 1600; x_wconf 88' lang='lat' dir='ltr'><strong>olim</strong></span> <span class='ocrx_word' id='word_1_147' title='bbox 1036 1563 1166 1600; x_wconf 87' lang='lat' dir='ltr'>addidi</span> <span class='ocrx_word' id='word_1_148' title='bbox 1193 1545 1350 1609; x_wconf 84' lang='grc' dir='ltr'><em>Ηδονή,</em></span> <span class='ocrx_word' id='word_1_149' title='bbox 1383 1575 1427 1599; x_wconf 80' lang='lat' dir='ltr'><em>ac</em></span> <span class='ocrx_word' id='word_1_150' title='bbox 1460 1575 1547 1600; x_wconf 81' lang='lat' dir='ltr'><strong>sane</strong></span> <span class='ocrx_word' id='word_1_151' title='bbox 1579 1565 1753 1611; x_wconf 80' lang='lat' dir='ltr'><em>voluptas</em></span> 
     </span>
     <span class='ocr_line' id='line_1_21' title="bbox 206 1609 1752 1671; baseline 0 -23"><span class='ocrx_word' id='word_1_152' title='bbox 206 1612 474 1671; x_wconf 83' lang='lat' dir='ltr'><em>compellatur,</em></span> <span class='ocrx_word' id='word_1_153' title='bbox 507 1612 572 1648; x_wconf 81' lang='lat' dir='ltr'><em>sed</em></span> <span class='ocrx_word' id='word_1_154' title='bbox 601 1609 764 1657; x_wconf 81' lang='grc' dir='ltr'><em>Ηὸονῆς</em></span> <span class='ocrx_word' id='word_1_155' title='bbox 801 1623 936 1648; x_wconf 88' lang='lat' dir='ltr'><strong>nomen</strong></span> <span class='ocrx_word' id='word_1_156' title='bbox 975 1611 1100 1658; x_wconf 88' lang='lat' dir='ltr'><strong>potuit</strong></span> <span class='ocrx_word' id='word_1_157' title='bbox 1137 1622 1250 1657; x_wconf 84' lang='lat' dir='ltr'>supra</span> <span class='ocrx_word' id='word_1_158' title='bbox 1287 1613 1623 1648; x_wconf 81' lang='lat' dir='ltr'><strong>commemoratum</strong></span> <span class='ocrx_word' id='word_1_159' title='bbox 1661 1624 1752 1656; x_wconf 83' lang='lat' dir='ltr'><strong>esse,</strong></span> 
     </span>
     <span class='ocr_line' id='line_1_22' title="bbox 205 1656 1753 1708; baseline 0 -12"><span class='ocrx_word' id='word_1_160' title='bbox 205 1660 311 1696; x_wconf 79' lang='lat' dir='ltr'><strong>velut</strong></span> <span class='ocrx_word' id='word_1_161' title='bbox 332 1657 472 1707; x_wconf 88' lang='grc' dir='ltr'><em>Ηδονή</em></span> <span class='ocrx_word' id='word_1_162' title='bbox 518 1656 603 1696; x_wconf 88' lang='grc' dir='ltr'><em>ουδ’</em></span> <span class='ocrx_word' id='word_1_163' title='bbox 634 1658 688 1696; x_wconf 79' lang='grc' dir='ltr'><em>ἔτι</em></span> <span class='ocrx_word' id='word_1_164' title='bbox 720 1661 821 1705; x_wconf 81' lang='grc' dir='ltr'><em>σοίγε</em></span> <span class='ocrx_word' id='word_1_165' title='bbox 858 1658 1089 1706; x_wconf 85' lang='grc' dir='ltr'><em>συνέμποροι</em></span> <span class='ocrx_word' id='word_1_166' title='bbox 1109 1658 1192 1705; x_wconf 86' lang='grc' dir='ltr'><em>εἰσί,</em></span> <span class='ocrx_word' id='word_1_167' title='bbox 1220 1660 1385 1708; x_wconf 88' lang='grc' dir='ltr'><em>φίλυβρι,</em></span> <span class='ocrx_word' id='word_1_168' title='bbox 1405 1670 1491 1695; x_wconf 85' lang='lat' dir='ltr'><em>nam</em></span> <span class='ocrx_word' id='word_1_169' title='bbox 1511 1660 1621 1706; x_wconf 90' lang='lat' dir='ltr'>plura</span> <span class='ocrx_word' id='word_1_170' title='bbox 1640 1660 1753 1696; x_wconf 77' lang='lat' dir='ltr'><strong>inter-</strong></span> 
     </span>
     <span class='ocr_line' id='line_1_23' title="bbox 207 1707 1751 1755; baseline 0.001 -11"><span class='ocrx_word' id='word_1_171' title='bbox 207 1710 319 1755; x_wconf 82' lang='lat' dir='ltr'><em>cepta</em></span> <span class='ocrx_word' id='word_1_172' title='bbox 345 1719 425 1745; x_wconf 84' lang='lat' dir='ltr'><strong>esse</strong></span> <span class='ocrx_word' id='word_1_173' title='bbox 451 1709 619 1754; x_wconf 81' lang='lat' dir='ltr'><em>apparet.</em></span> <span class='ocrx_word' id='word_1_174' title='bbox 659 1707 743 1744; x_wconf 81' lang='lat' dir='ltr'>Nisi</span> <span class='ocrx_word' id='word_1_175' title='bbox 768 1708 863 1744; x_wconf 87' lang='lat' dir='ltr'><strong>forte</strong></span> <span class='ocrx_word' id='word_1_176' title='bbox 890 1708 1032 1744; x_wconf 84' lang='lat' dir='ltr'>coaluit</span> <span class='ocrx_word' id='word_1_177' title='bbox 1055 1708 1127 1744; x_wconf 91' lang='lat' dir='ltr'><em>hoc</em></span> <span class='ocrx_word' id='word_1_178' title='bbox 1152 1707 1408 1754; x_wconf 84' lang='lat' dir='ltr'><strong>fragmentum</strong></span> <span class='ocrx_word' id='word_1_179' title='bbox 1434 1719 1519 1744; x_wconf 91' lang='lat' dir='ltr'><em>cum</em></span> <span class='ocrx_word' id='word_1_180' title='bbox 1546 1709 1589 1746; x_wconf 89' lang='lat' dir='ltr'><em>fr</em></span> <span class='ocrx_word' id='word_1_181' title='bbox 1616 1713 1637 1744; x_wconf 86' lang='lat'><strong>3</strong></span> <span class='ocrx_word' id='word_1_182' title='bbox 1663 1721 1697 1745; x_wconf 92' lang='lat' dir='ltr'><strong>v.</strong></span> <span class='ocrx_word' id='word_1_183' title='bbox 1718 1712 1751 1744; x_wconf 97' lang='grc'><em>2.</em></span> 
     </span>
     <span class='ocr_line' id='line_1_24' title="bbox 206 1756 665 1802; baseline -0.002 -10"><span class='ocrx_word' id='word_1_184' title='bbox 206 1760 241 1802; x_wconf 88' lang='grc'><em>3,</em></span> <span class='ocrx_word' id='word_1_185' title='bbox 266 1758 309 1792; x_wconf 84' lang='lat' dir='ltr'><em>ut</em></span> <span class='ocrx_word' id='word_1_186' title='bbox 334 1757 385 1794; x_wconf 78' lang='lat' dir='ltr'><em>sit</em></span> <span class='ocrx_word' id='word_1_187' title='bbox 409 1756 665 1793; x_wconf 78' lang='lat' dir='ltr'><em>scribendum:</em></span> 
     </span>
    </p>
   </div>
   <div class='ocr_carea' id='block_1_7' title="bbox 347 1824 1590 1973">
    <p class='ocr_par' dir='ltr' id='par_1_7' title="bbox 347 1824 1590 1973">
     <span class='ocr_line' id='line_1_25' title="bbox 347 1824 1590 1888; baseline 0 -24"><span class='ocrx_word' id='word_1_188' title='bbox 347 1836 350 1837; x_wconf 72' lang='grc'>’</span> <span class='ocrx_word' id='word_1_189' title='bbox 422 1825 527 1865; x_wconf 78' lang='grc' dir='ltr'><strong>Οὔθ’</strong></span> <span class='ocrx_word' id='word_1_190' title='bbox 555 1824 631 1864; x_wconf 77' lang='grc' dir='ltr'><em>ὑπὸ</em></span> <span class='ocrx_word' id='word_1_191' title='bbox 658 1829 843 1887; x_wconf 82' lang='grc' dir='ltr'><em>χρυσείων</em></span> <span class='ocrx_word' id='word_1_192' title='bbox 869 1825 1200 1888; x_wconf 81' lang='grc' dir='ltr'><em>δουλουμενοι,</em></span> <span class='ocrx_word' id='word_1_193' title='bbox 1227 1825 1322 1865; x_wconf 76' lang='grc' dir='ltr'><em>ουθ’</em></span> <span class='ocrx_word' id='word_1_194' title='bbox 1351 1824 1419 1863; x_wconf 80' lang='grc' dir='ltr'><em>ὑπ’</em></span> <span class='ocrx_word' id='word_1_195' title='bbox 1442 1825 1590 1874; x_wconf 76' lang='grc' dir='ltr'><em>ἐρώτων</em></span> 
     </span>
     <span class='ocr_line' id='line_1_26' title="bbox 419 1873 1541 1935; baseline 0 -23"><span class='ocrx_word' id='word_1_196' title='bbox 419 1874 652 1935; x_wconf 80' lang='grc' dir='ltr'><em>τηξιπόθων,</em></span> <span class='ocrx_word' id='word_1_197' title='bbox 680 1873 766 1912; x_wconf 82' lang='grc' dir='ltr'><em>οὐδ’</em></span> <span class='ocrx_word' id='word_1_198' title='bbox 795 1877 902 1913; x_wconf 77' lang='grc' dir='ltr'><em>εἴτι</em></span> <span class='ocrx_word' id='word_1_199' title='bbox 928 1888 1008 1913; x_wconf 87' lang='grc' dir='ltr'><em>συν</em></span> <span class='ocrx_word' id='word_1_200' title='bbox 1021 1875 1163 1932; x_wconf 78' lang='grc' dir='ltr'><em>έμπορ</em></span> <span class='ocrx_word' id='word_1_201' title='bbox 1174 1875 1225 1912; x_wconf 89' lang='grc' dir='ltr'><em>όν</em></span> <span class='ocrx_word' id='word_1_202' title='bbox 1253 1873 1348 1913; x_wconf 81' lang='grc' dir='ltr'><em>ἔστι</em></span> <span class='ocrx_word' id='word_1_203' title='bbox 1375 1878 1541 1925; x_wconf 81' lang='grc' dir='ltr'><em>φίλυβρι,</em></span> 
     </span>
     <span class='ocr_line' id='line_1_27' title="bbox 423 1921 966 1973; baseline 0.002 -13"><span class='ocrx_word' id='word_1_204' title='bbox 423 1922 544 1973; x_wconf 82' lang='grc' dir='ltr'><em>ἡδονῇ</em></span> <span class='ocrx_word' id='word_1_205' title='bbox 571 1921 619 1960; x_wconf 85' lang='grc' dir='ltr'><em>ἀι·</em></span> <span class='ocrx_word' id='word_1_206' title='bbox 623 1922 866 1972; x_wconf 82' lang='grc' dir='ltr'><em>δραποδώδει</em></span> <span class='ocrx_word' id='word_1_207' title='bbox 891 1928 966 1962; x_wconf 82' lang='grc' dir='ltr'><em>κτλ.</em></span> 
     </span>
    </p>
   </div>
   <div class='ocr_carea' id='block_1_8' title="bbox 202 1996 1750 2151">
    <p class='ocr_par' dir='ltr' id='par_1_8' title="bbox 202 1996 1750 2140">
     <span class='ocr_line' id='line_1_28' title="bbox 203 1996 1750 2050; baseline 0.001 -18"><span class='ocrx_word' id='word_1_208' title='bbox 203 2007 291 2032; x_wconf 80' lang='lat' dir='ltr'><em>nam</em></span> <span class='ocrx_word' id='word_1_209' title='bbox 315 1996 360 2033; x_wconf 87' lang='lat' dir='ltr'><em>fr.</em></span> <span class='ocrx_word' id='word_1_210' title='bbox 388 1999 409 2032; x_wconf 90' lang='grc'>8</span> <span class='ocrx_word' id='word_1_211' title='bbox 434 1996 561 2050; x_wconf 79' lang='lat' dir='ltr'><strong>potuit</strong></span> <span class='ocrx_word' id='word_1_212' title='bbox 586 1997 782 2033; x_wconf 89' lang='lat' dir='ltr'><em>commode</em></span> <span class='ocrx_word' id='word_1_213' title='bbox 817 1997 886 2032; x_wconf 78' lang='lat' dir='ltr'><em>hos</em></span> <span class='ocrx_word' id='word_1_214' title='bbox 918 1998 1011 2033; x_wconf 82' lang='lat' dir='ltr'><em>duos</em></span> <span class='ocrx_word' id='word_1_215' title='bbox 1043 2009 1171 2033; x_wconf 75' lang='lat' dir='ltr'><strong>versus</strong></span> <span class='ocrx_word' id='word_1_216' title='bbox 1204 1996 1381 2034; x_wconf 83' lang='lat' dir='ltr'><strong>continuo</strong></span> <span class='ocrx_word' id='word_1_217' title='bbox 1414 1996 1594 2043; x_wconf 81' lang='lat' dir='ltr'>excipere.</span> <span class='ocrx_word' id='word_1_218' title='bbox 1645 1996 1750 2034; x_wconf 88' lang='lat' dir='ltr'><em>Tunc</em></span> 
     </span>
     <span class='ocr_line' id='line_1_29' title="bbox 203 2044 1750 2091; baseline 0.002 -13"><span class='ocrx_word' id='word_1_219' title='bbox 203 2044 322 2090; x_wconf 87' lang='lat' dir='ltr'><strong>igitur</strong></span> <span class='ocrx_word' id='word_1_220' title='bbox 347 2044 558 2090; x_wconf 84' lang='lat' dir='ltr'><strong>eleglacum</strong></span> <span class='ocrx_word' id='word_1_221' title='bbox 590 2045 845 2091; x_wconf 74' lang='lat' dir='ltr'><strong>fragmentum</strong></span> <span class='ocrx_word' id='word_1_222' title='bbox 871 2045 1110 2081; x_wconf 82' lang='lat' dir='ltr'><em>decurtatum</em></span> <span class='ocrx_word' id='word_1_223' title='bbox 1142 2046 1193 2081; x_wconf 83' lang='lat' dir='ltr'><em>sit</em></span> <span class='ocrx_word' id='word_1_224' title='bbox 1224 2055 1374 2081; x_wconf 76' lang='lat' dir='ltr'><strong>necesse</strong></span> <span class='ocrx_word' id='word_1_225' title='bbox 1407 2046 1482 2089; x_wconf 81' lang='lat' dir='ltr'><strong>est,</strong></span> <span class='ocrx_word' id='word_1_226' title='bbox 1514 2056 1602 2080; x_wconf 83' lang='lat' dir='ltr'><em>nam</em></span> <span class='ocrx_word' id='word_1_227' title='bbox 1634 2058 1750 2082; x_wconf 91' lang='lat' dir='ltr'><strong>unum</strong></span> 
     </span>
     <span class='ocr_line' id='line_1_30' title="bbox 202 2073 1750 2151; baseline 0.002 -24"><span class='ocrx_word' id='word_1_228' title='bbox 202 2091 312 2128; x_wconf 89' lang='lat' dir='ltr'><strong>illum</strong></span> <span class='ocrx_word' id='word_1_229' title='bbox 339 2091 500 2129; x_wconf 79' lang='lat' dir='ltr'><strong>Cratetis</strong></span> <span class='ocrx_word' id='word_1_230' title='bbox 527 2095 806 2139; x_wconf 79' lang='lat' dir='ltr'><strong>pentametrum</strong></span> <span class='ocrx_word' id='word_1_231' title='bbox 831 2093 905 2128; x_wconf 79' lang='grc' dir='ltr'><em>τῶν</em></span> <span class='ocrx_word' id='word_1_232' title='bbox 932 2092 974 2129; x_wconf 80' lang='grc' dir='ltr'><em>δὲ</em></span> <span class='ocrx_word' id='word_1_233' title='bbox 1002 2090 1134 2139; x_wconf 81' lang='grc' dir='ltr'><em>κράτει</em></span> <span class='ocrx_word' id='word_1_234' title='bbox 1154 2093 1278 2139; x_wconf 86' lang='grc' dir='ltr'><em>ψυχῆς</em></span> <span class='ocrx_word' id='word_1_235' title='bbox 1297 2090 1389 2137; x_wconf 78' lang='grc' dir='ltr'><em>ἤθει</em></span> <span class='ocrx_word' id='word_1_236' title='bbox 1409 2073 1646 2151; x_wconf 77' lang='grc' dir='ltr'><em>ἀγάλλομένη</em></span> <span class='ocrx_word' id='word_1_237' title='bbox 1669 2093 1750 2130; x_wconf 89' lang='lat' dir='ltr'><strong>Cle—</strong></span> 
     </span>
    </p>
   </div>
   <div class='ocr_carea' id='block_1_9' title="bbox 129 2137 1747 2195">
    <p class='ocr_par' dir='ltr' id='par_1_9' title="bbox 129 2137 1747 2195">
     <span class='ocr_line' id='line_1_31' title="bbox 129 2137 1747 2195; baseline 0.002 -20"><span class='ocrx_word' id='word_1_238' title='bbox 129 2155 132 2158; x_wconf 44' lang='lat'>*</span> <span class='ocrx_word' id='word_1_239' title='bbox 204 2141 371 2176; x_wconf 83' lang='lat' dir='ltr'><strong>mentem</strong></span> <span class='ocrx_word' id='word_1_240' title='bbox 397 2141 615 2177; x_wconf 82' lang='lat' dir='ltr'>adhibuisse</span> <span class='ocrx_word' id='word_1_241' title='bbox 634 2152 710 2177; x_wconf 91' lang='lat' dir='ltr'><em>non</em></span> <span class='ocrx_word' id='word_1_242' title='bbox 731 2142 788 2176; x_wconf 75' lang='lat' dir='ltr'><em>est</em></span> <span class='ocrx_word' id='word_1_243' title='bbox 807 2139 1022 2178; x_wconf 86' lang='lat' dir='ltr'><strong>verisimile</strong></span> <span class='ocrx_word' id='word_1_244' title='bbox 1062 2141 1235 2187; x_wconf 85' lang='lat' dir='ltr'><strong>Hartung</strong></span> <span class='ocrx_word' id='word_1_245' title='bbox 1254 2141 1404 2195; x_wconf 77' lang='lat' dir='ltr'>scripsit</span> <span class='ocrx_word' id='word_1_246' title='bbox 1424 2137 1509 2176; x_wconf 81' lang='grc' dir='ltr'><em>οὐδ’</em></span> <span class='ocrx_word' id='word_1_247' title='bbox 1540 2141 1596 2177; x_wconf 80' lang='grc' dir='ltr'><em>ἔτι</em></span> <span class='ocrx_word' id='word_1_248' title='bbox 1620 2143 1747 2188; x_wconf 84' lang='grc' dir='ltr'><em>τοίγε</em></span> 
     </span>
    </p>
   </div>
   <div class='ocr_carea' id='block_1_10' title="bbox 203 2185 1750 2475">
    <p class='ocr_par' dir='ltr' id='par_1_10' title="bbox 203 2185 1750 2475">
     <span class='ocr_line' id='line_1_32' title="bbox 205 2185 1750 2248; baseline 0.001 -24"><span class='ocrx_word' id='word_1_249' title='bbox 205 2186 438 2235; x_wconf 85' lang='grc' dir='ltr'><em>συνέμποροί</em></span> <span class='ocrx_word' id='word_1_250' title='bbox 458 2187 531 2224; x_wconf 85' lang='grc' dir='ltr'><em>εἰσι</em></span> <span class='ocrx_word' id='word_1_251' title='bbox 563 2185 816 2248; x_wconf 82' lang='grc' dir='ltr'><em>φιλύβρεις.</em></span> <span class='ocrx_word' id='word_1_252' title='bbox 851 2210 894 2215; x_wconf 95' lang='grc'><strong>-</strong></span> <span class='ocrx_word' id='word_1_253' title='bbox 920 2188 964 2226; x_wconf 90' lang='lat' dir='ltr'><em>V.</em></span> <span class='ocrx_word' id='word_1_254' title='bbox 992 2193 1013 2224; x_wconf 90' lang='lat'><strong>3</strong></span> <span class='ocrx_word' id='word_1_255' title='bbox 1040 2190 1079 2225; x_wconf 85' lang='lat' dir='ltr'><em>et</em></span> <span class='ocrx_word' id='word_1_256' title='bbox 1104 2193 1126 2224; x_wconf 83' lang='lat'>4</span> <span class='ocrx_word' id='word_1_257' title='bbox 1152 2189 1262 2226; x_wconf 69' lang='lat' dir='ltr'><strong>affert</strong></span> <span class='ocrx_word' id='word_1_258' title='bbox 1286 2191 1403 2225; x_wconf 81' lang='lat' dir='ltr'><strong>etlam</strong></span> <span class='ocrx_word' id='word_1_259' title='bbox 1428 2189 1652 2226; x_wconf 87' lang='lat' dir='ltr'><strong>Theodoret.</strong></span> <span class='ocrx_word' id='word_1_260' title='bbox 1679 2189 1750 2225; x_wconf 91' lang='lat' dir='ltr'><em>XII</em></span> 
     </span>
     <span class='ocr_line' id='line_1_33' title="bbox 206 2233 1750 2295; baseline 0.001 -24"><span class='ocrx_word' id='word_1_261' title='bbox 206 2239 286 2282; x_wconf 80' lang='grc'><em>172,</em></span> <span class='ocrx_word' id='word_1_262' title='bbox 312 2240 375 2272; x_wconf 78' lang='lat'><em>50:</em></span> <span class='ocrx_word' id='word_1_263' title='bbox 408 2233 544 2272; x_wconf 79' lang='grc' dir='ltr'><em>τούτου</em></span> <span class='ocrx_word' id='word_1_264' title='bbox 577 2235 812 2293; x_wconf 83' lang='grc' dir='ltr'><em>(Διογένους)</em></span> <span class='ocrx_word' id='word_1_265' title='bbox 831 2234 995 2294; x_wconf 82' lang='grc' dir='ltr'><em>Κράτης</em></span> <span class='ocrx_word' id='word_1_266' title='bbox 1028 2234 1047 2272; x_wconf 97' lang='lat'>6</span> <span class='ocrx_word' id='word_1_267' title='bbox 1078 2237 1246 2283; x_wconf 85' lang='grc' dir='ltr'><em>Θηβαιος</em></span> <span class='ocrx_word' id='word_1_268' title='bbox 1276 2235 1342 2272; x_wconf 86' lang='grc' dir='ltr'><em>τὸν</em></span> <span class='ocrx_word' id='word_1_269' title='bbox 1376 2238 1478 2293; x_wconf 88' lang='grc' dir='ltr'><em>βίον</em></span> <span class='ocrx_word' id='word_1_270' title='bbox 1491 2234 1651 2295; x_wconf 79' lang='grc' dir='ltr'><em>ἐζήλωσε</em></span> <span class='ocrx_word' id='word_1_271' title='bbox 1685 2237 1750 2273; x_wconf 82' lang='grc' dir='ltr'><em>καὶ</em></span> 
     </span>
     <span class='ocr_line' id='line_1_34' title="bbox 203 2281 1747 2343; baseline 0.001 -24"><span class='ocrx_word' id='word_1_272' title='bbox 203 2287 357 2325; x_wconf 82' lang='grc' dir='ltr'><em>πολλαῖς</em></span> <span class='ocrx_word' id='word_1_273' title='bbox 382 2282 452 2330; x_wconf 79' lang='grc' dir='ltr'><em>μὲν</em></span> <span class='ocrx_word' id='word_1_274' title='bbox 478 2281 685 2342; x_wconf 80' lang='grc' dir='ltr'><em>εὐφημίαις</em></span> <span class='ocrx_word' id='word_1_275' title='bbox 716 2281 785 2330; x_wconf 86' lang='grc' dir='ltr'><em>τὴν</em></span> <span class='ocrx_word' id='word_1_276' title='bbox 818 2281 960 2330; x_wconf 86' lang='grc' dir='ltr'><em>ἀρετὴν</em></span> <span class='ocrx_word' id='word_1_277' title='bbox 993 2281 1251 2343; x_wconf 76' lang='grc' dir='ltr'><em>ἐστεφάνωσε·</em></span> <span class='ocrx_word' id='word_1_278' title='bbox 1284 2281 1404 2321; x_wconf 79' lang='grc' dir='ltr'><em>αὐτοῦ</em></span> <span class='ocrx_word' id='word_1_279' title='bbox 1437 2282 1509 2331; x_wconf 76' lang='grc' dir='ltr'><em>γὰρ</em></span> <span class='ocrx_word' id='word_1_280' title='bbox 1545 2282 1592 2331; x_wconf 82' lang='grc' dir='ltr'><em>δὴ</em></span> <span class='ocrx_word' id='word_1_281' title='bbox 1626 2281 1692 2322; x_wconf 80' lang='grc' dir='ltr'><em>ὅδε</em></span> <span class='ocrx_word' id='word_1_282' title='bbox 1727 2283 1747 2321; x_wconf 87' lang='lat'>6</span> 
     </span>
     <span class='ocr_line' id='line_1_35' title="bbox 203 2329 1748 2391; baseline 0.001 -23"><span class='ocrx_word' id='word_1_283' title='bbox 203 2329 339 2391; x_wconf 80' lang='grc' dir='ltr'><em>λόγος·</em></span> <span class='ocrx_word' id='word_1_284' title='bbox 361 2329 499 2380; x_wconf 84' lang='grc' dir='ltr'><em>Ἡδονῇ</em></span> <span class='ocrx_word' id='word_1_285' title='bbox 539 2329 647 2378; x_wconf 77' lang='grc' dir='ltr'><em>ἀιδρ.</em></span> <span class='ocrx_word' id='word_1_286' title='bbox 687 2335 761 2368; x_wconf 81' lang='grc' dir='ltr'><em>κτλ.</em></span> <span class='ocrx_word' id='word_1_287' title='bbox 802 2353 845 2358; x_wconf 90' lang='lat'><em>—-</em></span> <span class='ocrx_word' id='word_1_288' title='bbox 886 2332 929 2369; x_wconf 94' lang='lat' dir='ltr'><em>V.</em></span> <span class='ocrx_word' id='word_1_289' title='bbox 950 2337 989 2386; x_wconf 90' lang='lat'><em>3.</em></span> <span class='ocrx_word' id='word_1_290' title='bbox 1029 2330 1221 2379; x_wconf 80' lang='grc' dir='ltr'><em>ἄκαμπτοι</em></span> <span class='ocrx_word' id='word_1_291' title='bbox 1259 2333 1419 2376; x_wconf 83' lang='lat' dir='ltr'><em>Theod.‚</em></span> <span class='ocrx_word' id='word_1_292' title='bbox 1459 2344 1516 2379; x_wconf 81' lang='lat' dir='ltr'><em>ap.</em></span> <span class='ocrx_word' id='word_1_293' title='bbox 1547 2332 1599 2369; x_wconf 86' lang='lat' dir='ltr'><strong>Ol.</strong></span> <span class='ocrx_word' id='word_1_294' title='bbox 1634 2334 1748 2380; x_wconf 84' lang='lat' dir='ltr'><strong>vulgo</strong></span> 
     </span>
     <span class='ocr_line' id='line_1_36' title="bbox 204 2377 1750 2434; baseline 0.001 -18"><span class='ocrx_word' id='word_1_295' title='bbox 204 2377 404 2417; x_wconf 81' lang='grc' dir='ltr'><em>ἄκναπτοι.</em></span> <span class='ocrx_word' id='word_1_296' title='bbox 434 2401 476 2406; x_wconf 90' lang='grc'>-</span> <span class='ocrx_word' id='word_1_297' title='bbox 504 2380 546 2417; x_wconf 91' lang='lat' dir='ltr'><em>V.</em></span> <span class='ocrx_word' id='word_1_298' title='bbox 574 2385 607 2416; x_wconf 89' lang='lat'><strong>4.</strong></span> <span class='ocrx_word' id='word_1_299' title='bbox 635 2377 861 2426; x_wconf 76' lang='grc' dir='ltr'><em>ἐλευθερίαν</em></span> <span class='ocrx_word' id='word_1_300' title='bbox 888 2379 1039 2426; x_wconf 83' lang='lat' dir='ltr'>scripsi,</span> <span class='ocrx_word' id='word_1_301' title='bbox 1065 2381 1263 2434; x_wconf 73' lang='lat' dir='ltr'><strong>legebatur</strong></span> <span class='ocrx_word' id='word_1_302' title='bbox 1289 2377 1515 2427; x_wconf 77' lang='grc' dir='ltr'><em>ἐλευθερίαν</em></span> <span class='ocrx_word' id='word_1_303' title='bbox 1543 2378 1591 2417; x_wconf 85' lang='grc' dir='ltr'><em>τ’.</em></span> <span class='ocrx_word' id='word_1_304' title='bbox 1642 2382 1750 2418; x_wconf 83' lang='lat' dir='ltr'><em>Hanc</em></span> 
     </span>
     <span class='ocr_line' id='line_1_37' title="bbox 205 2427 1394 2475; baseline 0.001 -11"><span class='ocrx_word' id='word_1_305' title='bbox 205 2427 475 2465; x_wconf 75' lang='lat' dir='ltr'><em>correctionem</em></span> <span class='ocrx_word' id='word_1_306' title='bbox 500 2428 575 2464; x_wconf 87' lang='lat' dir='ltr'><em>iam</em></span> <span class='ocrx_word' id='word_1_307' title='bbox 602 2428 642 2463; x_wconf 90' lang='lat' dir='ltr'><em>in</em></span> <span class='ocrx_word' id='word_1_308' title='bbox 667 2429 723 2464; x_wconf 89' lang='lat' dir='ltr'><em>ed.</em></span> <span class='ocrx_word' id='word_1_309' title='bbox 751 2433 772 2463; x_wconf 92' lang='grc'>2</span> <span class='ocrx_word' id='word_1_310' title='bbox 798 2428 1028 2474; x_wconf 80' lang='lat' dir='ltr'><em>propositam</em></span> <span class='ocrx_word' id='word_1_311' title='bbox 1052 2427 1243 2475; x_wconf 85' lang='lat' dir='ltr'>ignoravit</span> <span class='ocrx_word' id='word_1_312' title='bbox 1268 2427 1394 2465; x_wconf 87' lang='lat' dir='ltr'><em>Cobet.</em></span> 
     </span>
    </p>
   </div>
   <div class='ocr_carea' id='block_1_11' title="bbox 203 2498 1750 3026">
    <p class='ocr_par' dir='ltr' id='par_1_11' title="bbox 203 2498 1750 3016">
     <span class='ocr_line' id='line_1_38' title="bbox 300 2498 1746 2560; baseline 0.001 -25"><span class='ocrx_word' id='word_1_313' title='bbox 300 2499 358 2537; x_wconf 81' lang='lat' dir='ltr'><em>Fr.</em></span> <span class='ocrx_word' id='word_1_314' title='bbox 387 2505 442 2538; x_wconf 90' lang='lat'><em>10.</em></span> <span class='ocrx_word' id='word_1_315' title='bbox 481 2501 630 2537; x_wconf 81' lang='lat' dir='ltr'><strong>Athen.</strong></span> <span class='ocrx_word' id='word_1_316' title='bbox 657 2500 709 2536; x_wconf 94' lang='lat' dir='ltr'><em>IV</em></span> <span class='ocrx_word' id='word_1_317' title='bbox 744 2503 811 2536; x_wconf 82' lang='lat'><em>158</em></span> <span class='ocrx_word' id='word_1_318' title='bbox 843 2500 889 2536; x_wconf 86' lang='lat' dir='ltr'><em>B:</em></span> <span class='ocrx_word' id='word_1_319' title='bbox 925 2500 991 2536; x_wconf 77' lang='grc' dir='ltr'><em>καὶ</em></span> <span class='ocrx_word' id='word_1_320' title='bbox 1022 2499 1173 2546; x_wconf 80' lang='grc' dir='ltr'><em>Κράτης</em></span> <span class='ocrx_word' id='word_1_321' title='bbox 1204 2498 1242 2535; x_wconf 88' lang='grc' dir='ltr'><em>δ’</em></span> <span class='ocrx_word' id='word_1_322' title='bbox 1277 2498 1297 2536; x_wconf 90' lang='lat'>6</span> <span class='ocrx_word' id='word_1_323' title='bbox 1328 2502 1500 2560; x_wconf 80' lang='grc' dir='ltr'><em>Θηβαῖος</em></span> <span class='ocrx_word' id='word_1_324' title='bbox 1534 2500 1656 2558; x_wconf 77' lang='grc' dir='ltr'><em>ἔλεγε·</em></span> <span class='ocrx_word' id='word_1_325' title='bbox 1690 2498 1746 2559; x_wconf 85' lang='grc' dir='ltr'><em>μὴ</em></span> 
     </span>
     <span class='ocr_line' id='line_1_39' title="bbox 204 2543 1747 2605; baseline 0 -21"><span class='ocrx_word' id='word_1_326' title='bbox 204 2545 288 2595; x_wconf 83' lang='grc' dir='ltr'><em>πρὸ</em></span> <span class='ocrx_word' id='word_1_327' title='bbox 316 2552 390 2585; x_wconf 84' lang='grc' dir='ltr'><em>κτλ.</em></span> <span class='ocrx_word' id='word_1_328' title='bbox 440 2549 583 2586; x_wconf 84' lang='lat' dir='ltr'><strong>Eadem</strong></span> <span class='ocrx_word' id='word_1_329' title='bbox 616 2548 713 2584; x_wconf 81' lang='lat' dir='ltr'><strong>Plut.</strong></span> <span class='ocrx_word' id='word_1_330' title='bbox 742 2548 787 2584; x_wconf 82' lang='lat' dir='ltr'><em>de</em></span> <span class='ocrx_word' id='word_1_331' title='bbox 821 2546 929 2585; x_wconf 83' lang='lat' dir='ltr'><strong>sanit.</strong></span> <span class='ocrx_word' id='word_1_332' title='bbox 956 2549 1084 2585; x_wconf 84' lang='lat' dir='ltr'><em>tuend.</em></span> <span class='ocrx_word' id='word_1_333' title='bbox 1112 2559 1143 2584; x_wconf 93' lang='lat' dir='ltr'><em>c.</em></span> <span class='ocrx_word' id='word_1_334' title='bbox 1172 2552 1210 2584; x_wconf 78' lang='lat'><em>7:</em></span> <span class='ocrx_word' id='word_1_335' title='bbox 1245 2545 1264 2584; x_wconf 90' lang='lat'>6</span> <span class='ocrx_word' id='word_1_336' title='bbox 1297 2561 1367 2605; x_wconf 87' lang='grc' dir='ltr'><em>μεν</em></span> <span class='ocrx_word' id='word_1_337' title='bbox 1399 2543 1468 2584; x_wconf 83' lang='grc' dir='ltr'><em>οὖν</em></span> <span class='ocrx_word' id='word_1_338' title='bbox 1500 2546 1651 2595; x_wconf 78' lang='grc' dir='ltr'><em>Κράτης</em></span> <span class='ocrx_word' id='word_1_339' title='bbox 1683 2547 1747 2584; x_wconf 85' lang='grc' dir='ltr'><em>δια</em></span> 
     </span>
     <span class='ocr_line' id='line_1_40' title="bbox 203 2592 1749 2690; baseline -0.001 -57"><span class='ocrx_word' id='word_1_340' title='bbox 203 2594 443 2690; x_wconf 66' lang='grc' dir='ltr'><em>’Ξρυφὴνθκαὶ</em></span> <span class='ocrx_word' id='word_1_341' title='bbox 468 2594 713 2680; x_wconf 50' lang='grc' dir='ltr'><em>πολυτὲἰειαν</em></span> <span class='ocrx_word' id='word_1_342' title='bbox 741 2593 915 2652; x_wconf 76' lang='grc' dir='ltr'><em>οἰόμενος</em></span> <span class='ocrx_word' id='word_1_343' title='bbox 935 2593 1013 2679; x_wconf 70' lang='grc' dir='ltr'><em>οὸὖχ</em></span> <span class='ocrx_word' id='word_1_344' title='bbox 1024 2592 1159 2654; x_wconf 77' lang='grc' dir='ltr'><em>ἥκιστα</em></span> <span class='ocrx_word' id='word_1_345' title='bbox 1179 2593 1247 2637; x_wconf 80' lang='grc' dir='ltr'><em>τὰς</em></span> <span class='ocrx_word' id='word_1_346' title='bbox 1267 2594 1414 2637; x_wconf 79' lang='grc' dir='ltr'><em>στάσεις</em></span> <span class='ocrx_word' id='word_1_347' title='bbox 1434 2596 1500 2632; x_wconf 79' lang='grc' dir='ltr'><em>καὶ</em></span> <span class='ocrx_word' id='word_1_348' title='bbox 1513 2598 1749 2681; x_wconf 47' lang='grc' dir='ltr'><em>ἷυρανιῧὸας</em></span> 
     </span>
     <span class='ocr_line' id='line_1_41' title="bbox 205 2641 1746 2740; baseline -0.001 -11"><span class='ocrx_word' id='word_1_349' title='bbox 205 2658 282 2738; x_wconf 56' lang='grc' dir='ltr'><em>ἐς,</em></span> <span class='ocrx_word' id='word_1_350' title='bbox 288 2657 429 2740; x_wconf 30' lang='lat' dir='ltr'><em>&amp;aeg-c,</em></span> <span class='ocrx_word' id='word_1_351' title='bbox 452 2658 556 2729; x_wconf 45' lang='lat' dir='ltr'><strong>vsslfft.</strong></span> <span class='ocrx_word' id='word_1_352' title='bbox 558 2656 728 2733; x_wconf 37' lang='lat' dir='ltr'>xiicim&amp;</span> <span class='ocrx_word' id='word_1_353' title='bbox 756 2641 946 2728; x_wconf 49' lang='grc' dir='ltr'><em>μὲῖιόἑειῗιῗέ</em></span> <span class='ocrx_word' id='word_1_354' title='bbox 973 2655 1239 2728; x_wconf 50' lang='lat' dir='ltr'><em>iixagegweziygg</em></span> <span class='ocrx_word' id='word_1_355' title='bbox 1252 2641 1323 2728; x_wconf 49' lang='lat' dir='ltr'><em>gf?</em></span> <span class='ocrx_word' id='word_1_356' title='bbox 1333 2657 1621 2738; x_wconf 52' lang='lat' dir='ltr'><em>effigiismpetita</em></span> <span class='ocrx_word' id='word_1_357' title='bbox 1654 2649 1746 2728; x_wconf 56' lang='lat' dir='ltr'><em>ess}</em></span> 
     </span>
     <span class='ocr_line' id='line_1_42' title="bbox 206 2737 1749 2796; baseline 0 -20"><span class='ocrx_word' id='word_1_358' title='bbox 206 2738 314 2783; x_wconf 83' lang='lat' dir='ltr'><em>Quod</em></span> <span class='ocrx_word' id='word_1_359' title='bbox 345 2752 434 2777; x_wconf 86' lang='lat' dir='ltr'><strong>vero</strong></span> <span class='ocrx_word' id='word_1_360' title='bbox 466 2741 678 2777; x_wconf 72' lang='lat' dir='ltr'><strong>Demetrius</strong></span> <span class='ocrx_word' id='word_1_361' title='bbox 711 2740 757 2775; x_wconf 88' lang='lat' dir='ltr'><em>de</em></span> <span class='ocrx_word' id='word_1_362' title='bbox 789 2740 986 2776; x_wconf 80' lang='lat' dir='ltr'><em>eloc.170</em></span> <span class='ocrx_word' id='word_1_363' title='bbox 1018 2739 1168 2785; x_wconf 80' lang='grc' dir='ltr'><em>φακῆς</em></span> <span class='ocrx_word' id='word_1_364' title='bbox 1200 2737 1427 2796; x_wconf 77' lang='grc' dir='ltr'><em>ἐγκώμιον</em></span> <span class='ocrx_word' id='word_1_365' title='bbox 1459 2739 1649 2784; x_wconf 76' lang='lat' dir='ltr'>adhibuit,</span> <span class='ocrx_word' id='word_1_366' title='bbox 1683 2741 1749 2776; x_wconf 90' lang='lat' dir='ltr'><em>ubi</em></span> 
     </span>
     <span class='ocr_line' id='line_1_43' title="bbox 203 2785 1748 2846; baseline 0.001 -23"><span class='ocrx_word' id='word_1_367' title='bbox 203 2788 251 2824; x_wconf 86' lang='lat' dir='ltr'><em>de</em></span> <span class='ocrx_word' id='word_1_368' title='bbox 277 2800 347 2824; x_wconf 85' lang='lat' dir='ltr'><em>usu</em></span> <span class='ocrx_word' id='word_1_369' title='bbox 372 2788 523 2825; x_wconf 86' lang='lat' dir='ltr'>ridiculi</span> <span class='ocrx_word' id='word_1_370' title='bbox 547 2789 654 2824; x_wconf 85' lang='lat' dir='ltr'>dicit.</span> <span class='ocrx_word' id='word_1_371' title='bbox 689 2788 754 2824; x_wconf 78' lang='grc' dir='ltr'><em>καὶ</em></span> <span class='ocrx_word' id='word_1_372' title='bbox 790 2785 830 2823; x_wconf 80' lang='grc' dir='ltr'><em>ἐν</em></span> <span class='ocrx_word' id='word_1_373' title='bbox 859 2785 1077 2845; x_wconf 79' lang='grc' dir='ltr'><em>ἐπιπλήξεσι</em></span> <span class='ocrx_word' id='word_1_374' title='bbox 1109 2786 1151 2823; x_wconf 79' lang='grc' dir='ltr'><em>δὲ</em></span> <span class='ocrx_word' id='word_1_375' title='bbox 1183 2785 1279 2833; x_wconf 86' lang='grc' dir='ltr'><em>πρὸς</em></span> <span class='ocrx_word' id='word_1_376' title='bbox 1310 2800 1398 2828; x_wconf 88' lang='grc' dir='ltr'><em>τους</em></span> <span class='ocrx_word' id='word_1_377' title='bbox 1428 2786 1748 2846; x_wconf 86' lang='grc' dir='ltr'><em>τρυφερωτέρους,</em></span> 
     </span>
     <span class='ocr_line' id='line_1_44' title="bbox 205 2818 1750 2895; baseline 0.001 -25"><span class='ocrx_word' id='word_1_378' title='bbox 205 2833 254 2876; x_wconf 82' lang='grc' dir='ltr'><em>ὡς</em></span> <span class='ocrx_word' id='word_1_379' title='bbox 279 2833 298 2871; x_wconf 90' lang='lat'>6</span> <span class='ocrx_word' id='word_1_380' title='bbox 325 2837 550 2895; x_wconf 81' lang='grc' dir='ltr'><em>Τηλαυγοῦς</em></span> <span class='ocrx_word' id='word_1_381' title='bbox 573 2833 743 2877; x_wconf 78' lang='grc' dir='ltr'><em>θύλακος</em></span> <span class='ocrx_word' id='word_1_382' title='bbox 768 2835 832 2871; x_wconf 82' lang='grc' dir='ltr'><em>καὶ</em></span> <span class='ocrx_word' id='word_1_383' title='bbox 865 2832 888 2880; x_wconf 85' lang='grc' dir='ltr'><em>ἡ</em></span> <span class='ocrx_word' id='word_1_384' title='bbox 925 2834 1119 2882; x_wconf 85' lang='grc' dir='ltr'><em>Κράτητος</em></span> <span class='ocrx_word' id='word_1_385' title='bbox 1149 2831 1347 2894; x_wconf 75' lang='grc' dir='ltr'><em>ποιητική·</em></span> <span class='ocrx_word' id='word_1_386' title='bbox 1379 2834 1444 2870; x_wconf 77' lang='grc' dir='ltr'><em>καὶ</em></span> <span class='ocrx_word' id='word_1_387' title='bbox 1477 2836 1604 2881; x_wconf 78' lang='grc' dir='ltr'><em>φακῆς</em></span> <span class='ocrx_word' id='word_1_388' title='bbox 1636 2818 1750 2894; x_wconf 56' lang='lat' dir='ltr'><em>{vmd—</em></span> 
     </span>
     <span class='ocr_line' id='line_1_45' title="bbox 206 2881 1747 2943; baseline 0.001 -25"><span class='ocrx_word' id='word_1_389' title='bbox 206 2895 293 2929; x_wconf 86' lang='grc' dir='ltr'><em>μιον</em></span> <span class='ocrx_word' id='word_1_390' title='bbox 319 2897 369 2919; x_wconf 84' lang='grc' dir='ltr'><em>αν</em></span> <span class='ocrx_word' id='word_1_391' title='bbox 395 2881 550 2943; x_wconf 79' lang='grc' dir='ltr'><em>ἀναγνῷ</em></span> <span class='ocrx_word' id='word_1_392' title='bbox 575 2884 651 2941; x_wconf 89' lang='lat' dir='ltr'><strong>(vel</strong></span> <span class='ocrx_word' id='word_1_393' title='bbox 676 2881 885 2941; x_wconf 45' lang='grc' dir='ltr'><em>ἀναγνερη).</em></span> <span class='ocrx_word' id='word_1_394' title='bbox 898 2896 953 2924; x_wconf 89' lang='grc' dir='ltr'><em>τις</em></span> <span class='ocrx_word' id='word_1_395' title='bbox 980 2881 1022 2919; x_wconf 77' lang='grc' dir='ltr'><em>ἐν</em></span> <span class='ocrx_word' id='word_1_396' title='bbox 1047 2888 1125 2924; x_wconf 88' lang='grc' dir='ltr'><em>τοῖς</em></span> <span class='ocrx_word' id='word_1_397' title='bbox 1157 2894 1332 2924; x_wconf 87' lang='grc' dir='ltr'><em>ασωτοις·</em></span> <span class='ocrx_word' id='word_1_398' title='bbox 1364 2895 1535 2924; x_wconf 84' lang='grc' dir='ltr'><em>τοιουτος</em></span> <span class='ocrx_word' id='word_1_399' title='bbox 1559 2883 1603 2920; x_wconf 75' lang='grc' dir='ltr'><em>δὲ</em></span> <span class='ocrx_word' id='word_1_400' title='bbox 1630 2881 1680 2925; x_wconf 78' lang='grc' dir='ltr'><em>ὡς</em></span> <span class='ocrx_word' id='word_1_401' title='bbox 1704 2881 1747 2920; x_wconf 77' lang='grc' dir='ltr'><em>τὸ</em></span> 
     </span>
     <span class='ocr_line' id='line_1_46' title="bbox 206 2929 1748 2978; baseline 0.001 -12"><span class='ocrx_word' id='word_1_402' title='bbox 206 2929 322 2966; x_wconf 82' lang='grc' dir='ltr'><em>πλέον</em></span> <span class='ocrx_word' id='word_1_403' title='bbox 349 2931 413 2967; x_wconf 79' lang='grc' dir='ltr'><em>καὶ</em></span> <span class='ocrx_word' id='word_1_404' title='bbox 440 2930 459 2968; x_wconf 84' lang='grc' dir='ltr'>ὁ</span> <span class='ocrx_word' id='word_1_405' title='bbox 488 2929 643 2973; x_wconf 80' lang='grc' dir='ltr'><em>κυνικὸς</em></span> <span class='ocrx_word' id='word_1_406' title='bbox 667 2929 816 2978; x_wconf 88' lang='grc' dir='ltr'><em>τρόπος.</em></span> <span class='ocrx_word' id='word_1_407' title='bbox 856 2931 887 2966; x_wconf 84' lang='lat' dir='ltr'>si</span> <span class='ocrx_word' id='word_1_408' title='bbox 913 2933 1043 2967; x_wconf 88' lang='lat' dir='ltr'><strong>notum</strong></span> <span class='ocrx_word' id='word_1_409' title='bbox 1078 2931 1240 2977; x_wconf 86' lang='lat' dir='ltr'><strong>aliquem</strong></span> <span class='ocrx_word' id='word_1_410' title='bbox 1273 2930 1461 2975; x_wconf 91' lang='lat' dir='ltr'><strong>libellum,</strong></span> <span class='ocrx_word' id='word_1_411' title='bbox 1494 2931 1593 2977; x_wconf 87' lang='lat' dir='ltr'><em>quod</em></span> <span class='ocrx_word' id='word_1_412' title='bbox 1618 2931 1748 2967; x_wconf 81' lang='lat' dir='ltr'>verisi-</span> 
     </span>
     <span class='ocr_line' id='line_1_47' title="bbox 206 2944 1749 3026; baseline 0.001 -13"><span class='ocrx_word' id='word_1_413' title='bbox 206 2977 296 3014; x_wconf 88' lang='lat' dir='ltr'><strong>mile</strong></span> <span class='ocrx_word' id='word_1_414' title='bbox 323 2980 393 3024; x_wconf 81' lang='lat' dir='ltr'><strong>est,</strong></span> <span class='ocrx_word' id='word_1_415' title='bbox 419 2979 618 3026; x_wconf 83' lang='lat' dir='ltr'><em>intellexit,</em></span> <span class='ocrx_word' id='word_1_416' title='bbox 646 2980 746 3016; x_wconf 83' lang='lat' dir='ltr'><strong>certe</strong></span> <span class='ocrx_word' id='word_1_417' title='bbox 770 2989 844 3015; x_wconf 90' lang='lat' dir='ltr'><em>non</em></span> <span class='ocrx_word' id='word_1_418' title='bbox 866 2979 913 3014; x_wconf 82' lang='lat' dir='ltr'><em>ad</em></span> <span class='ocrx_word' id='word_1_419' title='bbox 934 2979 1124 3016; x_wconf 78' lang='lat' dir='ltr'><strong>Cratetem</strong></span> <span class='ocrx_word' id='word_1_420' title='bbox 1148 2979 1383 3015; x_wconf 83' lang='lat' dir='ltr'><em>referendum</em></span> <span class='ocrx_word' id='word_1_421' title='bbox 1410 2982 1476 3016; x_wconf 72' lang='lat' dir='ltr'><em>eet.</em></span> <span class='ocrx_word' id='word_1_422' title='bbox 1494 2944 1637 3015; x_wconf 60' lang='lat' dir='ltr'><em>qPossit</em></span> <span class='ocrx_word' id='word_1_423' title='bbox 1663 2991 1749 3016; x_wconf 88' lang='lat' dir='ltr'><em>con-</em></span> 
     </span>
    </p>
   </div>
  </div>
 </body>
</html>
