1890 3216
203 130 289 173 396
792 131 1142 180 IAMBOGRAPHI.

721 268 1212 315 TETPAMETPA.

861 369 930 413 50.
964 370 1069 424 [83.]
1665 379 1734 414 aee

265 443 319 493 Ὦ
350 452 606 512 λιπερνῆτες
636 455 833 508 πολῖται,
864 449 982 509 τάμὰ
1013 450 1069 509 δὴ
1102 454 1271 506 ξυνίετε
1439 452 1441 454 ’
1620 468 1624 471 ·

272 538 447 578 cunav-

861 608 1068 663 51.[10]

258 687 344 732 ”Ea
376 687 537 744 Πάρον
567 689 642 733 καὶ
673 692 789 734 ,σῦκα
820 699 945 734 κεῖνα
977 691 1051 735 καὶ
1082 690 1335 736 θαλάσσιον
1367 694 1481 748 βίον.

863 799 1072 854 52.[87]

263 878 339 932 Ὡς
370 881 675 939 Πανελλήνων
709 879 829 936 ὀϊζὺς
861 883 905 934 ἐς
936 882 1089 927 Θάσον
1121 882 1413 941 συνέδραμεν.

858 990 927 1034 53.
961 991 1066 1046 [45.]

626 1071 750 1130 Μηδ’
787 1071 811 1118 ὁ
849 1072 1083 1118 Ταντάλου
1117 1077 1247 1126 λίθος

267 1143 393 1202 τῆσδ’
428 1143 540 1203 ὑπὲρ
573 1144 718 1202 νήσου
747 1144 1002 1203 κρεμάσθω.

858 1253 1066 1308 54.[35]

268 1333 451 1393 Γλαῦκ’,
485 1334 589 1395 ὅρα,
622 1334 770 1393 βαθὺς
801 1334 886 1394 γὰρ
919 1335 1005 1394 ’ἤδη
1037 1335 1231 1394 κύμασιν
1263 1334 1527 1392 ταράσσεται

291 1468 350 1503 Fr
378 1470 434 1504 50.
486 1467 637 1513 Aristop
639 1468 675 1503 h.
701 1468 785 1504 Pac.
814 1472 899 1504 603.
933 1461 974 1504 Ὦ
1000 1465 1259 1512 σοφώτατοι
1291 1468 1502 1513 γεωργοί,
1534 1451 1653 1513 τάμὰ
1679 1463 1732 1513 δὴ

197 1517 377 1559 ξυνίετε
411 1512 606 1564 ῥήματα.
645 1516 710 1551 ubi
736 1513 1022 1573 801101.;Πρὸς
1051 1528 1173 1551 ταυτα
1205 1514 1269 1550 καὶ
1301 1518 1487 1561 Κρατῖνος
1520 1513 1561 1551 ἐν
1587 1516 1732 1573 Πυτίνῃ

195 1564 422 1621 πεποίηκεν·
462 1558 502 1598 Ὠ
527 1564 748 1609 λιπερνῆτες
777 1567 942 1608 πολῖται,
976 1560 1076 1622 τάμὰ
1112 1560 1157 1608 δὴ
1186 1563 1344 1606 ξυνίετε.
1395 1561 1472 1598 ἔστι
1498 1561 1540 1599 δὲ
1567 1576 1663 1608 προς
1686 1576 1732 1598 τα

195 1607 468 1657 Ἀρχιλόχου·
507 1612 792 1657 Λιπερνῆτες
823 1615 899 1647 κτλ.
934 1633 977 1637 -
1018 1606 1045 1646 ὦ
1080 1621 1125 1646 ex
1155 1611 1307 1656 Aristop
1309 1611 1343 1647 h.
1377 1611 1565 1654 additum,
1603 1609 1676 1646 nisi
1707 1604 1733 1646 ἆ

197 1658 317 1694 malis.
339 1680 383 1685 —-
411 1660 568 1704 ξυνίετε,
594 1659 633 1694 111
653 1659 740 1695 edit.
765 1663 782 1694 1
811 1660 956 1695 συνίετε
972 1659 1125 1716 scripsi.
1165 1658 1247 1694 Huc
1273 1659 1419 1704 spectat
1442 1658 1501 1693 Et.
1522 1658 1571 1693 Μ.
1593 1661 1672 1699 566,
1687 1662 1732 1695 53
1777 1676 1782 1679 “

196 1707 344 1752 (eadem
369 1703 801 1763 Ε1;.(111(1.371,28)εῆ
828 1704 1051 1753 λιπερνήτας
1065 1705 1187 1764 φησὶν
1209 1671 1456 1763 Ἀριστόξενος
1468 1701 1734 1764 (ἄριστοτέλης

196 1753 304 1798 ξένος
328 1754 407 1799 PD)
439 1751 527 1795 τοὺς
558 1735 676 1795 ἆλιεις
707 1754 772 1790 καὶ
797 1756 1028 1795 θαλασσίους
1054 1751 1130 1789 ἀπὸ
1158 1754 1224 1789 τοῦ
1250 1750 1296 1788 τὰ
1323 1754 1388 1798 τῆς
1413 1750 1503 1794 ἁλὸς
1528 1751 1731 1800 διαπιπρά-

195 1814 301 1838 σκειν
326 1802 392 1837 καὶ
419 1802 460 1847 ζῆ
463 1815 511 1841 v..
536 1802 599 1838 ubi
625 1802 837 1838 Archilochi
867 1814 1003 1838 nomen
1035 1801 1202 1837 restituit
1225 1800 1407 1837 Meineke.
1459 1801 1567 1844 Quod
1592 1801 1672 1837 eod.
1698 1801 1733 1837 V

188 1849 613 1916 -8111111181ῑτλιπερνίτης
649 1849 712 1885 καὶ
753 1851 955 1895 λιπερνίτις
991 1846 1179 1906 θηλυκόν·
1219 1849 1395 1906 σημαίνει
1425 1845 1491 1884 τὸν
1523 1845 1635 1906 ἐνδεῆ
1667 1848 1732 1884 καὶ

195 1894 376 1943 πτωχόν,
403 1895 501 1933 οἷον·
542 1910 592 1933 ου
629 1895 713 1943 γάρ
747 1911 825 1943 μοι
855 1899 990 1943 πενίη
1022 1893 1253 1942 πατρώιος
1284 1892 1381 1931 ουδ’
1416 1892 1504 1931 ἀπὸ
1535 1893 1732 1932 πάππων

196 1944 271 1992 εἰμ
280 1945 292 1980 ὶ
323 1947 423 1981 λιπε
434 1945 509 1989 ρνί
515 1958 591 1990 της
623 1945 713 1981 011111
738 1945 964 1981 Archilocho
997 1944 1185 1980 vindicavi
1219 1944 1302 1979 coll.
1329 1943 1443 1979 Anth.
1469 1943 1546 1978 Pal.
1572 1943 1626 1978 IX
1651 1947 1730 1988 649,

197 1993 263 2029 sed
288 1993 412 2050 Etym.
439 1992 536 2028 Flor.
566 1993 706 2038 (Miller
731 1993 835 2028 Misc.
863 1994 946 2038 207)
979 1993 1139 2028 alterum
1172 2003 1321 2027 versum
1351 1991 1586 2038 redintegrat
1608 1991 1732 2027 verbis

198 2040 285 2089 βάλε
326 2038 415 2086 βάλε
454 2038 495 2076 τὸ
535 2041 659 2085 τριτον
698 2042 775 2086 εἴη,
814 2041 915 2085 quod
953 2039 1233 2076 hemistichium
1267 2038 1490 2075 Callimachi
1524 2050 1605 2075 esse
1639 2038 1732 2075 satis

195 2088 348 2124 aliunde
374 2089 535 2124 constat:
572 2087 701 2134 itaque
728 2088 1001 2124 Schneidewini
1027 2089 1064 2123 et
1091 2087 1130 2124 Ο.
1159 2085 1377 2123 Schneideri
1402 2086 1634 2132 coniectura,
1668 2086 1733 2132 qui

197 2135 428 2172 Callimacho
454 2135 526 2171 1100
550 2135 804 2181 fragmentum
831 2136 1101 2180 attribuerunt,
1129 2136 1205 2171 iam
1229 2136 1313 2171 rata
1337 2135 1393 2170 est
1415 2134 1533 2180 facta,
1560 2134 1731 2180 quamvis

198 2183 385 2220 sententia
410 2183 679 2220 versiculorum
703 2184 813 2220 valde
840 2183 890 2219 sit
915 2184 1082 2219 obscura.

291 2232 349 2267 Fr.
371 2234 427 2266 51.
465 2231 600 2267 Athen.
620 2229 681 2266 III
695 2235 738 2267 76
754 2231 798 2266 B:
829 2232 914 2266 Τῶν
935 2228 971 2266 δ’
996 2228 1036 2267 ἐν
1057 2227 1175 2278 Πάρῳ
1201 2230 1244 2277 τῇ
1265 2227 1366 2278 νήσῳ
1387 2220 1570 2274 (semar).

195 2281 380 2332 χίλοχος
407 2276 654 2325 μνημονεύει,
680 2278 800 2324 λέγων
826 2275 961 2336 οῧ,τως·
991 2276 1069 2314 Ἔα
1095 2281 1169 2314 κτλ.
1198 2298 1242 2303 -
1276 2276 1321 2313 εά
1346 2288 1502 2323 monosy
1503 2232 1680 2323 llabumA
1691 2278 1733 2312 ut

196 2322 530 2420 ἶῗὲἶοῗοᾷἰῗᾶᾆῖ
548 2329 863 2410 {13153355'315
883 2321 1367 2411 v‘zssz‘uffefflssssfiassfissssffl
1380 2290 1732 2416 issssssoaeffffiusslllkd

198 2421 459 2459 Schneidewin
484 2419 605 2457 κεινά.

290 2470 349 2506 Fr.
376 2473 432 2506 52.
485 2469 618 2505 Strabo
651 2469 739 2505 VIII
764 2474 850 2506 370:
890 2467 1063 2505 Ἡσίοδον
1100 2467 1230 2514 μέντοι
1268 2471 1332 2503 καὶ
1367 2464 1618 2525 Ἀρχίλοχον
1655 2463 1729 2513 ἥδη

196 2516 343 2554 εἰδέναι
369 2517 499 2563 (φησὶν
522 2514 806 2574 Ἀπολλόδωρος)
838 2517 905 2553 και
919 2514 1102 2562 ’Ἕλληνας
1133 2514 1358 2573 λεγομένους
1392 2528 1480 2556 τους
1511 2513 1732 2573 σύμπαντας

197 2567 262 2601 καὶ
280 2564 551 2623 Πανέλληνας·
577 2562 645 2600 τὸν
672 2563 748 2624 μὲν
767 2565 855 2623 περὶ
879 2565 953 2600 τῶν
979 2565 1190 2609 Προιτίδων
1215 2562 1390 2609 λέγοντα,
1418 2559 1468 2604 ὡς
1492 2560 1731 2608 Πανέλληνες

197 2610 428 2660 ἐμνήστευον
453 2609 591 2657 αυτάς,
618 2610 685 2648 τὸν
712 2611 754 2648 δε
782 2609 837 2653 ὡς
863 2615 1052 2648 Πανελλ.
1077 2614 1151 2647 κτλ.
1376 2620 1385 2630 ·

291 2660 349 2698 Fr
377 2664 433 2696 53.
485 2641 609 2696 Schol.
636 2660 742 2695 Pind
771 2660 826 2697 Ol
854 2660 959 2696 197:
1001 2657 1164 2700 Ἀλκαῖος
1195 2657 1260 2694 καὶ
1282 2655 1437 2703 Ἀλκμαν
1468 2658 1579 2693 λίθον
1611 2656 1729 2716 ῳασὶν

197 2706 473 2754 ε’παιωρεῖσθαι
497 2708 547 2756 τῷ
570 2705 768 2754 Ταντάλῳ·
797 2735 803 2743 .
827 2705 1038 2752 ..εποίησε
1065 2705 1108 2742 δε
1134 2705 1198 2742 καὶ
1219 2702 1486 2751 Ἀρχίλοχος·
1512 2706 1616 2750 Μηδ
1652 2707 1727 2742 κτλ.

197 2757 235 2792 et
261 2756 448 2791 Plutarch.
476 2766 596 2801 praec
623 2767 698 2802 ger.
725 2755 816 2801 reip.
843 2767 872 2791 c.
901 2760 933 2791 6.
977 2755 1087 2800 Resp.
1120 2755 1278 2789 Pausan.
1304 2752 1340 2788 X
1364 2756 1594 2797 31‚12.—
1633 2749 1728 2799 ὑπὲρ

196 2801 408 2848 Ρ1111;.,ὑπὸ
433 2803 554 2839 Schol.
576 2801 682 2839 Pind.
710 2803 877 2860 (Boeckh
903 2800 998 2849 ὑπερ
1025 2814 1070 2838 ex
1091 2801 1190 2837 Vrat.
1215 2805 1246 2847 1,
1273 2801 1313 2836 at
1331 2800 1433 2836 Vrat.
1456 2804 1489 2845 4,
1515 2801 1558 2835 ut
1577 2799 1727 2835 Schnei-

196 2852 262 2887 der
287 2851 467 2896 enotavit,
493 2848 707 2892 τάνταλος.
729 2879 736 2886 .
763 2847 838 2886 υπὸ
865 2864 897 2886 ν.
924 2846 1149 2896 κρεμάσθη.)

294 2899 353 2934 Fr.
381 2902 436 2934 54.
488 2898 704 2935 Heraclides
728 2898 835 2936 Pont.
861 2899 981 2944 Alleg.
1010 2898 1118 2934 Hom.
1145 2908 1175 2933 c.
1203 2899 1242 2932 5.
1279 2892 1457 2942 καθάπερ
1479 2891 1729 2942 Ἀρχίλοχος
