1890 3216
0 153 20 200 T?

802 226 1062 265 THEOGNIS.
1615 230 1698 272 147

261 332 329 379 Οὐ
360 333 444 393 χρὴ
477 338 713 392 κιγκλίζειν
745 333 927 392 ἀγαθὸν
958 338 1081 393 βίον,
1114 334 1213 381 ἀλλ’
1249 334 1516 395 ἀτρεμίζειν,

308 404 397 451 ’τὸν
429 406 480 451 δὲ
510 405 651 452 κακὸν
681 417 846 465 κινεῖν,
878 406 968 454 ἔστ’
1003 405 1063 453 ἂν
1094 410 1138 460 ἐς
1169 406 1288 467 ὀρθὰ
1320 408 1470 468 λάβῃς.

162 538 232 572 305
263 525 343 572 Tol
373 525 503 571 κακοὶ
537 524 593 570 οὐ
622 526 798 581 πάντως
828 528 956 572 κακοὶ
989 529 1036 572 ἐκ
1068 526 1258 587 γαστρὸς
1290 527 1551 586 γεγίνασιν,

318 595 420 643 ἀλλ’
456 596 673 658 ἄνδρεσσι
704 608 857 651 κακοῖς
888 600 1161 657 συνθέμενοι
1194 603 1351 658 φιλίην

259 673 366 730 ἔργα
397 687 443 715 τε
475 668 586 714 δείλ’
622 672 797 728 ἔμαθον
827 672 901 716 καὶ
934 675 1015 730 ἔπη
1048 671 1262 730 δύσφημα
1293 672 1366 717 καὶ
1398 669 1553 729 ὕβριν,
1632 685 1702 717 506

320 740 558 800 ἐλπόμενοι
588 745 766 795 κείνους
795 741 946 788 πάντα.
972 744 1119 801 λέγειν
1150 747 1298 801 ἔτυμα.

255 871 330 919 Ἐν
361 872 443 932 μὲν
476 876 757 918 συσσίτοισιν
789 872 907 933 ἀνὴρ
940 875 1219 933 πεπνυμένος
1249 873 1381 920 εἷναι·

163 958 262 991 310.
319 943 452 990 πάντ’
488 943 661 1003 ἀλέγων
693 944 855 1003 λήθειν
887 944 948 999 ὡς
978 945 1172 991 ἆπεόντα
1207 946 1349 992 δόκει·

259 1019 322 1070 εἰς
354 1017 404 1062 δὲ
435 1017 591 1076 φέρειν
622 1015 675 1062 τὰ
709 1022 882 1075 γελοῖα,
913 1017 1093 1077 θύρηφι
1125 1017 1175 1063 δὲ
1206 1018 1419 1077 καρτερὸς
1448 1025 1559 1076 εἴης,

317 1088 554 1146 γινώσκων
587 1087 729 1147 ὀργὴν
761 1087 820 1146 ἥν
850 1088 937 1135 τιν’
973 1090 1156 1143 ἕκαστος
1187 1093 1287 1148 ἔχει.

255 1218 330 1265 Ἐν
361 1219 443 1278 μὲν
475 1219 766 1278 μαινομένοις
797 1220 915 1278 μάλα
946 1224 1182 1280 μαίνομαι,
1216 1222 1264 1266 ἐν
1297 1221 1346 1266 δὲ
1378 1223 1568 1274 δικαίοις

318 1291 501 1337 πάντων
533 1291 794 1351 ἀνθρώπων
826 1292 916 1351 εἰμὶ
949 1292 1239 1345 δικαιότατος.

164 1425 233 1458 315
260 1415 439 1458 Πολλοί
463 1429 534 1456 τοι
564 1414 810 1458 πλουτοῦσι
840 1416 990 1470 κακοί,
1022 1409 1189 1470 ἀγαθοὶ
1222 1408 1272 1457 δὲ
1302 1413 1532 1457 πένονται·

163 1565 333 1614 λάτροισι
358 1567 475 1603 Obcm
495 1568 535 1603 et
685 1589 730 1602 -.—
756 1566 875 1614 δμωσὶ
896 1566 943 1604 O.
959 1588 1003 1593 —
1029 1567 1074 1604 V.
1095 1570 1176 1603 303.
1202 1569 1417 1623 κιγκλίζειν,
1442 1568 1473 1604 Ο
1492 1570 1702 1614 κιγχλίζειν.

167 1637 209 1643 -
236 1617 282 1674 V.
303 1619 384 1652 304.
411 1611 534 1669 λάβῃς
552 1579 664 1661 fibrig’.
677 1613 740 1652 ά.
749 1629 792 1663 ῃς
817 1616 851 1651 A
875 1615 986 1673 (duae
1012 1615 1086 1652 litt.
1113 1617 1191 1661 er.),
1218 1612 1335 1662 βάλῃς
1361 1616 1511 1662 scripsit
1529 1616 1704 1677 Sylburg,
1715 1655 1718 1658 ,

167 1675 237 1721 ego
258 1660 406 1710 ἀγάγῃς
425 1663 579 1720 comeci,
605 1644 802 1710 Emperius
828 1659 918 1707 ὄρθ’
948 1660 1062 1710 ἐλάσῃ
1067 1677 1094 1704 ς.
1114 1683 1162 1689 -
1188 1663 1230 1699 V.
1252 1667 1333 1699 305.
1359 1663 1478 1709 τοιΑ,
1505 1664 1569 1700 rel.
1592 1678 1638 1700 οι.
1659 1685 1703 1690 -

165 1709 328 1758 πάντως,
354 1713 386 1746 Α
405 1708 522 1747 πάντ.
536 1725 554 1752 ς
579 1722 628 1747 er.
649 1723 725 1747 una.
743 1711 818 1747 litt.
846 1722 941 1768 quae
962 1723 979 1746 ε
1002 1676 1117 1746 fuisse
1138 1711 1224 1755 vid„
1251 1711 1275 1746 h
1294 1710 1446 1753 παντὸς.
1485 1711 1705 1749 Heimsoeth

164 1759 478 1816 intempestivam
497 1757 674 1795 adhibuit
704 1771 832 1795 curam
858 1755 928 1795 οὐκ
961 1755 1082 1804 αρχὴν
1108 1758 1313 1804 corrigens,
1346 1758 1450 1795 cuius
1479 1759 1706 1816 interpreta-

164 1808 333 1844 mentum
358 1807 408 1842 sit
432 1803 479 1842 οὐ
503 1804 666 1852 πάντως,
692 1807 1008 1852 quemadmodum
1034 1807 1149 1842 etiam
1176 1819 1209 1842 v.
1230 1810 1300 1842 425
1326 1818 1371 1842 ex
1397 1803 1517 1864 ἀρχὴν
1542 1809 1705 1854 primum

165 1852 322 1897 πάντως
342 1855 462 1900 (quod
486 1853 541 1891 ibi
566 1855 670 1890 nulla
697 1856 754 1891 est
779 1854 1004 1891 auctoritate
1035 1854 1250 1899 firmatum),
1276 1854 1411 1891 deinde
1443 1852 1597 1891 πάντων
1628 1867 1706 1892 cor-

167 1903 319 1950 ruptela
335 1902 450 1939 latius
471 1903 643 1949 serpente
663 1905 787 1939 ortum
807 1913 886 1939 esse
907 1902 1092 1948 opinatur
1119 1902 1166 1938 Ιιι
1179 1902 1194 1938 1
1214 1901 1343 1938 omissi
1356 1903 1443 1938 sunt
1455 1916 1489 1939 v.
1505 1907 1704 1948 305—352,

166 1951 241 1988 sed
263 1954 388 1987 305-
395 1953 465 1987 328
497 1951 681 1996 (θνητοῖς)
715 1962 737 1986 a
761 1962 834 1988 rec.
860 1961 974 1986 manu
1006 1950 1136 1986 additi.
1171 1971 1213 1976 —
1246 1951 1290 1986 V.
1317 1954 1399 1986 306.
1431 1947 1626 2010 ἄνδρεσσι,
1659 1952 1704 1987 cf.

166 1996 334 2046 ἄνδρεσι,
355 2009 375 2034 e
396 1995 545 2043 ἄνδρες.
566 2019 612 2024 -
632 1999 677 2034 V.
698 2003 779 2035 307.
802 1995 894 2045 ἔργά
914 1999 957 2034 A.
980 2019 1024 2024 ——
1043 2011 1095 2042 τε,
1122 1998 1174 2044 gh
1194 1996 1249 2043 δὲ,
1277 2009 1297 2034 e
1316 2012 1385 2035 τοι.
1408 2021 1451 2024 -
1472 1996 1569 2035 δείλ’
1591 1999 1632 2035 O.
1660 2020 1703 2025 -

166 2047 339 2093 δι’σφημα
358 2046 400 2083 Ο.
421 2067 466 2073 -
486 2046 530 2082 V.
547 2050 627 2083 308.
650 2044 781 2104 ἔτυμα,
801 2058 821 2082 c
839 2046 984 2105 ἕτοιμα.
1006 2067 1050 2073 -
1070 2045 1114 2082 V.
1130 2050 1212 2082 309.
1233 2027 1393 2092 εἶναιΑ,
1414 2047 1478 2083 rel.
1500 2048 1593 2103 ἴσθι,
1612 2047 1704 2083 Her-

166 2105 281 2131 mann
305 2095 376 2140 εἴη.
398 2115 443 2121 -
463 2094 508 2130 V.
529 2098 608 2132 310.
636 2091 751 2130 πάντ’
780 2092 926 2141 ἀλέγων
952 2091 1089 2140 λήθειν
1108 2093 1264 2152 scripsi,
1290 2095 1487 2152 legebatur
1510 2091 1637 2130 πάντα
1662 2095 1706 2131 δέ

167 2138 1369 2236 55:33232531'32523222.'32⁸25222eaffiffff.5503”222.3};2325.
1382 2141 1530 2226 1253?
1557 2139 1594 2178 ‘⁹
1598 2142 1705 2226 :2⁶22

166 2237 255 2274 libri
279 2239 381 2274 recte
406 2238 454 2283 (A
473 2239 608 2284 ἃοκει),
634 2238 782 2275 Bekker
808 2239 932 2283 δοκεῖ,
959 2237 1051 2274 Geel
1075 2239 1194 2273 δοκοῖ.
1215 2258 1260 2264 -
1286 2238 1331 2274 V.
1351 2242 1432 2274 311.
1459 2237 1513 2279 εἰς
1538 2237 1599 2284 δὲ,
1625 2249 1645 2274 c
1671 2237 1708 2274 εἰ

169 2283 227 2331 δὲ,
251 2297 278 2332 g
296 2296 389 2323 corr.
411 2283 509 2331 εἶδε,
537 2286 676 2344 Kayser
697 2287 735 2322 et
754 2285 964 2342 Emperius
977 2279 1021 2321 εὖ
1042 2283 1096 2322 δὲ.
1136 2284 1315 2322 Consulto
1335 2285 1389 2327 εἰς
1409 2284 1526 2322 tuitus
1546 2298 1638 2321 sum.
1660 2307 1703 2312 -—

167 2332 302 2379 φέρειν
328 2332 374 2369 τὰ
401 2345 465 2378 cg,
498 2331 610 2379 φέροι
632 2332 682 2370 τὰ
706 2334 756 2378 Α,
790 2333 900 2379 φέρει
925 2330 971 2368 τὰ
998 2332 1128 2378 Obfm,
1154 2332 1330 2378 φέροιται
1354 2333 1390 2370 h.
1440 2333 1612 2391 Hartung
1637 2332 1704 2379 φέ-

168 2393 272 2426 ροιτο
305 2380 467 2438 scripsit.
500 2402 545 2407 -—-
579 2379 749 2428 θύρηφι,
780 2382 814 2417 Α
838 2380 914 2427 θύρ
895 2394 1014 2427 ρ.ηιφι
1046 2401 1090 2407 --
1123 2379 1166 2417 δὲ
1193 2393 1265 2417 om.
1291 2382 1335 2418 A.
1368 2402 1412 2407 —
1445 2394 1641 2439 καρτερος,
1675 2382 1704 2417 O

168 2425 364 2476 κρατερὸν.
404 2449 449 2456 --·
487 2430 584 2487 εἴης,
611 2430 668 2488 εἴη
694 2429 770 2466 AO.
822 2429 966 2464 Ahrens
991 2427 1029 2464 εἰ
1051 2427 1094 2464 δὲ
1121 2427 1277 2487 φέροιτο
1303 2432 1449 2475 γελοια,
1473 2427 1630 2474 θύρηφί
1650 2442 1705 2474 κε,

114 2507 119 2512 .
171 2475 212 2512 O.
239 2476 442 2512 Schneider
466 2474 592 2513 πάντα
617 2475 657 2513 τέ
683 2490 747 2523 μιν
774 2505 781 2513 .
835 2478 991 2518 ,δοκει
1019 2477 1074 2517 εἴς
1098 2489 1138 2512 τε
1173 2475 1348 2522 φέρει..
1368 2505 1378 2512 .
1406 2478 1495 2522 ειης.
1545 2477 1626 2513 Hoc
1651 2477 1704 2512 di—

168 2534 251 2560 cere
269 2523 420 2560 videtur
441 2526 573 2570 poeta:
598 2526 633 2560 si
656 2525 751 2569 foris
770 2536 816 2568 es,
841 2528 974 2568 taceas,
998 2525 1077 2559 noli
1100 2524 1263 2560 ridicula
1287 2526 1421 2569 efferre.
1456 2524 1529 2560 Sed
1548 2524 1705 2560 fortasse

169 2571 290 2608 oratio
321 2571 560 2618 imperfecta,
598 2584 685 2608 nam
711 2573 901 2625 proximus
926 2583 1054 2607 versus
1079 2572 1315 2608 incommode
1347 2571 1552 2607 subiicitur.
1598 2571 1704 2614 Quod

169 2619 202 2655 si
225 2584 461 2676 'pentameter
485 2632 571 2656 cum
595 2621 811 2656 hexametro
843 2619 1090 2665 interceptus,
1123 2619 1243 2674 possis
1273 2620 1455 2655 coniicere
1487 2616 1637 2665 θύρηφι
1661 2617 1703 2655 δὲ

168 2664 350 2713 καρτερὸς
382 2668 461 2712 εἴης
491 2666 692 2714 γλώσσης
727 2695 734 2702 .
757 2697 764 2704 .
785 2694 792 2702 .
827 2667 873 2703 cf.
904 2679 938 2703 v.
965 2671 1045 2703 480.
1098 2666 1163 2702 Sm
1194 2678 1316 2702 mmus
1335 2666 1544 2724 placuerit,
1577 2677 1704 2703 versus

168 2714 209 2751 in
233 2715 334 2751 huno
358 2716 512 2752 modum
536 2715 751 2752 traiiciendi
778 2715 879 2751 sunt.
908 2711 949 2750 ἐν
975 2713 1045 2761 μὲν
1072 2715 1296 2750 συσσίτοισιν
1321 2711 1357 2749 ἅ.
1378 2727 1415 2749 π.
1437 2717 1548 2753 εἰναι
1572 2711 1705 2760 γινώ-

169 2775 288 2798 σκων
313 2759 345 2799 ὅ.
371 2759 407 2809 ἥ.
435 2762 463 2799 ἕ.
493 2762 522 2799 ἕ.
550 2762 603 2805 εἰς
637 2763 679 2799 δὲ
707 2761 840 2817 φέρειν
870 2759 916 2797 τὰ
943 2775 976 2808 γ.
1000 2764 1042 2797 θ.
1068 2760 1111 2797 δὲ
1144 2775 1177 2797 κ.
1205 2763 1300 2807 sen„-
1332 2757 1464 2797 πάντ’
1497 2758 1645 2821 ἀλέγων
1674 2764 1704 2797 λ.

170 2806 220 2851 ὥς
245 2807 281 2846 ἆ.
308 2811 341 2846 ὃ.
392 2810 630 2855 Heimsoeth,
664 2811 729 2867 qui
754 2811 851 2846 hanc
875 2809 1205 2866 transpositionem
1231 2809 1424 2855 probavit,
1456 2805 1498 2844 ἐν
1524 2807 1566 2844 δε
1594 2807 1703 2854 φέροι

170 2855 216 2893 τά
242 2860 382 2915 γελοῖα,
408 2855 558 2904 θύρηφι
584 2857 626 2894 δὲ
647 2855 834 2915 κάρχαρος
860 2859 950 2903 εἴης,
975 2854 1129 2892 πάντα.
1169 2859 1312 2892 ,δοκοῖ
1332 2856 1490 2902 scripsit.
1505 2857 1608 2893 —V.
1623 2860 1704 2892 312.

171 2903 365 2951 γινώσκων
384 2906 470 2964 AO,
493 2919 528 2942 v.
554 2903 783 2952 γιγνώσκων.
835 2905 873 2940 Si
899 2916 1043 2940 versum
1077 2884 1253 2940 subiicias
1277 2916 1310 2940 v.
1337 2908 1419 2947 309,
1445 2904 1573 2939 malim
1597 2917 1704 2963 συμ-

116 2960 122 2966 ·
171 2953 344 3009 μίσγων
375 2950 514 2999 ὀργὴν,
546 2953 585 2989 id
617 2953 717 2999 quod
749 2953 864 2988 etiam
895 2952 1122 2988 Herwerdeu
1154 2951 1282 2988 suasit.
1310 2972 1355 2978 —
1380 2951 1424 2988 V.
1452 2955 1531 2989 313.
1567 2950 1654 2998 μὲν,
1680 2964 1706 2998 g

171 2996 320 3047 7859.—
346 3000 391 3037 V.
411 3005 526 3036 315-
531 3005 554 3037 8
579 3001 726 3038 Solonis
745 3002 841 3045 sunt,
868 2999 942 3036 vid.
963 3000 1067 3046 Eleg.
1089 3000 1132 3035 fr.
1155 3003 1211 3044 15,
1237 2999 1301 3035 ubi
1320 2998 1448 3035 πολλοὶ
1467 2997 1550 3046 γὰρ
1569 3002 1700 3035 πλον

1349 3057 1422 3093 10*
