1890 3216
790 197 1105 239 MIMNERMUS.
1662 202 1719 245 353

911 313 982 356 22.

293 399 454 443 Tzetzes
480 400 680 453 Lycophr.
706 414 743 440 v.
771 401 875 440 610:
918 400 1128 452 Τροιζηνία
1168 398 1211 440 δὲ
1249 398 1398 454 λέγεται
1434 395 1460 452 ἡ
1488 395 1712 453 Ἀφροδίτη.

172 461 227 515 ὥς
257 467 497 520 Μίμνερμος
528 465 648 520 λέγει,
687 462 766 507 ὑπὸ
799 462 1032 518 Διομήδους
1062 470 1259 518 τρωθεῖσα
1290 462 1315 519 ἡ
1350 462 1564 518 Ἀφροδίτη
1603 480 1722 518 παρε-

175 528 341 573 σκεύασε
371 529 444 586 τὴν
470 530 704 586 Αἰγιάλειαν
735 534 897 580 πολλοῖς
929 529 1000 584 μὲν
1027 535 1178 585 μοιχοῖς
1203 534 1480 586 μοιχευθῆναι,
1513 543 1722 584 συγκοιμη-

171 601 298 652 θῆναι
330 597 375 640 δὲ
406 598 473 640 καὶ
509 602 562 657 τῷ
594 595 812 656 Ἱππολύτῳ
845 597 912 639 καὶ
947 595 1131 652 Κομήτῃ,
1168 601 1222 654 τῷ
1253 597 1459 639 Σθενέλου
1491 598 1579 654 υἱῷ.
1628 601 1722 639 Διο-

171 660 303 718 μήδης
334 662 379 706 δὲ
408 661 730 719 παραγενόμενος
762 664 818 712 εἰς
848 658 890 704 τὸ
918 660 1083 717 ’'Amo-Q,
1121 661 1416 717 ἐπιβουλεύεται
1454 660 1548 716 παρ’
1584 661 1722 717 αὐτῆς·

170 733 241 773 τοῦ
273 729 317 772 δὲ
348 727 648 786 καταφυγόντος
681 730 736 779 εἰς
765 726 835 771 τὸν
860 726 961 770 ναὸν
985 733 1054 783 τῆς
1066 727 1198 784 ’Ἠρας
1225 726 1291 770 διὰ
1317 726 1460 778 νυκτὸς
1487 727 1623 784 φεύγει
1649 727 1724 770 σὺν

171 800 254 846 τοῖς
285 796 454 851 ἑταίροις
484 795 551 837 καὶ
583 789 710 850 ἦλθεν
741 797 796 844 εἰς
818 792 985 837 Ἰταλίαν
1008 793 1109 850 πρὸς
1134 798 1299 836 Δαῦνον
1325 794 1500 848 βασιλέα,
1531 792 1576 845 ὃς
1602 793 1724 837 αὐτὸν

172 859 276 920 δόλῳ
302 860 468 906 ἆνεῑλεν.
513 876 616 915 quae
647 864 767 914 plane
793 865 1022 914 congruunt
1052 877 1142 903 cum
1176 863 1326 903 veteris
1353 863 1593 903 scholiastae
1620 877 1724 903 com-

175 931 386 980 mentario,
419 943 538 982 quem
570 929 720 969 Kinkel
750 942 880 980 nuper
912 929 1050 969 edidit.

268 1080 484 1118 Mimnermi
507 1080 762 1126 fragmentum
790 1079 896 1117 aliud
921 1081 1126 1137 praeterea
1144 1079 1239 1116 olim
1264 1080 1463 1126 legebatur
1489 1080 1590 1125 apud
1617 1080 1722 1116 Stob.

173 1129 238 1166 CII
261 1133 302 1166 3:
329 1126 438 1165 Κατα
473 1128 612 1187 ἰατρῶν
645 1128 874 1175 Μιμνέρμου
907 1126 1067 1164 Νάννου
1102 1127 1172 1172 (ita
1203 1129 1254 1174 A,
1287 1128 1353 1164 sed
1384 1128 1493 1165 Voss.
1521 1128 1632 1164 Vind.
1660 1128 1721 1163 Tr.

171 1177 396 1224 simpliciter
419 1176 648 1224 Μιμνέρμου
674 1175 737 1212 vel
769 1175 1034 1230 Μνημέρμου).
1087 1175 1257 1212 Coniecit
1288 1176 1462 1213 Meineke
1487 1173 1721 1221 Μενάνδρου

174 1227 330 1270 Φανίου,
356 1226 421 1262 sed
446 1236 531 1261 cum
557 1235 696 1270 versus,
724 1223 791 1270 qui
817 1226 1035 1271 sequuntur,
1061 1226 1142 1261 tam
1168 1236 1191 1260 a
1215 1224 1432 1260 Mimnermi
1458 1235 1571 1270 quam
1598 1235 1620 1260 a
1645 1223 1723 1260 Me-

174 1273 309 1310 nandri
333 1274 439 1320 poesi
465 1274 542 1310 sint
566 1272 701 1314 alieni,
727 1273 855 1319 potius
882 1273 1111 1310 censendum
1142 1274 1201 1309 est
1226 1272 1440 1310 Mimnermi
1471 1272 1724 1329 fragmentum

172 1321 373 1366 excidisse,
407 1323 446 1358 et
475 1322 561 1358 illos
593 1333 724 1357 versus
756 1320 949 1379 Euripidis
982 1333 1081 1358 esse:
1113 1319 1341 1379 Μιμνέρμου
1376 1321 1573 1362 Ναννοῦς·
1607 1316 1647 1366 (ἃ
1675 1318 1793 1365 δὴ415

171 1375 298 1407 ποιεῖν
338 1369 537 1428 φιλέουσιν
570 1368 695 1415 ἰητροί
718 1397 848 1406 .....
877 1366 1108 1428 Εὐριπίδου·
1142 1365 1295 1415 Οπ)οῖα
1321 1366 1368 1414 δὴ
1397 1370 1582 1426 φιλοῦσιν
1601 1368 1723 1425 ἰατροὶ

172 1417 299 1464 λέγειν
325 1415 372 1454 τὰ
400 1418 530 1464 φαῦλα
556 1419 670 1464 μείζω
697 1417 762 1453 καὶ
788 1431 834 1452 τα
863 1414 962 1453 δείν’
997 1415 1201 1474 ὑπέρφοβα
1232 1417 1467 1476 πυργοῦντες
1498 1413 1651 1458 αυτούς.

174 1466 284 1510 Quod
310 1466 484 1503 Meineke
511 1477 570 1511 ap.
599 1465 721 1501 Cram
749 1466 820 1501 An.
842 1465 911 1502 Ox
931 1466 948 1501 I
973 1478 1011 1511 p.
1034 1469 1102 1502 102
1129 1463 1171 1501 τὸ
1198 1464 1302 1522 παρὰ
1329 1463 1558 1520 Μιμνέρμῳ·
1581 1459 1621 1500 Ὠ
1650 1465 1723 1500 Ζεῦ

161 1515 412 1561 πολυτίμητε,
441 1511 490 1555 ὡς
515 1513 628 1550 καλαὶ
653 1513 731 1548 νῶν
764 1511 808 1548 αἴ
829 1518 950 1558 γυναῖ
970 1514 1121 1571 scripsit
1143 1511 1380 1573 Μενανδρῳ,
1407 1513 1532 1549 nescio
1559 1524 1608 1548 an
1627 1508 1723 1558 Ερ-
1747 1551 1753 1561 ί

172 1564 328 1611 μίππῳ
354 1562 533 1608 praestet.
578 1562 648 1607 Ap.
671 1561 775 1602 Stob.
798 1560 930 1597 CXXV
951 1566 972 1598 3
992 1559 1219 1620 Μιμνέρμου
1242 1559 1284 1597 ἐκ
1305 1559 1578 1618 Νεοπτολέμου
1600 1560 1722 1618 (Voss.

126 1656 131 1657 .
171 1611 285 1647 Vind.
305 1598 379 1646 Tr.
419 1611 458 1646 et
493 1574 665 1667 Apostol.
698 1606 733 1645 V
759 1614 839 1646 920
879 1609 1003 1655 simpl.
1039 1607 1282 1667 Μιμνέρμου)
1329 1609 1461 1645 Δεινοὶ
1498 1606 1572 1655 γὰρ
1611 1605 1724 1653 ανὸρὶ

172 1671 314 1700 παντες
341 1655 455 1705 ἐσμὲν
482 1655 636 1694 εὐκλεεῐ
651 1658 771 1693 Ζῶντι
797 1659 1008 1704 φθονῆσαι,
1034 1655 1281 1693 κατθανόντα
1308 1654 1345 1693 δ’
1374 1655 1535 1693 αἰνέσαι.
1562 1656 1723 1692 fortasse

172 1706 306 1743 itidem
332 1706 473 1742 excidit
491 1705 707 1741 Mimnermi
731 1705 1000 1752 fragmentum,
1026 1707 1069 1741 ut
1088 1705 1223 1742 deinde
1245 1705 1483 1742 scribendum
1504 1705 1554 1741 sit
1578 1707 1621 1740 N
1627 1717 1722 1740 ικο

174 1753 322 1810 μάχου
351 1751 392 1790 ἐκ
419 1753 692 1800 Νεοπτολέμου
720 1753 810 1798 (vid.
838 1754 941 1790 Suid.
960 1766 997 1790 v.
1024 1756 1192 1800 Νικομ.),
1220 1754 1286 1790 sed
1305 1766 1391 1790 cum
1411 1753 1504 1789 satis
1529 1753 1723 1788 turbatum

173 1802 224 1839 sit
255 1803 328 1839 hoc
363 1804 493 1848 caput,
530 1801 644 1838 etiam
679 1801 757 1837 alia
791 1802 989 1838 coniicias.
1022 1803 1178 1848 possunt
1214 1802 1314 1838 enim
1348 1802 1387 1838 hi
1419 1801 1581 1837 trimetri
1606 1799 1724 1837 etiam

172 1850 445 1887 Archilochi
482 1861 574 1886 esse.
610 1870 652 1876 —-
685 1849 901 1886 Mimnermi
938 1861 1076 1886 nomen
1113 1849 1363 1896 deprehendit
1399 1850 1583 1895 Gomperz
1623 1848 1723 1894 apud

171 1895 826 1946 Ρ1111οᾱθ111.π.εὖσεβ.Ρ.29,4,
860 1898 925 1934 sed
958 1898 1055 1933 nihil
1085 1897 1140 1933 ibi
1165 1899 1271 1934 extat
1301 1898 1373 1934 nisi
1398 1899 1562 1943 MNEP,
1602 1908 1723 1943 neque

171 1947 262 1983 licet
287 1947 446 1992 assequi,
475 1946 521 1982 de
548 1957 622 1991 qua
646 1957 687 1981 re
713 1927 933 1982 dissei-uerit
956 1946 1216 1992 philosophus.

268 1994 378 2031 Aliae
403 1994 619 2030 Mimnermi
643 1993 826 2038 1e1iquiae
851 1994 952 2030 haud
985 1994 1098 2030 dubie
1131 1994 1360 2030 delitescunt
1390 1993 1430 2029 in
1456 1991 1721 2038 Theognideis‚

172 2043 335 2079 maxime
359 2043 400 2079 in
424 2041 632 2089 posteriore
658 2041 746 2078 libri
766 2043 783 2078 I
802 2045 922 2088 parte,
943 2042 1262 2097 quemadmodum
1281 2055 1315 2079 v.
1337 2045 1453 2077 983-
1458 2045 1490 2077 8.
1521 2044 1658 2076 1007—
1667 2044 1720 2076 12.

176 2095 308 2127 1023-
318 2095 350 2126 4.
381 2095 507 2127 1055-
509 2093 556 2126 8.
584 2094 723 2126 1063—
728 2095 760 2127 8.
790 2094 930 2127 1069—
935 2095 992 2135 70,
1017 2093 1060 2126 ut
1085 2090 1160 2126 iam
1182 2090 1273 2126 011111
1293 2089 1513 2136 significavi.
1551 2089 1723 2134 Hartung

176 2139 237 2175 his
264 2138 340 2175 alia
372 2139 481 2175 addit
505 2143 620 2175 993-
627 2142 647 2174 7
675 2138 735 2183 (de
761 2139 896 2184 quibus
929 2120 1040 2174 val’de
1067 2138 1230 2183 dubito),
1266 2142 1395 2173 1012-
1409 2143 1447 2182 6,
1476 2141 1651 2173 1045—6.
1679 2158 1721 2163 —

181 2187 289 2230 Quod
321 2186 530 2233 Porphyrio
568 2172 616 2222 ad
647 2186 737 2223 Hor.
764 2186 885 2233 Epist.
910 2187 945 2222 ΙΙ
971 2191 1003 2231 2,
1034 2191 1099 2222 101
1132 2167 1322 2232 perh’ibet:
1357 2187 1602 2221 Mimnermus
1633 2185 1724 2220 duos

179 2235 294 2272 libros
319 2236 542 2271 luculentius
565 2234 733 2279 scripsit,
758 2246 834 2270 non
859 2235 981 2281 magis
1007 2235 1081 2270 fide
1107 2235 1281 2280 dignum,
1308 2245 1422 2280 quam
1455 2234 1591 2269 Suidae
1617 2234 1723 2268 auto

181 2283 435 2319 schediasma.
464 2281 588 2329 ἔψγρα
591 2295 608 2318 ε
635 2283 761 2336 βιβλία
786 2283 907 2319 ταῦτα
933 2282 1019 2343 (hoe
1040 2283 1125 2318 add.
1124 2263 1331 2339 ABVE’m)
1352 2279 1483 2326 πολλά,
1503 2281 1568 2317 ubi
1587 2280 1724 2316 Kuster

180 2332 301 2367 ταῦτα
326 2331 526 2367 delendum
553 2329 710 2376 censuit,
729 2330 949 2377 Bernhardy
976 2327 1137 2377 ἐρωτικὰ
1163 2328 1209 2366 τὰ
1236 2327 1354 2366 πολλα
1379 2329 1585 2376 proposuit,
1610 2328 1722 2363 Halm

179 2377 284 2426 παρὰ
311 2379 444 2425 ταῦτα,
471 2378 652 2415 nonnulla
677 2379 887 2425 intercepta
912 2391 993 2415 esse
1019 2378 1234 2415 arbitratus.

250 3056 382 3083 Pon-rum
402 3055 478 3080 11111.
507 3055 549 3080 ΙΙ.
1410 3050 1430 3079 3
