<?xml version="1.0" encoding="UTF-8"?>
<!DOCTYPE html PUBLIC "-//W3C//DTD XHTML 1.0 Transitional//EN"
    "http://www.w3.org/TR/xhtml1/DTD/xhtml1-transitional.dtd">
<html xmlns="http://www.w3.org/1999/xhtml" xml:lang="en" lang="en">
 <head>
  <title>
</title>
<meta http-equiv="Content-Type" content="text/html;charset=utf-8" />
  <meta name='ocr-system' content='tesseract 3.04.00' />
  <meta name='ocr-capabilities' content='ocr_page ocr_carea ocr_par ocr_line ocrx_word'/>
</head>
<body>
  <div class='ocr_page' id='page_1' title='image "./poetaelyricigrae02berguoft_0494.png"; bbox 0 0 1890 3216; ppageno 0'>
   <div class='ocr_carea' id='block_1_1' title="bbox 164 152 1111 220">
    <p class='ocr_par' dir='ltr' id='par_1_1' title="bbox 164 152 1111 220">
     <span class='ocr_line' id='line_1_1' title="bbox 164 152 1111 220; baseline -0.008 0"><span class='ocrx_word' id='word_1_1' title='bbox 164 178 252 220; x_wconf 81' lang='lat'>484</span> <span class='ocrx_word' id='word_1_2' title='bbox 758 152 1111 212; x_wconf 68' lang='lat' dir='ltr'>IAMBOGRAPHI.</span> 
     </span>
    </p>
   </div>
   <div class='ocr_carea' id='block_1_2' title="bbox 901 284 968 327">
    <p class='ocr_par' dir='ltr' id='par_1_2' title="bbox 901 284 968 327">
     <span class='ocr_line' id='line_1_2' title="bbox 901 284 968 327; baseline 0 0"><span class='ocrx_word' id='word_1_3' title='bbox 901 284 968 327; x_wconf 79' lang='lat'>65.</span> 
     </span>
    </p>
   </div>
   <div class='ocr_carea' id='block_1_3' title="bbox 256 365 1184 425">
    <p class='ocr_par' dir='ltr' id='par_1_3' title="bbox 256 365 1184 425">
     <span class='ocr_line' id='line_1_3' title="bbox 256 365 1184 425; baseline -0.003 -13"><span class='ocrx_word' id='word_1_4' title='bbox 256 368 345 412; x_wconf 82' lang='grc' dir='ltr'>Καὶ</span> <span class='ocrx_word' id='word_1_5' title='bbox 378 370 464 412; x_wconf 87' lang='grc' dir='ltr'>νῦν</span> <span class='ocrx_word' id='word_1_6' title='bbox 497 365 650 425; x_wconf 78' lang='grc' dir='ltr'><strong><em>ἆρειᾷς</em></strong></span> <span class='ocrx_word' id='word_1_7' title='bbox 683 365 871 410; x_wconf 85' lang='grc' dir='ltr'><strong><em>σύκινόν</em></strong></span> <span class='ocrx_word' id='word_1_8' title='bbox 904 371 960 422; x_wconf 74' lang='grc' dir='ltr'>με’</span> <span class='ocrx_word' id='word_1_9' title='bbox 988 367 1184 423; x_wconf 78' lang='grc' dir='ltr'><strong><em>ποιῆσαι.</em></strong></span> 
     </span>
    </p>
   </div>
   <div class='ocr_carea' id='block_1_4' title="bbox 242 487 1308 629">
    <p class='ocr_par' dir='ltr' id='par_1_4' title="bbox 242 487 1308 629">
     <span class='ocr_line' id='line_1_4' title="bbox 901 487 970 529; baseline 0 0"><span class='ocrx_word' id='word_1_10' title='bbox 901 487 970 529; x_wconf 82' lang='grc'>66.</span> 
     </span>
     <span class='ocr_line' id='line_1_5' title="bbox 242 567 1308 629; baseline 0 -15"><span class='ocrx_word' id='word_1_11' title='bbox 242 569 463 629; x_wconf 74' lang='grc' dir='ltr'><strong><em>’Έκρωζεν</em></strong></span> <span class='ocrx_word' id='word_1_12' title='bbox 495 568 665 629; x_wconf 77' lang='grc' dir='ltr'><strong><em>(ἐλθὼν</em></strong></span> <span class='ocrx_word' id='word_1_13' title='bbox 699 567 777 626; x_wconf 78' lang='grc' dir='ltr'>ὡς)</span> <span class='ocrx_word' id='word_1_14' title='bbox 809 568 1018 626; x_wconf 81' lang='grc' dir='ltr'><strong><em>κύμινδις</em></strong></span> <span class='ocrx_word' id='word_1_15' title='bbox 1050 570 1093 621; x_wconf 84' lang='grc' dir='ltr'>ἐς</span> <span class='ocrx_word' id='word_1_16' title='bbox 1124 569 1308 628; x_wconf 82' lang='grc' dir='ltr'>λαύρην.</span> 
     </span>
    </p>
   </div>
   <div class='ocr_carea' id='block_1_5' title="bbox 898 690 966 733">
    <p class='ocr_par' dir='ltr' id='par_1_5' title="bbox 898 690 966 733">
     <span class='ocr_line' id='line_1_6' title="bbox 898 690 966 733; baseline 0.015 -1"><span class='ocrx_word' id='word_1_17' title='bbox 898 690 966 733; x_wconf 84' lang='grc'>67.</span> 
     </span>
    </p>
   </div>
   <div class='ocr_carea' id='block_1_6' title="bbox 250 771 1222 833">
    <p class='ocr_par' dir='ltr' id='par_1_6' title="bbox 250 771 1222 833">
     <span class='ocr_line' id='line_1_7' title="bbox 250 771 1222 833; baseline 0 -17"><span class='ocrx_word' id='word_1_18' title='bbox 250 771 324 828; x_wconf 81' lang='grc' dir='ltr'>Ἐν</span> <span class='ocrx_word' id='word_1_19' title='bbox 358 777 562 833; x_wconf 78' lang='grc' dir='ltr'><strong><em>σταθμίῳ</em></strong></span> <span class='ocrx_word' id='word_1_20' title='bbox 595 790 641 816; x_wconf 87' lang='grc' dir='ltr'>τε</span> <span class='ocrx_word' id='word_1_21' title='bbox 672 771 745 816; x_wconf 83' lang='grc' dir='ltr'>καὶ</span> <span class='ocrx_word' id='word_1_22' title='bbox 777 774 1002 832; x_wconf 78' lang='grc' dir='ltr'><em>χαμευνίῳ</em></span> <span class='ocrx_word' id='word_1_23' title='bbox 1034 771 1222 829; x_wconf 78' lang='grc' dir='ltr'><strong><em>γυμνόν.</em></strong></span> 
     </span>
    </p>
   </div>
   <div class='ocr_carea' id='block_1_7' title="bbox 254 893 1701 1033">
    <p class='ocr_par' dir='ltr' id='par_1_7' title="bbox 254 893 1701 1033">
     <span class='ocr_line' id='line_1_8' title="bbox 768 893 1701 947; baseline 0.001 -12"><span class='ocrx_word' id='word_1_24' title='bbox 768 927 771 929; x_wconf 14' lang='lat' dir='ltr'>A</span> <span class='ocrx_word' id='word_1_25' title='bbox 805 893 923 936; x_wconf 84' lang='grc' dir='ltr'>68Α.</span> <span class='ocrx_word' id='word_1_26' title='bbox 959 893 1064 947; x_wconf 69' lang='lat'>[45]</span> <span class='ocrx_word' id='word_1_27' title='bbox 1634 904 1701 938; x_wconf 76' lang='lat'>771</span> 
     </span>
     <span class='ocr_line' id='line_1_9' title="bbox 254 973 1020 1033; baseline -0.001 -13"><span class='ocrx_word' id='word_1_28' title='bbox 254 977 380 1033; x_wconf 82' lang='grc' dir='ltr'>Πρὸς</span> <span class='ocrx_word' id='word_1_29' title='bbox 409 974 461 1020; x_wconf 88' lang='grc' dir='ltr'>τὸ</span> <span class='ocrx_word' id='word_1_30' title='bbox 494 973 715 1020; x_wconf 77' lang='grc' dir='ltr'><strong><em>Σινδικὸν</em></strong></span> <span class='ocrx_word' id='word_1_31' title='bbox 748 974 1020 1032; x_wconf 80' lang='grc' dir='ltr'><strong><em>διάσφαγμα.</em></strong></span> 
     </span>
    </p>
   </div>
   <div class='ocr_carea' id='block_1_8' title="bbox 162 1128 1730 1655">
    <p class='ocr_par' dir='ltr' id='par_1_8' title="bbox 162 1128 1730 1655">
     <span class='ocr_line' id='line_1_10' title="bbox 165 1128 1706 1177; baseline -0.001 -10"><span class='ocrx_word' id='word_1_32' title='bbox 165 1132 214 1168; x_wconf 87' lang='lat' dir='ltr'>Et</span> <span class='ocrx_word' id='word_1_33' title='bbox 238 1131 400 1177; x_wconf 85' lang='lat' dir='ltr'>primum</span> <span class='ocrx_word' id='word_1_34' title='bbox 432 1131 585 1176; x_wconf 88' lang='lat' dir='ltr'>quidem</span> <span class='ocrx_word' id='word_1_35' title='bbox 611 1131 714 1165; x_wconf 78' lang='grc' dir='ltr'><strong><em>πᾶσα</em></strong></span> <span class='ocrx_word' id='word_1_36' title='bbox 741 1142 786 1166; x_wconf 88' lang='lat' dir='ltr'>ex</span> <span class='ocrx_word' id='word_1_37' title='bbox 811 1128 927 1166; x_wconf 78' lang='grc' dir='ltr'><strong><em>πάλιν</em></strong></span> <span class='ocrx_word' id='word_1_38' title='bbox 954 1131 1096 1174; x_wconf 83' lang='grc'>011511111,</span> <span class='ocrx_word' id='word_1_39' title='bbox 1133 1130 1232 1175; x_wconf 89' lang='lat' dir='ltr'>quod</span> <span class='ocrx_word' id='word_1_40' title='bbox 1259 1130 1375 1167; x_wconf 83' lang='lat' dir='ltr'>etiam</span> <span class='ocrx_word' id='word_1_41' title='bbox 1400 1130 1575 1166; x_wconf 89' lang='lat' dir='ltr'>Mcineke</span> <span class='ocrx_word' id='word_1_42' title='bbox 1599 1130 1706 1177; x_wconf 88' lang='lat' dir='ltr'>vidit,</span> 
     </span>
     <span class='ocr_line' id='line_1_11' title="bbox 164 1176 1706 1227; baseline -0.001 -13"><span class='ocrx_word' id='word_1_43' title='bbox 164 1180 291 1224; x_wconf 86' lang='lat' dir='ltr'>itaque</span> <span class='ocrx_word' id='word_1_44' title='bbox 317 1179 448 1215; x_wconf 83' lang='lat' dir='ltr'>abieci.</span> <span class='ocrx_word' id='word_1_45' title='bbox 487 1178 582 1214; x_wconf 88' lang='lat' dir='ltr'>Tum</span> <span class='ocrx_word' id='word_1_46' title='bbox 607 1181 708 1214; x_wconf 88' lang='lat' dir='ltr'>recte</span> <span class='ocrx_word' id='word_1_47' title='bbox 736 1178 999 1214; x_wconf 79' lang='lat' dir='ltr'>Schneidewin</span> <span class='ocrx_word' id='word_1_48' title='bbox 1025 1176 1217 1214; x_wconf 81' lang='grc' dir='ltr'><em>δεσπότεω</em></span> <span class='ocrx_word' id='word_1_49' title='bbox 1245 1179 1383 1227; x_wconf 84' lang='grc' dir='ltr'><em>βεβροῦ</em></span> <span class='ocrx_word' id='word_1_50' title='bbox 1410 1177 1575 1225; x_wconf 75' lang='lat' dir='ltr'><strong>scripsit,</strong></span> <span class='ocrx_word' id='word_1_51' title='bbox 1601 1179 1706 1215; x_wconf 80' lang='lat' dir='ltr'>cuius</span> 
     </span>
     <span class='ocr_line' id='line_1_12' title="bbox 163 1225 1706 1284; baseline -0.001 -21"><span class='ocrx_word' id='word_1_52' title='bbox 163 1227 436 1284; x_wconf 71' lang='lat' dir='ltr'><strong>interpretatio</strong></span> <span class='ocrx_word' id='word_1_53' title='bbox 453 1228 559 1272; x_wconf 62' lang='lat' dir='ltr'>estu</span> <span class='ocrx_word' id='word_1_54' title='bbox 614 1256 621 1263; x_wconf 90' lang='lat'>.</span> <span class='ocrx_word' id='word_1_55' title='bbox 644 1256 651 1263; x_wconf 95' lang='lat'>.</span> <span class='ocrx_word' id='word_1_56' title='bbox 674 1254 681 1261; x_wconf 92' lang='lat'>.</span> <span class='ocrx_word' id='word_1_57' title='bbox 709 1226 765 1271; x_wconf 84' lang='grc' dir='ltr'>οὗ,</span> <span class='ocrx_word' id='word_1_58' title='bbox 792 1226 871 1262; x_wconf 82' lang='lat' dir='ltr'>sive</span> <span class='ocrx_word' id='word_1_59' title='bbox 899 1238 982 1262; x_wconf 90' lang='lat' dir='ltr'>cum</span> <span class='ocrx_word' id='word_1_60' title='bbox 1005 1225 1289 1262; x_wconf 87' lang='lat' dir='ltr'>Schneidewino</span> <span class='ocrx_word' id='word_1_61' title='bbox 1316 1226 1490 1272; x_wconf 84' lang='grc' dir='ltr'><em>ματαίου,</em></span> <span class='ocrx_word' id='word_1_62' title='bbox 1517 1226 1595 1262; x_wconf 76' lang='lat' dir='ltr'>sive</span> <span class='ocrx_word' id='word_1_63' title='bbox 1621 1237 1706 1262; x_wconf 87' lang='lat' dir='ltr'>cum</span> 
     </span>
     <span class='ocr_line' id='line_1_13' title="bbox 164 1239 1706 1332; baseline 0 -22"><span class='ocrx_word' id='word_1_64' title='bbox 164 1275 351 1311; x_wconf 87' lang='lat' dir='ltr'>Meinekio</span> <span class='ocrx_word' id='word_1_65' title='bbox 387 1272 532 1320; x_wconf 77' lang='grc' dir='ltr'><strong><em>μάργον</em></strong></span> <span class='ocrx_word' id='word_1_66' title='bbox 535 1239 726 1320; x_wconf 78' lang='grc' dir='ltr'>μ(μωροῦ)</span> <span class='ocrx_word' id='word_1_67' title='bbox 759 1274 937 1320; x_wconf 85' lang='lat' dir='ltr'>corrigas.</span> <span class='ocrx_word' id='word_1_68' title='bbox 996 1274 1239 1332; x_wconf 86' lang='lat' dir='ltr'>Reliquorum</span> <span class='ocrx_word' id='word_1_69' title='bbox 1272 1274 1485 1310; x_wconf 75' lang='lat' dir='ltr'>emendatio</span> <span class='ocrx_word' id='word_1_70' title='bbox 1518 1285 1594 1310; x_wconf 91' lang='lat' dir='ltr'>non</span> <span class='ocrx_word' id='word_1_71' title='bbox 1627 1285 1706 1310; x_wconf 80' lang='lat' dir='ltr'>suc-</span> 
     </span>
     <span class='ocr_line' id='line_1_14' title="bbox 165 1319 1706 1382; baseline 0 -24"><span class='ocrx_word' id='word_1_72' title='bbox 165 1324 275 1359; x_wconf 75' lang='lat' dir='ltr'>cessit</span> <span class='ocrx_word' id='word_1_73' title='bbox 301 1322 585 1358; x_wconf 82' lang='lat' dir='ltr'>Schneidewino</span> <span class='ocrx_word' id='word_1_74' title='bbox 617 1322 682 1367; x_wconf 86' lang='lat' dir='ltr'>qui</span> <span class='ocrx_word' id='word_1_75' title='bbox 714 1321 863 1368; x_wconf 69' lang='lat' dir='ltr'>scripsit</span> <span class='ocrx_word' id='word_1_76' title='bbox 888 1322 991 1382; x_wconf 82' lang='grc' dir='ltr'>Κῶς,</span> <span class='ocrx_word' id='word_1_77' title='bbox 1019 1319 1274 1382; x_wconf 78' lang='grc' dir='ltr'><strong><em>Ἀθηναγόρη,</em></strong></span> <span class='ocrx_word' id='word_1_78' title='bbox 1312 1319 1457 1377; x_wconf 80' lang='grc' dir='ltr'><strong><em>βάζεις;</em></strong></span> <span class='ocrx_word' id='word_1_79' title='bbox 1487 1322 1595 1368; x_wconf 86' lang='grc' dir='ltr'><strong><em>Κομῆ</em></strong></span> <span class='ocrx_word' id='word_1_80' title='bbox 1623 1333 1706 1358; x_wconf 81' lang='grc' dir='ltr'><strong><em>σκε-</em></strong></span> 
     </span>
     <span class='ocr_line' id='line_1_15' title="bbox 162 1366 1706 1427; baseline 0 -21"><span class='ocrx_word' id='word_1_81' title='bbox 162 1369 284 1416; x_wconf 85' lang='grc' dir='ltr'><strong><em>λιφρέ,</em></strong></span> <span class='ocrx_word' id='word_1_82' title='bbox 311 1369 361 1416; x_wconf 88' lang='grc' dir='ltr'>μή</span> <span class='ocrx_word' id='word_1_83' title='bbox 389 1383 432 1416; x_wconf 85' lang='grc' dir='ltr'>με</span> <span class='ocrx_word' id='word_1_84' title='bbox 461 1371 494 1406; x_wconf 84' lang='grc' dir='ltr'>ὃ.</span> <span class='ocrx_word' id='word_1_85' title='bbox 523 1372 554 1424; x_wconf 88' lang='grc' dir='ltr'>β,</span> <span class='ocrx_word' id='word_1_86' title='bbox 581 1373 624 1413; x_wconf 84' lang='grc' dir='ltr'>λ.,</span> <span class='ocrx_word' id='word_1_87' title='bbox 652 1371 828 1415; x_wconf 81' lang='grc' dir='ltr'><strong><em>λίσσομαί</em></strong></span> <span class='ocrx_word' id='word_1_88' title='bbox 848 1367 884 1405; x_wconf 86' lang='grc' dir='ltr'>σ’</span> <span class='ocrx_word' id='word_1_89' title='bbox 890 1366 992 1415; x_wconf 76' lang='grc' dir='ltr'>,ἐμὲ</span> <span class='ocrx_word' id='word_1_90' title='bbox 1019 1367 1260 1416; x_wconf 73' lang='grc' dir='ltr'><strong><em>ῥαπίζεσθαι,</em></strong></span> <span class='ocrx_word' id='word_1_91' title='bbox 1299 1370 1467 1427; x_wconf 79' lang='lat' dir='ltr'>cogitans</span> <span class='ocrx_word' id='word_1_92' title='bbox 1502 1369 1548 1405; x_wconf 91' lang='lat' dir='ltr'>de</span> <span class='ocrx_word' id='word_1_93' title='bbox 1584 1368 1706 1416; x_wconf 84' lang='lat' dir='ltr'>Ephe-</span> 
     </span>
     <span class='ocr_line' id='line_1_16' title="bbox 164 1412 1730 1477; baseline -0.001 -23"><span class='ocrx_word' id='word_1_94' title='bbox 164 1419 305 1454; x_wconf 84' lang='lat' dir='ltr'>siorum</span> <span class='ocrx_word' id='word_1_95' title='bbox 330 1418 512 1464; x_wconf 72' lang='lat' dir='ltr'>tyrannis,</span> <span class='ocrx_word' id='word_1_96' title='bbox 538 1430 578 1453; x_wconf 86' lang='lat' dir='ltr'>m</span> <span class='ocrx_word' id='word_1_97' title='bbox 604 1418 834 1463; x_wconf 83' lang='lat' dir='ltr'>eandemque</span> <span class='ocrx_word' id='word_1_98' title='bbox 862 1417 1088 1453; x_wconf 83' lang='lat' dir='ltr'>sententiam</span> <span class='ocrx_word' id='word_1_99' title='bbox 1120 1417 1237 1453; x_wconf 87' lang='lat' dir='ltr'>Brink</span> <span class='ocrx_word' id='word_1_100' title='bbox 1269 1418 1377 1477; x_wconf 84' lang='grc' dir='ltr'><strong><em>Κομῆ</em></strong></span> <span class='ocrx_word' id='word_1_101' title='bbox 1415 1414 1459 1453; x_wconf 80' lang='grc' dir='ltr'>σύ</span> <span class='ocrx_word' id='word_1_102' title='bbox 1488 1421 1606 1463; x_wconf 84' lang='grc' dir='ltr'><strong><em>χαῖρε.</em></strong></span> <span class='ocrx_word' id='word_1_103' title='bbox 1656 1412 1730 1453; x_wconf 59' lang='lat' dir='ltr'>At*</span> 
     </span>
     <span class='ocr_line' id='line_1_17' title="bbox 165 1462 1704 1511; baseline -0.001 -9"><span class='ocrx_word' id='word_1_104' title='bbox 165 1467 371 1502; x_wconf 88' lang='lat' dir='ltr'>Minervam</span> <span class='ocrx_word' id='word_1_105' title='bbox 396 1466 611 1502; x_wconf 86' lang='lat' dir='ltr'>invocatam</span> <span class='ocrx_word' id='word_1_106' title='bbox 637 1477 718 1501; x_wconf 85' lang='lat' dir='ltr'>esse</span> <span class='ocrx_word' id='word_1_107' title='bbox 745 1465 942 1501; x_wconf 84' lang='lat' dir='ltr'>confirmat</span> <span class='ocrx_word' id='word_1_108' title='bbox 965 1465 1313 1511; x_wconf 62' lang='grc' dir='ltr'>Η6εγ611.;Μαλίς·</span> <span class='ocrx_word' id='word_1_109' title='bbox 1343 1462 1501 1510; x_wconf 77' lang='grc' dir='ltr'><strong><em>Ἀθηνᾶ·</em></strong></span> <span class='ocrx_word' id='word_1_110' title='bbox 1535 1462 1704 1511; x_wconf 80' lang='grc' dir='ltr'><strong><em>λαπάρα·</em></strong></span> 
     </span>
     <span class='ocr_line' id='line_1_18' title="bbox 166 1509 1707 1560; baseline -0.001 -10"><span class='ocrx_word' id='word_1_111' title='bbox 166 1511 299 1560; x_wconf 81' lang='grc' dir='ltr'><strong><em>αφθα·</em></strong></span> <span class='ocrx_word' id='word_1_112' title='bbox 328 1509 534 1560; x_wconf 76' lang='grc' dir='ltr'>φλεγμονή,</span> <span class='ocrx_word' id='word_1_113' title='bbox 560 1513 626 1549; x_wconf 89' lang='lat' dir='ltr'>ubi</span> <span class='ocrx_word' id='word_1_114' title='bbox 651 1515 693 1549; x_wconf 92' lang='lat' dir='ltr'>ut</span> <span class='ocrx_word' id='word_1_115' title='bbox 717 1513 841 1549; x_wconf 82' lang='lat' dir='ltr'>solent</span> <span class='ocrx_word' id='word_1_116' title='bbox 866 1513 1015 1549; x_wconf 83' lang='lat' dir='ltr'>diversa</span> <span class='ocrx_word' id='word_1_117' title='bbox 1040 1514 1079 1548; x_wconf 90' lang='lat' dir='ltr'>in</span> <span class='ocrx_word' id='word_1_118' title='bbox 1104 1525 1220 1548; x_wconf 89' lang='lat' dir='ltr'>unum</span> <span class='ocrx_word' id='word_1_119' title='bbox 1253 1513 1453 1549; x_wconf 85' lang='lat' dir='ltr'>coniuncta</span> <span class='ocrx_word' id='word_1_120' title='bbox 1487 1513 1582 1548; x_wconf 83' lang='lat' dir='ltr'>sunt.</span> <span class='ocrx_word' id='word_1_121' title='bbox 1633 1513 1707 1549; x_wconf 85' lang='lat' dir='ltr'>Ita-</span> 
     </span>
     <span class='ocr_line' id='line_1_19' title="bbox 164 1558 1704 1607; baseline -0.001 -9"><span class='ocrx_word' id='word_1_122' title='bbox 164 1574 236 1607; x_wconf 87' lang='lat' dir='ltr'>que</span> <span class='ocrx_word' id='word_1_123' title='bbox 257 1561 499 1598; x_wconf 82' lang='lat' dir='ltr'>manifestum</span> <span class='ocrx_word' id='word_1_124' title='bbox 519 1562 578 1597; x_wconf 83' lang='lat' dir='ltr'>est</span> <span class='ocrx_word' id='word_1_125' title='bbox 603 1558 736 1607; x_wconf 75' lang='grc' dir='ltr'><em>ἄθηνᾶ</em></span> <span class='ocrx_word' id='word_1_126' title='bbox 762 1561 974 1597; x_wconf 88' lang='lat' dir='ltr'>tollendum</span> <span class='ocrx_word' id='word_1_127' title='bbox 995 1572 1083 1606; x_wconf 81' lang='lat' dir='ltr'>esse,</span> <span class='ocrx_word' id='word_1_128' title='bbox 1102 1560 1233 1606; x_wconf 90' lang='lat' dir='ltr'>quod</span> <span class='ocrx_word' id='word_1_129' title='bbox 1222 1573 1261 1597; x_wconf 88' lang='lat'>111</span> <span class='ocrx_word' id='word_1_130' title='bbox 1282 1562 1440 1597; x_wconf 87' lang='lat' dir='ltr'>Tzetzae</span> <span class='ocrx_word' id='word_1_131' title='bbox 1459 1561 1556 1597; x_wconf 89' lang='lat' dir='ltr'>libro</span> <span class='ocrx_word' id='word_1_132' title='bbox 1576 1571 1704 1607; x_wconf 82' lang='lat' dir='ltr'>super-</span> 
     </span>
     <span class='ocr_line' id='line_1_20' title="bbox 165 1608 1703 1655; baseline -0.001 -10"><span class='ocrx_word' id='word_1_133' title='bbox 165 1610 336 1645; x_wconf 85' lang='lat' dir='ltr'>additum</span> <span class='ocrx_word' id='word_1_134' title='bbox 362 1609 434 1645; x_wconf 87' lang='lat' dir='ltr'>fuit</span> <span class='ocrx_word' id='word_1_135' title='bbox 459 1609 603 1645; x_wconf 90' lang='lat' dir='ltr'>nomini</span> <span class='ocrx_word' id='word_1_136' title='bbox 629 1610 746 1654; x_wconf 82' lang='grc' dir='ltr'>μαλίς.</span> <span class='ocrx_word' id='word_1_137' title='bbox 797 1609 877 1645; x_wconf 86' lang='lat' dir='ltr'>Iam</span> <span class='ocrx_word' id='word_1_138' title='bbox 904 1609 1073 1655; x_wconf 78' lang='lat' dir='ltr'>sequitur</span> <span class='ocrx_word' id='word_1_139' title='bbox 1104 1609 1254 1645; x_wconf 80' lang='grc' dir='ltr'><strong><em>κονίσκε</em></strong></span> <span class='ocrx_word' id='word_1_140' title='bbox 1281 1608 1442 1654; x_wconf 84' lang='lat' dir='ltr'>Lydium</span> <span class='ocrx_word' id='word_1_141' title='bbox 1466 1608 1703 1652; x_wconf 77' lang='lat' dir='ltr'>vocabulum,</span> 
     </span>
    </p>
   </div>
   <div class='ocr_carea' id='block_1_9' title="bbox 111 1655 1704 1703">
    <p class='ocr_par' dir='ltr' id='par_1_9' title="bbox 111 1655 1704 1703">
     <span class='ocr_line' id='line_1_21' title="bbox 111 1655 1704 1703; baseline -0.001 -11"><span class='ocrx_word' id='word_1_142' title='bbox 111 1700 114 1703; x_wconf 15' lang='grc' dir='ltr'><em>Α</em></span> <span class='ocrx_word' id='word_1_143' title='bbox 165 1658 268 1693; x_wconf 79' lang='lat' dir='ltr'>cuius</span> <span class='ocrx_word' id='word_1_144' title='bbox 286 1657 549 1703; x_wconf 73' lang='lat' dir='ltr'>interpretatio</span> <span class='ocrx_word' id='word_1_145' title='bbox 569 1661 674 1703; x_wconf 79' lang='grc' dir='ltr'><strong><em>χαῖρε</em></strong></span> <span class='ocrx_word' id='word_1_146' title='bbox 696 1656 885 1702; x_wconf 83' lang='lat' dir='ltr'>adscripta</span> <span class='ocrx_word' id='word_1_147' title='bbox 905 1655 1038 1702; x_wconf 85' lang='lat' dir='ltr'>effecit,</span> <span class='ocrx_word' id='word_1_148' title='bbox 1059 1658 1102 1692; x_wconf 91' lang='lat' dir='ltr'>ut</span> <span class='ocrx_word' id='word_1_149' title='bbox 1122 1657 1226 1698; x_wconf 80' lang='grc' dir='ltr'>κονὶς</span> <span class='ocrx_word' id='word_1_150' title='bbox 1245 1660 1394 1703; x_wconf 79' lang='grc' dir='ltr'><strong><em>κελαῖρε</em></strong></span> <span class='ocrx_word' id='word_1_151' title='bbox 1416 1656 1603 1693; x_wconf 78' lang='lat' dir='ltr'>existeret.</span> <span class='ocrx_word' id='word_1_152' title='bbox 1636 1655 1704 1692; x_wconf 82' lang='lat' dir='ltr'>His</span> 
     </span>
    </p>
   </div>
   <div class='ocr_carea' id='block_1_10' title="bbox 163 1703 1707 2995">
    <p class='ocr_par' dir='ltr' id='par_1_10' title="bbox 163 1703 1706 1989">
     <span class='ocr_line' id='line_1_22' title="bbox 165 1703 1706 1752; baseline -0.001 -11"><span class='ocrx_word' id='word_1_153' title='bbox 165 1705 433 1741; x_wconf 80' lang='lat' dir='ltr'>additamentis</span> <span class='ocrx_word' id='word_1_154' title='bbox 454 1703 662 1752; x_wconf 81' lang='lat' dir='ltr'>segregatis</span> <span class='ocrx_word' id='word_1_155' title='bbox 686 1705 725 1739; x_wconf 92' lang='lat' dir='ltr'>in</span> <span class='ocrx_word' id='word_1_156' title='bbox 751 1704 941 1750; x_wconf 86' lang='lat' dir='ltr'>integrum</span> <span class='ocrx_word' id='word_1_157' title='bbox 967 1703 1197 1740; x_wconf 83' lang='lat' dir='ltr'>restituimus</span> <span class='ocrx_word' id='word_1_158' title='bbox 1217 1705 1488 1751; x_wconf 85' lang='lat' dir='ltr'>Hipponactea.</span> <span class='ocrx_word' id='word_1_159' title='bbox 1523 1705 1706 1741; x_wconf 68' lang='lat' dir='ltr'>Ascensus</span> 
     </span>
     <span class='ocr_line' id='line_1_23' title="bbox 166 1744 1705 1835; baseline -0.001 -46"><span class='ocrx_word' id='word_1_160' title='bbox 166 1755 224 1789; x_wconf 84' lang='lat' dir='ltr'>est</span> <span class='ocrx_word' id='word_1_161' title='bbox 246 1754 294 1789; x_wconf 91' lang='lat' dir='ltr'>M.</span> <span class='ocrx_word' id='word_1_162' title='bbox 323 1753 513 1797; x_wconf 84' lang='lat' dir='ltr'>Schmidt,</span> <span class='ocrx_word' id='word_1_163' title='bbox 538 1752 610 1788; x_wconf 85' lang='lat' dir='ltr'>nisi</span> <span class='ocrx_word' id='word_1_164' title='bbox 636 1752 736 1796; x_wconf 86' lang='lat' dir='ltr'>quod</span> <span class='ocrx_word' id='word_1_165' title='bbox 762 1755 884 1798; x_wconf 84' lang='grc' dir='ltr'>Μαλῖ,</span> <span class='ocrx_word' id='word_1_166' title='bbox 917 1753 1089 1788; x_wconf 79' lang='grc' dir='ltr'><strong><em>σκονίσκε</em></strong></span> <span class='ocrx_word' id='word_1_167' title='bbox 1115 1752 1374 1808; x_wconf 28' lang='lat' dir='ltr'>praeoptaveyit</span> <span class='ocrx_word' id='word_1_168' title='bbox 1407 1744 1705 1835; x_wconf 40' lang='lat' dir='ltr'>fortfflrecte.</span> 
     </span>
     <span class='ocr_line' id='line_1_24' title="bbox 165 1799 1705 1855; baseline -0.001 -19"><span class='ocrx_word' id='word_1_169' title='bbox 165 1800 365 1855; x_wconf 87' lang='lat' dir='ltr'>Hipponax</span> <span class='ocrx_word' id='word_1_170' title='bbox 400 1800 548 1836; x_wconf 88' lang='lat' dir='ltr'>videtur</span> <span class='ocrx_word' id='word_1_171' title='bbox 582 1800 675 1835; x_wconf 85' lang='lat' dir='ltr'>alias</span> <span class='ocrx_word' id='word_1_172' title='bbox 712 1811 859 1846; x_wconf 88' lang='lat' dir='ltr'>quoque</span> <span class='ocrx_word' id='word_1_173' title='bbox 896 1799 1015 1844; x_wconf 86' lang='lat' dir='ltr'>Lydia</span> <span class='ocrx_word' id='word_1_174' title='bbox 1050 1801 1236 1836; x_wconf 82' lang='lat' dir='ltr'>vocabula</span> <span class='ocrx_word' id='word_1_175' title='bbox 1274 1801 1348 1836; x_wconf 82' lang='lat' dir='ltr'>suis</span> <span class='ocrx_word' id='word_1_176' title='bbox 1385 1812 1542 1836; x_wconf 73' lang='lat' dir='ltr'>car-mim</span> <span class='ocrx_word' id='word_1_177' title='bbox 1596 1812 1612 1835; x_wconf 78' lang='lat' dir='ltr'>s</span> <span class='ocrx_word' id='word_1_178' title='bbox 1650 1811 1705 1835; x_wconf 89' lang='grc'>111-</span> 
     </span>
     <span class='ocr_line' id='line_1_25' title="bbox 164 1846 1704 1908; baseline -0.001 -24"><span class='ocrx_word' id='word_1_179' title='bbox 164 1847 334 1890; x_wconf 79' lang='lat' dir='ltr'>seruisse,</span> <span class='ocrx_word' id='word_1_180' title='bbox 361 1848 449 1884; x_wconf 88' lang='lat' dir='ltr'>hinc</span> <span class='ocrx_word' id='word_1_181' title='bbox 473 1849 631 1883; x_wconf 83' lang='lat' dir='ltr'>fortasse</span> <span class='ocrx_word' id='word_1_182' title='bbox 658 1859 742 1883; x_wconf 87' lang='lat' dir='ltr'>cum</span> <span class='ocrx_word' id='word_1_183' title='bbox 768 1847 844 1883; x_wconf 86' lang='lat' dir='ltr'>alia</span> <span class='ocrx_word' id='word_1_184' title='bbox 870 1846 1108 1908; x_wconf 83' lang='lat' dir='ltr'>Hesychiana</span> <span class='ocrx_word' id='word_1_185' title='bbox 1133 1848 1255 1893; x_wconf 77' lang='lat' dir='ltr'>petita</span> <span class='ocrx_word' id='word_1_186' title='bbox 1280 1849 1376 1894; x_wconf 82' lang='lat' dir='ltr'>sunt,</span> <span class='ocrx_word' id='word_1_187' title='bbox 1401 1850 1483 1883; x_wconf 87' lang='lat' dir='ltr'>tum</span> <span class='ocrx_word' id='word_1_188' title='bbox 1508 1847 1579 1883; x_wconf 85' lang='lat' dir='ltr'>hae</span> <span class='ocrx_word' id='word_1_189' title='bbox 1605 1847 1704 1904; x_wconf 76' lang='lat' dir='ltr'>glos-</span> 
     </span>
     <span class='ocr_line' id='line_1_26' title="bbox 165 1892 1704 1941; baseline -0.001 -10"><span class='ocrx_word' id='word_1_190' title='bbox 165 1907 244 1932; x_wconf 78' lang='lat' dir='ltr'>sae:</span> <span class='ocrx_word' id='word_1_191' title='bbox 280 1893 403 1931; x_wconf 78' lang='grc' dir='ltr'><strong><em>Βάσκε</em></strong></span> <span class='ocrx_word' id='word_1_192' title='bbox 441 1893 632 1941; x_wconf 78' lang='grc' dir='ltr'><strong><em>πικρολὲα.</em></strong></span> <span class='ocrx_word' id='word_1_193' title='bbox 668 1897 824 1941; x_wconf 81' lang='grc' dir='ltr'><strong><em>πλησίον</em></strong></span> <span class='ocrx_word' id='word_1_194' title='bbox 863 1892 1057 1938; x_wconf 77' lang='grc' dir='ltr'><strong><em>ἐξεθόαζε.</em></strong></span> <span class='ocrx_word' id='word_1_195' title='bbox 1109 1896 1280 1941; x_wconf 80' lang='grc' dir='ltr'><strong><em>Λυδιστί,</em></strong></span> <span class='ocrx_word' id='word_1_196' title='bbox 1312 1895 1351 1932; x_wconf 90' lang='grc'>615</span> <span class='ocrx_word' id='word_1_197' title='bbox 1385 1896 1704 1941; x_wconf 81' lang='grc' dir='ltr'><strong><em>Βαστιζακρολεα’</em></strong></span> 
     </span>
     <span class='ocr_line' id='line_1_27' title="bbox 163 1942 661 1989; baseline -0.002 -10"><span class='ocrx_word' id='word_1_198' title='bbox 163 1944 311 1979; x_wconf 80' lang='grc' dir='ltr'><em>θᾶσσον</em></span> <span class='ocrx_word' id='word_1_199' title='bbox 340 1942 360 1979; x_wconf 72' lang='grc' dir='ltr'><em>ἕ</em></span> <span class='ocrx_word' id='word_1_200' title='bbox 360 1955 467 1989; x_wconf 88' lang='grc' dir='ltr'><strong><em>ρ·χου</em></strong></span> <span class='ocrx_word' id='word_1_201' title='bbox 495 1944 661 1979; x_wconf 79' lang='grc' dir='ltr'><strong><em>Λυδιστί.</em></strong></span> 
     </span>
    </p>

    <p class='ocr_par' dir='ltr' id='par_1_11' title="bbox 164 1986 1706 2314">
     <span class='ocr_line' id='line_1_28' title="bbox 260 1986 1704 2050; baseline -0.001 -24"><span class='ocrx_word' id='word_1_202' title='bbox 260 1991 318 2028; x_wconf 83' lang='lat' dir='ltr'>Fr.</span> <span class='ocrx_word' id='word_1_203' title='bbox 352 1995 407 2028; x_wconf 87' lang='grc'>65</span> <span class='ocrx_word' id='word_1_204' title='bbox 458 1991 516 2026; x_wconf 87' lang='lat' dir='ltr'>Et.</span> <span class='ocrx_word' id='word_1_205' title='bbox 549 1991 596 2026; x_wconf 92' lang='lat' dir='ltr'>M.</span> <span class='ocrx_word' id='word_1_206' title='bbox 633 1995 719 2050; x_wconf 72' lang='lat' dir='ltr'><strong>l3‚9’</strong></span> <span class='ocrx_word' id='word_1_207' title='bbox 755 1995 799 2026; x_wconf 87' lang='grc'>36</span> <span class='ocrx_word' id='word_1_208' title='bbox 841 1992 918 2026; x_wconf 87' lang='lat' dir='ltr'>not.</span> <span class='ocrx_word' id='word_1_209' title='bbox 952 1990 1046 2048; x_wconf 88' lang='lat' dir='ltr'>(cod</span> <span class='ocrx_word' id='word_1_210' title='bbox 1080 1990 1169 2035; x_wconf 80' lang='lat' dir='ltr'>Va).</span> <span class='ocrx_word' id='word_1_211' title='bbox 1211 1988 1286 2026; x_wconf 78' lang='grc' dir='ltr'><strong><em>ἔστι</em></strong></span> <span class='ocrx_word' id='word_1_212' title='bbox 1325 1988 1368 2026; x_wconf 78' lang='grc' dir='ltr'>δὲ</span> <span class='ocrx_word' id='word_1_213' title='bbox 1407 1990 1470 2025; x_wconf 81' lang='grc' dir='ltr'>καὶ</span> <span class='ocrx_word' id='word_1_214' title='bbox 1508 1986 1624 2048; x_wconf 75' lang='grc' dir='ltr'><strong><em>ἄρειῶ</em></strong></span> <span class='ocrx_word' id='word_1_215' title='bbox 1662 1987 1704 2026; x_wconf 84' lang='grc' dir='ltr'>τὸ</span> 
     </span>
     <span class='ocr_line' id='line_1_29' title="bbox 164 2034 1707 2095; baseline -0.001 -21"><span class='ocrx_word' id='word_1_216' title='bbox 164 2036 320 2083; x_wconf 69' lang='grc' dir='ltr'>ἀπειλῶ,</span> <span class='ocrx_word' id='word_1_217' title='bbox 345 2035 489 2088; x_wconf 77' lang='grc' dir='ltr'>ἆρειᾷς,</span> <span class='ocrx_word' id='word_1_218' title='bbox 516 2035 566 2079; x_wconf 76' lang='grc' dir='ltr'>ὡς</span> <span class='ocrx_word' id='word_1_219' title='bbox 591 2036 683 2084; x_wconf 84' lang='grc' dir='ltr'><strong><em>παρ’</em></strong></span> <span class='ocrx_word' id='word_1_220' title='bbox 699 2036 953 2074; x_wconf 65' lang='lat' dir='ltr'>flmmvocun·</span> <span class='ocrx_word' id='word_1_221' title='bbox 981 2035 1115 2094; x_wconf 76' lang='grc' dir='ltr'><strong><em>ἄρειᾷς</em></strong></span> <span class='ocrx_word' id='word_1_222' title='bbox 1139 2049 1170 2075; x_wconf 90' lang='grc' dir='ltr'>σ.</span> <span class='ocrx_word' id='word_1_223' title='bbox 1184 2052 1232 2095; x_wconf 87' lang='grc' dir='ltr'>μ.</span> <span class='ocrx_word' id='word_1_224' title='bbox 1255 2051 1292 2074; x_wconf 86' lang='grc' dir='ltr'>π.</span> <span class='ocrx_word' id='word_1_225' title='bbox 1320 2034 1405 2074; x_wconf 82' lang='grc' dir='ltr'><strong><em>ἆντὶ</em></strong></span> <span class='ocrx_word' id='word_1_226' title='bbox 1429 2038 1496 2074; x_wconf 81' lang='grc' dir='ltr'>τοῦ</span> <span class='ocrx_word' id='word_1_227' title='bbox 1525 2035 1707 2079; x_wconf 74' lang='grc' dir='ltr'><strong><em>ἀπειλεῖς.</em></strong></span> 
     </span>
     <span class='ocr_line' id='line_1_30' title="bbox 165 2082 1704 2132; baseline -0.001 -10"><span class='ocrx_word' id='word_1_228' title='bbox 165 2087 321 2122; x_wconf 81' lang='lat' dir='ltr'>Auctius</span> <span class='ocrx_word' id='word_1_229' title='bbox 348 2087 427 2123; x_wconf 87' lang='lat' dir='ltr'>cod.</span> <span class='ocrx_word' id='word_1_230' title='bbox 454 2087 553 2123; x_wconf 88' lang='lat' dir='ltr'>Flor.</span> <span class='ocrx_word' id='word_1_231' title='bbox 586 2087 711 2122; x_wconf 90' lang='lat' dir='ltr'>Miller</span> <span class='ocrx_word' id='word_1_232' title='bbox 742 2086 846 2122; x_wconf 86' lang='lat' dir='ltr'>Misc.</span> <span class='ocrx_word' id='word_1_233' title='bbox 873 2090 936 2122; x_wconf 83' lang='lat'>41:</span> <span class='ocrx_word' id='word_1_234' title='bbox 972 2085 1037 2121; x_wconf 79' lang='grc' dir='ltr'>καὶ</span> <span class='ocrx_word' id='word_1_235' title='bbox 1068 2086 1139 2121; x_wconf 80' lang='grc' dir='ltr'>νῦν</span> <span class='ocrx_word' id='word_1_236' title='bbox 1172 2082 1287 2132; x_wconf 78' lang='grc' dir='ltr'><strong><em>ἄρειῶ</em></strong></span> <span class='ocrx_word' id='word_1_237' title='bbox 1321 2098 1351 2122; x_wconf 94' lang='grc' dir='ltr'>σ.</span> <span class='ocrx_word' id='word_1_238' title='bbox 1380 2099 1416 2131; x_wconf 89' lang='grc' dir='ltr'>μ.</span> <span class='ocrx_word' id='word_1_239' title='bbox 1443 2098 1480 2121; x_wconf 83' lang='grc' dir='ltr'>π.</span> <span class='ocrx_word' id='word_1_240' title='bbox 1514 2084 1704 2121; x_wconf 80' lang='grc' dir='ltr'><strong><em>τουτέστιν</em></strong></span> 
     </span>
     <span class='ocr_line' id='line_1_31' title="bbox 165 2131 1706 2180; baseline -0.001 -10"><span class='ocrx_word' id='word_1_241' title='bbox 165 2132 326 2170; x_wconf 80' lang='grc' dir='ltr'><strong><em>ἀπειλεῖ.</em></strong></span> <span class='ocrx_word' id='word_1_242' title='bbox 375 2134 501 2170; x_wconf 85' lang='grc' dir='ltr'>Μ11161·</span> <span class='ocrx_word' id='word_1_243' title='bbox 531 2134 571 2169; x_wconf 82' lang='grc'>111</span> <span class='ocrx_word' id='word_1_244' title='bbox 603 2134 698 2171; x_wconf 86' lang='lat' dir='ltr'>Add.</span> <span class='ocrx_word' id='word_1_245' title='bbox 734 2131 849 2180; x_wconf 76' lang='grc' dir='ltr'><strong><em>ἄρειῶ</em></strong></span> <span class='ocrx_word' id='word_1_246' title='bbox 887 2135 1014 2170; x_wconf 87' lang='lat' dir='ltr'>tuetur</span> <span class='ocrx_word' id='word_1_247' title='bbox 1047 2135 1226 2179; x_wconf 84' lang='lat' dir='ltr'>tanquam</span> <span class='ocrx_word' id='word_1_248' title='bbox 1264 2133 1428 2169; x_wconf 85' lang='lat' dir='ltr'>medium</span> <span class='ocrx_word' id='word_1_249' title='bbox 1460 2134 1631 2178; x_wconf 87' lang='lat' dir='ltr'>verbum,</span> <span class='ocrx_word' id='word_1_250' title='bbox 1665 2135 1706 2169; x_wconf 81' lang='lat' dir='ltr'>at</span> 
     </span>
     <span class='ocr_line' id='line_1_32' title="bbox 164 2162 1704 2239; baseline -0.001 -21"><span class='ocrx_word' id='word_1_251' title='bbox 164 2184 254 2218; x_wconf 91' lang='lat' dir='ltr'>tunc</span> <span class='ocrx_word' id='word_1_252' title='bbox 280 2179 391 2231; x_wconf 77' lang='grc' dir='ltr'><strong><em>ἄρειᾷ</em></strong></span> <span class='ocrx_word' id='word_1_253' title='bbox 420 2182 491 2218; x_wconf 86' lang='lat' dir='ltr'>erit</span> <span class='ocrx_word' id='word_1_254' title='bbox 515 2181 760 2218; x_wconf 80' lang='lat' dir='ltr'>scribendum.</span> <span class='ocrx_word' id='word_1_255' title='bbox 804 2182 1030 2221; x_wconf 84' lang='lat' dir='ltr'>Hexameter</span> <span class='ocrx_word' id='word_1_256' title='bbox 1041 2182 1120 2239; x_wconf 89' lang='lat' dir='ltr'>qui</span> <span class='ocrx_word' id='word_1_257' title='bbox 1145 2181 1200 2217; x_wconf 92' lang='lat' dir='ltr'>ibi</span> <span class='ocrx_word' id='word_1_258' title='bbox 1225 2181 1365 2228; x_wconf 89' lang='lat' dir='ltr'>legitur</span> <span class='ocrx_word' id='word_1_259' title='bbox 1390 2181 1444 2218; x_wconf 83' lang='lat' dir='ltr'>ita</span> <span class='ocrx_word' id='word_1_260' title='bbox 1470 2162 1704 2218; x_wconf 81' lang='lat' dir='ltr'>scribendus.</span> 
     </span>
     <span class='ocr_line' id='line_1_33' title="bbox 166 2226 1704 2276; baseline 0 -12"><span class='ocrx_word' id='word_1_261' title='bbox 166 2228 308 2275; x_wconf 82' lang='grc' dir='ltr'><strong><em>Χήτει</em></strong></span> <span class='ocrx_word' id='word_1_262' title='bbox 334 2243 377 2266; x_wconf 79' lang='grc' dir='ltr'>τε</span> <span class='ocrx_word' id='word_1_263' title='bbox 405 2229 599 2276; x_wconf 80' lang='grc' dir='ltr'><strong><em>πρινὲης</em></strong></span> <span class='ocrx_word' id='word_1_264' title='bbox 624 2226 735 2276; x_wconf 77' lang='grc' dir='ltr'>ἄριάς</span> <span class='ocrx_word' id='word_1_265' title='bbox 759 2227 979 2276; x_wconf 78' lang='grc' dir='ltr'><em>ποιούμεθα</em></span> <span class='ocrx_word' id='word_1_266' title='bbox 1005 2227 1194 2275; x_wconf 77' lang='grc' dir='ltr'>γόμφους,</span> <span class='ocrx_word' id='word_1_267' title='bbox 1226 2229 1291 2265; x_wconf 86' lang='lat' dir='ltr'>ubi</span> <span class='ocrx_word' id='word_1_268' title='bbox 1317 2228 1452 2275; x_wconf 82' lang='grc' dir='ltr'><strong><em>πρινέη</em></strong></span> <span class='ocrx_word' id='word_1_269' title='bbox 1478 2229 1577 2265; x_wconf 85' lang='lat' dir='ltr'>idem</span> <span class='ocrx_word' id='word_1_270' title='bbox 1603 2229 1704 2274; x_wconf 88' lang='lat' dir='ltr'>quod</span> 
     </span>
     <span class='ocr_line' id='line_1_34' title="bbox 165 2283 275 2314; baseline 0.009 -1"><span class='ocrx_word' id='word_1_271' title='bbox 165 2291 192 2313; x_wconf 86' lang='grc' dir='ltr'>π</span> <span class='ocrx_word' id='word_1_272' title='bbox 217 2283 275 2314; x_wconf 84' lang='grc' dir='ltr'>ἵνο</span> 
     </span>
    </p>

    <p class='ocr_par' dir='ltr' id='par_1_12' title="bbox 166 2291 1704 2658">
     <span class='ocr_line' id='line_1_35' title="bbox 195 2291 1704 2384; baseline -0.001 -24"><span class='ocrx_word' id='word_1_273' title='bbox 195 2291 214 2323; x_wconf 69' lang='grc' dir='ltr'><strong><em>ρ</em></strong></span> <span class='ocrx_word' id='word_1_274' title='bbox 261 2291 318 2361; x_wconf 47' lang='lat' dir='ltr'>Fgr</span> <span class='ocrx_word' id='word_1_275' title='bbox 346 2330 401 2361; x_wconf 91' lang='grc'>66.</span> <span class='ocrx_word' id='word_1_276' title='bbox 453 2326 511 2363; x_wconf 87' lang='lat' dir='ltr'>Et.</span> <span class='ocrx_word' id='word_1_277' title='bbox 539 2326 588 2360; x_wconf 94' lang='lat' dir='ltr'>M.</span> <span class='ocrx_word' id='word_1_278' title='bbox 610 2329 691 2370; x_wconf 84' lang='grc'>615,</span> <span class='ocrx_word' id='word_1_279' title='bbox 713 2329 774 2361; x_wconf 88' lang='lat'>15:</span> <span class='ocrx_word' id='word_1_280' title='bbox 801 2323 965 2384; x_wconf 81' lang='grc' dir='ltr'><strong><em>λαύρην</em></strong></span> <span class='ocrx_word' id='word_1_281' title='bbox 973 2323 1015 2361; x_wconf 78' lang='grc' dir='ltr'>δὲ</span> <span class='ocrx_word' id='word_1_282' title='bbox 1039 2323 1240 2368; x_wconf 80' lang='grc' dir='ltr'><strong><em>Φιλόξενος</em></strong></span> <span class='ocrx_word' id='word_1_283' title='bbox 1264 2322 1333 2370; x_wconf 85' lang='grc' dir='ltr'>τὴν</span> <span class='ocrx_word' id='word_1_284' title='bbox 1360 2322 1482 2371; x_wconf 86' lang='grc' dir='ltr'><strong><em>ρύμην</em></strong></span> <span class='ocrx_word' id='word_1_285' title='bbox 1508 2325 1617 2383; x_wconf 58' lang='grc' dir='ltr'>φησί,</span> <span class='ocrx_word' id='word_1_286' title='bbox 1638 2323 1704 2360; x_wconf 76' lang='grc' dir='ltr'>καὶ</span> 
     </span>
     <span class='ocr_line' id='line_1_36' title="bbox 167 2368 1702 2430; baseline -0.001 -22"><span class='ocrx_word' id='word_1_287' title='bbox 167 2371 266 2414; x_wconf 75' lang='grc' dir='ltr'><strong><em>τινὲς</em></strong></span> <span class='ocrx_word' id='word_1_288' title='bbox 291 2372 377 2430; x_wconf 73' lang='grc' dir='ltr'>μὲν</span> <span class='ocrx_word' id='word_1_289' title='bbox 387 2370 482 2409; x_wconf 82' lang='grc' dir='ltr'><strong><em>ὁδὸν</em></strong></span> <span class='ocrx_word' id='word_1_290' title='bbox 508 2370 725 2418; x_wconf 79' lang='grc' dir='ltr'>απέδωκαν,</span> <span class='ocrx_word' id='word_1_291' title='bbox 746 2371 845 2414; x_wconf 74' lang='grc' dir='ltr'><strong><em>τινὲς</em></strong></span> <span class='ocrx_word' id='word_1_292' title='bbox 865 2372 907 2409; x_wconf 77' lang='grc' dir='ltr'>δὲ</span> <span class='ocrx_word' id='word_1_293' title='bbox 927 2370 995 2408; x_wconf 87' lang='grc' dir='ltr'>τὸν</span> <span class='ocrx_word' id='word_1_294' title='bbox 1015 2386 1207 2419; x_wconf 83' lang='grc' dir='ltr'>κοπρωνα,</span> <span class='ocrx_word' id='word_1_295' title='bbox 1227 2386 1277 2414; x_wconf 84' lang='grc' dir='ltr'>ως</span> <span class='ocrx_word' id='word_1_296' title='bbox 1296 2371 1496 2415; x_wconf 78' lang='grc' dir='ltr'>Ιππῶναξ.</span> <span class='ocrx_word' id='word_1_297' title='bbox 1523 2374 1588 2416; x_wconf 88' lang='grc' dir='ltr'>(ως</span> <span class='ocrx_word' id='word_1_298' title='bbox 1607 2368 1702 2407; x_wconf 80' lang='grc' dir='ltr'>Ἱππ.</span> 
     </span>
     <span class='ocr_line' id='line_1_37' title="bbox 168 2402 1702 2478; baseline 0 -22"><span class='ocrx_word' id='word_1_299' title='bbox 168 2432 239 2456; x_wconf 84' lang='grc'>6111.</span> <span class='ocrx_word' id='word_1_300' title='bbox 260 2421 327 2466; x_wconf 89' lang='lat' dir='ltr'>Va,</span> <span class='ocrx_word' id='word_1_301' title='bbox 354 2418 403 2462; x_wconf 84' lang='grc' dir='ltr'>ὡς</span> <span class='ocrx_word' id='word_1_302' title='bbox 428 2421 472 2456; x_wconf 90' lang='lat' dir='ltr'>ut</span> <span class='ocrx_word' id='word_1_303' title='bbox 497 2421 570 2457; x_wconf 88' lang='lat' dir='ltr'>vid.</span> <span class='ocrx_word' id='word_1_304' title='bbox 592 2421 655 2467; x_wconf 89' lang='lat' dir='ltr'>M.)</span> <span class='ocrx_word' id='word_1_305' title='bbox 694 2402 915 2456; x_wconf 66' lang='lat' dir='ltr'>V’Velckerus</span> <span class='ocrx_word' id='word_1_306' title='bbox 933 2420 1224 2478; x_wconf 87' lang='lat' dir='ltr'>grammaticum</span> <span class='ocrx_word' id='word_1_307' title='bbox 1243 2420 1317 2456; x_wconf 84' lang='lat' dir='ltr'>dici</span> <span class='ocrx_word' id='word_1_308' title='bbox 1343 2420 1531 2466; x_wconf 82' lang='lat' dir='ltr'>censebat,</span> <span class='ocrx_word' id='word_1_309' title='bbox 1551 2419 1702 2456; x_wconf 84' lang='lat' dir='ltr'>Schnei-</span> 
     </span>
     <span class='ocr_line' id='line_1_38' title="bbox 167 2448 1702 2515; baseline 0 -12"><span class='ocrx_word' id='word_1_310' title='bbox 167 2469 289 2504; x_wconf 88' lang='lat' dir='ltr'>dewin</span> <span class='ocrx_word' id='word_1_311' title='bbox 313 2450 643 2515; x_wconf 82' lang='lat' dir='ltr'>iambographum,</span> <span class='ocrx_word' id='word_1_312' title='bbox 669 2468 735 2512; x_wconf 89' lang='lat' dir='ltr'>qui</span> <span class='ocrx_word' id='word_1_313' title='bbox 760 2467 896 2504; x_wconf 87' lang='lat' dir='ltr'>dixerit</span> <span class='ocrx_word' id='word_1_314' title='bbox 921 2466 1218 2514; x_wconf 81' lang='grc' dir='ltr'><strong><em>σποὸησιλαύρη,</em></strong></span> <span class='ocrx_word' id='word_1_315' title='bbox 1245 2448 1559 2514; x_wconf 82' lang='lat' dir='ltr'>quemadmodum</span> <span class='ocrx_word' id='word_1_316' title='bbox 1583 2478 1702 2503; x_wconf 83' lang='lat' dir='ltr'>mere-</span> 
     </span>
     <span class='ocr_line' id='line_1_39' title="bbox 166 2515 1702 2572; baseline -0.001 -20"><span class='ocrx_word' id='word_1_317' title='bbox 166 2517 278 2552; x_wconf 85' lang='lat' dir='ltr'>trices</span> <span class='ocrx_word' id='word_1_318' title='bbox 303 2517 422 2553; x_wconf 81' lang='lat' dir='ltr'>dictas</span> <span class='ocrx_word' id='word_1_319' title='bbox 454 2528 534 2552; x_wconf 83' lang='lat' dir='ltr'>esse</span> <span class='ocrx_word' id='word_1_320' title='bbox 566 2517 728 2552; x_wconf 83' lang='lat' dir='ltr'>testatur</span> <span class='ocrx_word' id='word_1_321' title='bbox 752 2515 856 2552; x_wconf 85' lang='lat' dir='ltr'>Eust.</span> <span class='ocrx_word' id='word_1_322' title='bbox 886 2520 995 2561; x_wconf 81' lang='lat'>1921,</span> <span class='ocrx_word' id='word_1_323' title='bbox 1023 2519 1078 2551; x_wconf 89' lang='lat'>55.</span> <span class='ocrx_word' id='word_1_324' title='bbox 1128 2515 1260 2552; x_wconf 81' lang='lat' dir='ltr'>Falsus</span> <span class='ocrx_word' id='word_1_325' title='bbox 1291 2517 1446 2561; x_wconf 84' lang='lat' dir='ltr'>uterque</span> <span class='ocrx_word' id='word_1_326' title='bbox 1471 2515 1530 2551; x_wconf 88' lang='lat' dir='ltr'>vir</span> <span class='ocrx_word' id='word_1_327' title='bbox 1560 2515 1702 2572; x_wconf 79' lang='lat' dir='ltr'>doctus,</span> 
     </span>
     <span class='ocr_line' id='line_1_40' title="bbox 169 2559 1700 2617; baseline 0 -19"><span class='ocrx_word' id='word_1_328' title='bbox 169 2576 254 2599; x_wconf 87' lang='lat' dir='ltr'>nam</span> <span class='ocrx_word' id='word_1_329' title='bbox 282 2565 360 2601; x_wconf 93' lang='lat' dir='ltr'>cod</span> <span class='ocrx_word' id='word_1_330' title='bbox 388 2565 484 2601; x_wconf 87' lang='lat' dir='ltr'>Flor.</span> <span class='ocrx_word' id='word_1_331' title='bbox 511 2563 637 2599; x_wconf 87' lang='lat' dir='ltr'>Miller</span> <span class='ocrx_word' id='word_1_332' title='bbox 660 2563 764 2599; x_wconf 81' lang='lat' dir='ltr'>Misc.</span> <span class='ocrx_word' id='word_1_333' title='bbox 791 2568 857 2599; x_wconf 84' lang='lat'>231</span> <span class='ocrx_word' id='word_1_334' title='bbox 893 2563 998 2599; x_wconf 85' lang='lat' dir='ltr'>addit</span> <span class='ocrx_word' id='word_1_335' title='bbox 1029 2563 1347 2609; x_wconf 87' lang='lat' dir='ltr'>Hipponactenm·</span> <span class='ocrx_word' id='word_1_336' title='bbox 1381 2562 1543 2609; x_wconf 80' lang='grc' dir='ltr'><strong><em>ἔκρωζεν</em></strong></span> <span class='ocrx_word' id='word_1_337' title='bbox 1573 2559 1700 2617; x_wconf 81' lang='grc' dir='ltr'><strong><em>κύμιν-</em></strong></span> 
     </span>
     <span class='ocr_line' id='line_1_41' title="bbox 167 2609 1701 2671; baseline -0.001 -24"><span class='ocrx_word' id='word_1_338' title='bbox 167 2613 225 2652; x_wconf 77' lang='grc' dir='ltr'>δις</span> <span class='ocrx_word' id='word_1_339' title='bbox 251 2609 289 2652; x_wconf 79' lang='grc' dir='ltr'>ἐς</span> <span class='ocrx_word' id='word_1_340' title='bbox 314 2609 477 2658; x_wconf 84' lang='grc' dir='ltr'>λαύρην,</span> <span class='ocrx_word' id='word_1_341' title='bbox 504 2623 615 2656; x_wconf 89' lang='lat' dir='ltr'>quem</span> <span class='ocrx_word' id='word_1_342' title='bbox 642 2623 790 2647; x_wconf 84' lang='lat' dir='ltr'>versum</span> <span class='ocrx_word' id='word_1_343' title='bbox 816 2610 1061 2658; x_wconf 84' lang='lat' dir='ltr'>probabiliter</span> <span class='ocrx_word' id='word_1_344' title='bbox 1091 2610 1185 2646; x_wconf 92' lang='lat' dir='ltr'>mihi</span> <span class='ocrx_word' id='word_1_345' title='bbox 1215 2611 1346 2647; x_wconf 86' lang='lat' dir='ltr'>videor</span> <span class='ocrx_word' id='word_1_346' title='bbox 1374 2611 1701 2671; x_wconf 75' lang='lat' dir='ltr'>redintegramse</span> 
     </span>
    </p>

    <p class='ocr_par' dir='ltr' id='par_1_13' title="bbox 167 2655 1701 2847">
     <span class='ocr_line' id='line_1_42' title="bbox 263 2655 1701 2705; baseline -0.001 -11"><span class='ocrx_word' id='word_1_347' title='bbox 263 2660 320 2694; x_wconf 78' lang='lat' dir='ltr'>Fr.</span> <span class='ocrx_word' id='word_1_348' title='bbox 348 2664 404 2695; x_wconf 83' lang='grc'>67.</span> <span class='ocrx_word' id='word_1_349' title='bbox 455 2660 580 2695; x_wconf 89' lang='lat' dir='ltr'>Miller</span> <span class='ocrx_word' id='word_1_350' title='bbox 605 2659 707 2695; x_wconf 84' lang='lat' dir='ltr'>Misc.</span> <span class='ocrx_word' id='word_1_351' title='bbox 735 2663 803 2695; x_wconf 81' lang='lat'>367</span> <span class='ocrx_word' id='word_1_352' title='bbox 831 2671 876 2695; x_wconf 87' lang='lat' dir='ltr'>ex</span> <span class='ocrx_word' id='word_1_353' title='bbox 901 2656 1335 2704; x_wconf 64' lang='grc' dir='ltr'>Ει.1ἰοτ.χαμεύνιον-</span> <span class='ocrx_word' id='word_1_354' title='bbox 1371 2655 1433 2694; x_wconf 79' lang='grc' dir='ltr'>ἐπὶ</span> <span class='ocrx_word' id='word_1_355' title='bbox 1466 2658 1534 2694; x_wconf 72' lang='grc' dir='ltr'>τοῦ</span> <span class='ocrx_word' id='word_1_356' title='bbox 1559 2658 1701 2705; x_wconf 78' lang='grc' dir='ltr'><strong><em>κραβα-</em></strong></span> 
     </span>
     <span class='ocr_line' id='line_1_43' title="bbox 167 2704 1701 2764; baseline -0.001 -22"><span class='ocrx_word' id='word_1_357' title='bbox 167 2708 247 2742; x_wconf 89' lang='grc' dir='ltr'><strong><em>τίου</em></strong></span> <span class='ocrx_word' id='word_1_358' title='bbox 283 2706 476 2743; x_wconf 81' lang='grc' dir='ltr'><strong><em>τάσσεται·</em></strong></span> <span class='ocrx_word' id='word_1_359' title='bbox 504 2704 708 2750; x_wconf 79' lang='grc' dir='ltr'>Ιππώναξ·</span> <span class='ocrx_word' id='word_1_360' title='bbox 743 2704 784 2742; x_wconf 78' lang='grc' dir='ltr'>ἐν</span> <span class='ocrx_word' id='word_1_361' title='bbox 816 2720 887 2755; x_wconf 82' lang='grc' dir='ltr'><strong><em>μιῳ</em></strong></span> <span class='ocrx_word' id='word_1_362' title='bbox 919 2719 957 2742; x_wconf 82' lang='grc' dir='ltr'>τε</span> <span class='ocrx_word' id='word_1_363' title='bbox 985 2720 1018 2742; x_wconf 77' lang='lat' dir='ltr'>u.</span> <span class='ocrx_word' id='word_1_364' title='bbox 1044 2720 1076 2752; x_wconf 84' lang='grc' dir='ltr'>χ.</span> <span class='ocrx_word' id='word_1_365' title='bbox 1102 2719 1146 2764; x_wconf 71' lang='lat' dir='ltr'>y.</span> <span class='ocrx_word' id='word_1_366' title='bbox 1162 2708 1202 2742; x_wconf 84' lang='lat' dir='ltr'>et</span> <span class='ocrx_word' id='word_1_367' title='bbox 1225 2718 1352 2742; x_wconf 82' lang='lat' dir='ltr'>rursus</span> <span class='ocrx_word' id='word_1_368' title='bbox 1377 2710 1446 2742; x_wconf 86' lang='lat'>403</span> <span class='ocrx_word' id='word_1_369' title='bbox 1472 2717 1518 2742; x_wconf 87' lang='lat' dir='ltr'>ex</span> <span class='ocrx_word' id='word_1_370' title='bbox 1541 2705 1701 2750; x_wconf 83' lang='lat' dir='ltr'>Didymo</span> 
     </span>
     <span class='ocr_line' id='line_1_44' title="bbox 168 2750 1699 2814; baseline -0.001 -24"><span class='ocrx_word' id='word_1_371' title='bbox 168 2754 390 2800; x_wconf 82' lang='grc' dir='ltr'><strong><em>χαμεύνιον,</em></strong></span> <span class='ocrx_word' id='word_1_372' title='bbox 416 2753 672 2809; x_wconf 79' lang='grc' dir='ltr'><strong><em>κραββάτιον,</em></strong></span> <span class='ocrx_word' id='word_1_373' title='bbox 704 2751 884 2814; x_wconf 78' lang='grc' dir='ltr'><strong><em>καθαπερ</em></strong></span> <span class='ocrx_word' id='word_1_374' title='bbox 917 2754 982 2790; x_wconf 81' lang='grc' dir='ltr'>καὶ</span> <span class='ocrx_word' id='word_1_375' title='bbox 1013 2767 1116 2800; x_wconf 84' lang='grc' dir='ltr'><strong><em>παρα</em></strong></span> <span class='ocrx_word' id='word_1_376' title='bbox 1137 2750 1380 2789; x_wconf 78' lang='grc' dir='ltr'><strong><em>Ἱππώνακτι·</em></strong></span> <span class='ocrx_word' id='word_1_377' title='bbox 1414 2750 1457 2789; x_wconf 74' lang='grc' dir='ltr'>ἐν</span> <span class='ocrx_word' id='word_1_378' title='bbox 1480 2754 1635 2801; x_wconf 81' lang='grc' dir='ltr'><strong><em>ταμιείῳ</em></strong></span> <span class='ocrx_word' id='word_1_379' title='bbox 1661 2765 1699 2788; x_wconf 85' lang='grc' dir='ltr'>τε</span> 
     </span>
     <span class='ocr_line' id='line_1_45' title="bbox 168 2799 1492 2850; baseline -0.001 -14"><span class='ocrx_word' id='word_1_380' title='bbox 168 2816 200 2837; x_wconf 80' lang='grc' dir='ltr'><strong><em>κ</em></strong></span> <span class='ocrx_word' id='word_1_381' title='bbox 228 2816 259 2847; x_wconf 88' lang='grc' dir='ltr'>χ.</span> <span class='ocrx_word' id='word_1_382' title='bbox 287 2816 319 2847; x_wconf 82' lang='grc' dir='ltr'>γ.</span> <span class='ocrx_word' id='word_1_383' title='bbox 348 2802 487 2847; x_wconf 79' lang='lat' dir='ltr'>Scripsi</span> <span class='ocrx_word' id='word_1_384' title='bbox 513 2803 727 2838; x_wconf 80' lang='lat' dir='ltr'>dubitanter</span> <span class='ocrx_word' id='word_1_385' title='bbox 753 2799 795 2837; x_wconf 80' lang='grc' dir='ltr'>ἐν</span> <span class='ocrx_word' id='word_1_386' title='bbox 821 2805 948 2848; x_wconf 78' lang='grc' dir='ltr'><strong><em>σταθμ</em></strong></span> <span class='ocrx_word' id='word_1_387' title='bbox 950 2803 1006 2850; x_wconf 80' lang='grc' dir='ltr'>ίῳ,</span> <span class='ocrx_word' id='word_1_388' title='bbox 1032 2801 1166 2838; x_wconf 86' lang='lat' dir='ltr'>Nauck</span> <span class='ocrx_word' id='word_1_389' title='bbox 1192 2800 1232 2837; x_wconf 80' lang='grc' dir='ltr'>ἔν</span> <span class='ocrx_word' id='word_1_390' title='bbox 1258 2815 1296 2837; x_wconf 82' lang='grc' dir='ltr'>τε</span> <span class='ocrx_word' id='word_1_391' title='bbox 1324 2802 1492 2849; x_wconf 79' lang='grc' dir='ltr'><strong><em>ταμιείῳ.</em></strong></span> 
     </span>
    </p>

    <p class='ocr_par' dir='ltr' id='par_1_14' title="bbox 167 2816 1700 2991">
     <span class='ocr_line' id='line_1_46' title="bbox 263 2816 1698 2907; baseline -0.001 -22"><span class='ocrx_word' id='word_1_392' title='bbox 263 2851 319 2885; x_wconf 76' lang='lat' dir='ltr'>Fr.</span> <span class='ocrx_word' id='word_1_393' title='bbox 348 2853 391 2885; x_wconf 86' lang='lat'>68</span> <span class='ocrx_word' id='word_1_394' title='bbox 419 2851 460 2886; x_wconf 90' lang='lat' dir='ltr'>A.</span> <span class='ocrx_word' id='word_1_395' title='bbox 513 2850 635 2887; x_wconf 87' lang='lat' dir='ltr'>Schol.</span> <span class='ocrx_word' id='word_1_396' title='bbox 661 2849 785 2907; x_wconf 90' lang='lat' dir='ltr'>Apoll.</span> <span class='ocrx_word' id='word_1_397' title='bbox 812 2816 948 2886; x_wconf 66' lang='grc' dir='ltr'>Βὴοᾶμ</span> <span class='ocrx_word' id='word_1_398' title='bbox 961 2831 1012 2885; x_wconf 86' lang='lat' dir='ltr'>I&#39;V</span> <span class='ocrx_word' id='word_1_399' title='bbox 1038 2853 1126 2885; x_wconf 83' lang='lat'>321·</span> <span class='ocrx_word' id='word_1_400' title='bbox 1160 2849 1234 2884; x_wconf 79' lang='grc' dir='ltr'>Καὶ</span> <span class='ocrx_word' id='word_1_401' title='bbox 1262 2847 1448 2891; x_wconf 82' lang='grc' dir='ltr'><strong><em>Ιππῶναξ</em></strong></span> <span class='ocrx_word' id='word_1_402' title='bbox 1481 2846 1523 2883; x_wconf 82' lang='grc' dir='ltr'>δε</span> <span class='ocrx_word' id='word_1_403' title='bbox 1556 2861 1698 2894; x_wconf 87' lang='grc' dir='ltr'><strong><em>μνημο-</em></strong></span> 
     </span>
     <span class='ocr_line' id='line_1_47' title="bbox 167 2893 1700 2944; baseline 0 -13"><span class='ocrx_word' id='word_1_404' title='bbox 167 2895 271 2932; x_wconf 82' lang='grc' dir='ltr'><strong><em>νεύει</em></strong></span> <span class='ocrx_word' id='word_1_405' title='bbox 298 2898 385 2942; x_wconf 82' lang='grc' dir='ltr'>(τῶν</span> <span class='ocrx_word' id='word_1_406' title='bbox 411 2897 575 2942; x_wconf 80' lang='grc' dir='ltr'><strong><em>Σίνδων)</em></strong></span> <span class='ocrx_word' id='word_1_407' title='bbox 601 2895 705 2943; x_wconf 87' lang='grc' dir='ltr'>Πρὸς</span> <span class='ocrx_word' id='word_1_408' title='bbox 730 2899 804 2933; x_wconf 78' lang='grc' dir='ltr'>κτλ.</span> <span class='ocrx_word' id='word_1_409' title='bbox 832 2918 876 2923; x_wconf 90' lang='grc'>-</span> <span class='ocrx_word' id='word_1_410' title='bbox 901 2895 995 2943; x_wconf 84' lang='grc' dir='ltr'>πρὸς</span> <span class='ocrx_word' id='word_1_411' title='bbox 1020 2894 1279 2942; x_wconf 70' lang='grc' dir='ltr'>τὸ,Μ611161ζ6</span> <span class='ocrx_word' id='word_1_412' title='bbox 1306 2897 1401 2934; x_wconf 87' lang='lat' dir='ltr'>coni.</span> <span class='ocrx_word' id='word_1_413' title='bbox 1427 2893 1572 2944; x_wconf 80' lang='grc' dir='ltr'>πρώτῳ,</span> <span class='ocrx_word' id='word_1_414' title='bbox 1597 2897 1700 2932; x_wconf 77' lang='lat' dir='ltr'>recte</span> 
     </span>
     <span class='ocr_line' id='line_1_48' title="bbox 168 2926 1699 2995; baseline 0 -16"><span class='ocrx_word' id='word_1_415' title='bbox 168 2945 211 2979; x_wconf 90' lang='lat' dir='ltr'>ut</span> <span class='ocrx_word' id='word_1_416' title='bbox 235 2945 393 2989; x_wconf 85' lang='lat' dir='ltr'>videtur,</span> <span class='ocrx_word' id='word_1_417' title='bbox 419 2957 507 2980; x_wconf 88' lang='lat' dir='ltr'>nam</span> <span class='ocrx_word' id='word_1_418' title='bbox 533 2946 707 2981; x_wconf 84' lang='lat' dir='ltr'>videntur</span> <span class='ocrx_word' id='word_1_419' title='bbox 731 2945 824 2981; x_wconf 88' lang='lat' dir='ltr'>haec</span> <span class='ocrx_word' id='word_1_420' title='bbox 857 2945 972 2982; x_wconf 85' lang='lat' dir='ltr'>verba</span> <span class='ocrx_word' id='word_1_421' title='bbox 1001 2926 1213 2990; x_wconf 45' lang='lat' dir='ltr'>fragmento</span> <span class='ocrx_word' id='word_1_422' title='bbox 1245 2948 1266 2995; x_wconf 81' lang='grc'>3</span> <span class='ocrx_word' id='word_1_423' title='bbox 1299 2942 1502 2991; x_wconf 80' lang='grc' dir='ltr'><strong><em>κοραξικὸν</em></strong></span> <span class='ocrx_word' id='word_1_424' title='bbox 1535 2932 1605 2990; x_wconf 72' lang='grc' dir='ltr'>μὲν</span> <span class='ocrx_word' id='word_1_425' title='bbox 1631 2939 1699 2989; x_wconf 84' lang='grc' dir='ltr'>ἧμ-</span> 
     </span>
    </p>
   </div>
   <div class='ocr_carea' id='block_1_11' title="bbox 1801 0 1890 791">
    <p class='ocr_par' dir='ltr' id='par_1_15' title="bbox 1801 0 1890 791">
     <span class='ocr_line' id='line_1_49' title="bbox 1801 0 1890 791; baseline 0 2425"><span class='ocrx_word' id='word_1_426' title='bbox 1801 0 1890 791; x_wconf 95' lang='lat' dir='ltr'> </span> 
     </span>
    </p>
   </div>
  </div>
 </body>
</html>
