1890 3216
189 174 247 216 20
721 171 912 208 ΡΟΕΤΑΕ
940 170 1176 215 ELEGIACI.

189 294 234 325 40
320 280 531 337 βλάπτειν
564 279 659 324 οὔτ’
695 277 986 332 αἰδοῦςοῦτε
1018 281 1143 335 δίκης
1173 276 1339 331 ἐθέλει,

260 351 420 404 πάντες
452 350 493 396 δ’
530 353 578 395 ἐν
609 350 828 395 θώκοισιν
860 349 981 407 ὁμῶς
1010 350 1105 393 νέοι
1138 349 1184 392 οἵ
1211 364 1257 390 τε
1287 344 1382 390 κατ’
1418 343 1558 390 αὐτόν

320 421 484 467 εἴκουσ’
520 424 566 466 ἐκ
597 421 743 479 χώρης
775 423 822 466 οἵ
848 438 894 465 τε
925 419 1220 476 παλαιότεροι.

260 493 421 550 ταύτης
452 495 538 537 νῦν
570 510 635 545 τις
666 490 780 550 ἀνὴρ
812 491 972 550 ἀρετῆς
1002 491 1065 542 εἰς
1095 488 1238 547 ἄκρον
1270 488 1447 532 ἱκέσθαι

320 563 551 622 πειράσθω
582 566 715 624 θυμῷ
726 598 738 620 ,
771 562 830 620 μὴ
863 561 1034 620 μεθιεὶς
1064 560 1271 617 πολέμου.

850 672 915 713 13.
950 670 1056 724 [10.]

263 759 472 806 Αἴθωνος
504 753 553 798 δὲ
585 754 762 806 λεόντος
794 755 907 810 ἔχων
940 753 988 796 ἐν
1021 750 1205 808 στήθεσι
1237 747 1403 805 θυμόν.
1651 759 1722 792 404

869 861 934 903 14.
967 859 1043 912 [9.]

320 945 441 1003 Πρὶν
473 943 630 1003 ἀρετῆς
659 941 846 987 πελάσαι
877 942 1090 999 τέρμασιν
1122 937 1148 996 ἢ
1181 938 1398 983 θανάτου.

852 1049 918 1093 15.
952 1050 1056 1102 [11]

250 1132 412 1191 ''Aysvss
446 1129 480 1178 ὦ
514 1132 725 1190 Σπάρτας
757 1130 982 1193 εὐάνδρου

191 1264 474 1301 Schneidewino
512 1275 682 1300 assensus
721 1264 778 1299 est
814 1261 994 1305 Leutsch‚
1039 1260 1103 1306 qui
1145 1260 1217 1295 hoc
1261 1258 1447 1295 distichon
1486 1259 1535 1305 (v.
1570 1263 1626 1295 3¹1.
1660 1259 1721 1303 38)

190 1313 410 1348 Mimnermo
429 1311 572 1348 tribuit.
611 1312 734 1346 Antea
751 1309 846 1345 nihil
867 1308 1017 1345 omnino
1036 1308 1251 1343 novandum
1272 1318 1349 1342 esse
1370 1306 1592 1351 existimavi,
1617 1307 1721 1342 ratus

190 1360 438 1396 necessarium
470 1371 549 1395 esse
580 1371 613 1394 v.
641 1363 697 1403 37,
731 1357 907 1403 quoniam
937 1356 1060 1392 virum
1092 1355 1244 1398 fortem,
1277 1353 1447 1399 quamvis
1477 1353 1643 1389 nondum
1674 1354 1723 1389 ad.

190 1410 417 1443 senectutem
443 1406 671 1452 pervenerit,
703 1416 830 1440 omnes
862 1405 1043 1439 honorare
1069 1402 1229 1446 soleant3
1263 1413 1306 1438 ac
1331 1402 1447 1437 verba
1471 1413 1505 1437 v.
1533 1404 1578 1437 38
1604 1398 1721 1437 πολλοὶ

189 1452 329 1500 τερπνὰ
350 1453 489 1489 παθών
516 1453 708 1499 explanari
734 1451 906 1487 distichis
932 1450 1075 1486 duobus
1102 1454 1253 1486 39—42.
1292 1449 1343 1484 At
1359 1461 1394 1485 v.
1415 1453 1459 1485 37
1480 1450 1518 1484 et
1537 1461 1570 1485 v.
1590 1452 1648 1485 41.
1662 1452 1722 1492 42,

191 1502 256 1548 qui
282 1501 518 1547 aequabilem
543 1501 654 1547 plane
681 1500 845 1536 eiusdem
874 1498 1084 1545 argumenti
1104 1497 1393 1543 explicationem
1421 1497 1623 1541 ostentant,
1649 1507 1723 1532 non

190 1551 347 1595 possunt
372 1548 470 1585 inter
495 1560 534 1584 se
560 1548 766 1584 conciliari:
794 1548 906 1591 atque
930 1547 1076 1582 veteres
1101 1544 1223 1581 critici
1247 1545 1349 1580 haud
1368 1544 1479 1580 dubie
1498 1545 1724 1580 notaverant

191 1599 290 1633 hunc
322 1597 464 1641 locum,
490 1597 529 1631 in
555 1607 627 1641 quo
655 1595 821 1631 eiusdem
847 1593 1058 1629 sententiae
1084 1593 1253 1639 duplices
1280 1603 1407 1628 versus
1439 1591 1723 1637 deprehendun-

189 1648 265 1690 tnr,
301 1643 462 1680 disticho
489 1657 522 1682 v.
549 1648 605 1679 37.
633 1646 676 1678 38
704 1644 813 1686 haec,
847 1643 989 1677 duobus
1014 1653 1049 1677 v.
1076 1644 1216 1676 39—42
1244 1640 1363 1676 altera
1387 1640 1605 1675 absolvitur.
1652 1638 1723 1682 Qui

191 1692 449 1738 Theognideas
474 1692 622 1736 eclogas
650 1690 902 1734 concinnavit,
935 1700 1019 1724 cum
1050 1687 1318 1724 abundantiam
1343 1687 1532 1733 ingratam
1557 1687 1724 1722 animad-

190 1740 377 1783 vertisset,
403 1739 538 1775 maluit
563 1738 830 1782 contaminare,
866 1748 980 1782 quam
1006 1736 1225 1778 alterutram
1251 1734 1431 1771 asciscere
1456 1734 1723 1778 recensionem,

189 1788 316 1831 itaque
347 1787 509 1832 primum
541 1787 579 1821 et
602 1786 756 1822 tertium
788 1785 975 1820 distichon
1005 1784 1110 1819 nullo
1142 1783 1293 1829 negotio
1324 1782 1364 1817 in
1396 1783 1541 1817 arctum
1565 1782 1722 1827 redegit.

189 1834 410 1870 Heimsoeth
437 1834 725 1870 correctionibus
750 1831 1024 1878 intempestivis
1049 1843 1135 1867 usus
1160 1844 1194 1867 v.
1218 1835 1262 1866 39
1288 1823 1312 1876 ἦ
1332 1827 1403 1875 γὰρ
1428 1826 1495 1864 ἰών
1521 1841 1588 1875 pro
1608 1826 1722 1875 γηρά-

191 1894 288 1917 σκων
322 1883 360 1917 et
390 1895 423 1917 v.
450 1886 493 1916 41
528 1878 628 1926 ὁμῶς
659 1879 698 1916 οἱ
726 1882 788 1916 τοί
814 1893 852 1915 τε
887 1877 973 1915 κατ’
1009 1875 1126 1915 αὐτὸν
1161 1879 1299 1913 frustra
1334 1877 1513 1912 traditam
1549 1888 1723 1912 versuum

190 1941 408 1975 compagem
433 1929 530 1964 tueri
556 1931 709 1964 conatus
736 1930 803 1964 est.
832 1949 873 1954 -
902 1928 946 1962 V.
974 1931 1030 1962 42.
1058 1922 1201 1962 εἰ’κουσ’
1232 1923 1273 1961 ἐκ
1300 1922 1438 1970 χώρης,
1465 1923 1723 1962 Schneidewin

191 1979 357 2012 εἴκουσιν
384 1974 520 2022 χώρης,
547 1976 708 2012 Leutsch
734 1973 855 2021 χώρης
881 1975 1047 2010 εἴκουσιν
1067 1975 1129 2009 τοί
1150 1986 1188 2009 τε
1215 1975 1258 2009 ut
1284 1974 1343 2008 est
1367 1984 1425 2018 ap.
1446 1971 1626 2017 Theogn.‚
1653 1982 1723 2017 ego

190 2021 335 2070 χώρης
360 2023 405 2059 οἵ
427 2020 599 2059 εἰ’κουσ’
629 2020 844 2069 (Δῑείκουό).
872 2043 919 2048 -
945 2023 986 2058 V.
1008 2026 1065 2057 44.
1090 2021 1204 2070 θυμῷ
1230 2019 1306 2064 AB,
1331 2016 1459 2065 θυμὸν
1484 2019 1594 2054 Vind.
1614 2019 1723 2055 Voss.

192 2072 311 2107 Trinc.
325 2093 368 2097 -
384 2071 541 2117 μεθιεὶς,
555 2070 586 2105 Β
598 2072 741 2117 μεθεὶς.
754 2091 798 2097 ——
812 2069 977 2116 πολέμου
992 2069 1113 2105 Ursin.
1129 2070 1168 2105 et
1180 2080 1296 2112 marg.
1309 2066 1430 2111 Gesn.,
1444 2066 1532 2102 libri
1545 2063 1723 2112 πόλεμον.

284 2119 343 2156 Fr.
366 2124 419 2154 13.
459 2118 587 2154 Galen.
615 2119 660 2154 de
685 2119 861 2164 Hippocr.
890 2120 930 2153 et
953 2117 1100 2153 Platon.
1120 2117 1216 2162 plac.
1237 2115 1290 2150 III
1310 2116 1350 2151 Τ.
1372 2116 1388 2150 Ι
1408 2127 1443 2160 p.
1464 2118 1533 2150 267
1561 2114 1617 2150 ed.
1638 2114 1722 2150 Bas.

191 2165 271 2202 οἷον
296 2166 361 2202 καὶ
386 2162 478 2201 ὅταν
505 2168 591 2211 εἴπῃ
619 2163 864 2212 (Χρύσιππος)
895 2168 1083 2210 Τυρταῖον
1113 2162 1289 2210 λέγοντα·
1322 2163 1533 2203 Αἴθωνος
1557 2165 1631 2197 κτλ.
1665 2157 1724 2197 ὅτι

193 2213 261 2259 μὲν
287 2211 359 2259 γὰρ
387 2213 464 2259 ἔχει
490 2211 509 2249 ὃ
537 2214 632 2250 λε’ων
657 2211 786 2259 θυμὸν
812 2210 978 2260 ἀκριβῶς
1002 2209 1170 2252 ἅπαντες
1194 2208 1395 2254 ἅνθρωποι
1413 2209 1479 2245 καὶ
1497 2209 1585 2255 πρὶν
1605 2206 1722 2244 ἆκοῦ-

192 2273 254 2296 σαι
281 2263 467 2307 Τυρταίου
498 2259 767 2307 γιγνώσκομεν.
812 2263 850 2296 et
874 2261 983 2296 ibid:
1022 2257 1248 2305 Τύρταιος
1279 2257 1323 2294 δέ
1354 2270 1416 2303 γε,
1448 2254 1627 2302 καθάπερ
1654 2251 1723 2292 οὖν

191 2309 256 2343 καὶ
279 2305 441 2355 ’Όμηρος
471 2309 535 2344 καὶ
561 2306 731 2349 Ἡσίοδος
762 2308 828 2343 καὶ
866 2306 993 2348 ἁπλῶς
1024 2307 1146 2343 εἰπεῖν
1178 2302 1345 2346 ἅπαντες
1376 2303 1415 2340 οἷ
1442 2303 1597 2362 ποιηταὶ
1629 2316 1723 2349 σφο-

193 2353 374 2411 δρότατον
402 2355 501 2404 ἔχειν
528 2356 621 2401 φασὶ
647 2354 734 2396 τοὺς
758 2355 912 2396 λέοντας
937 2353 1002 2391 τὸν
1028 2352 1168 2401 θυμόν,
1195 2350 1287 2389 ὥστε
1315 2352 1380 2388 καὶ
1404 2352 1479 2388 τῶν
1503 2348 1721 2398 ανθρώπων

192 2400 293 2444 ὅστις
318 2399 366 2438 ἂν
392 2403 414 2450 ῄ
442 2402 762 2449 θυμοειδέστατος
788 2401 979 2447 εἰκάζουσι
1003 2401 1137 2439 λέοντι.

285 2451 343 2485 Fr.
372 2455 426 2486 14.
466 2451 653 2501 PI-utarch.
679 2452 725 2486 de
753 2451 866 2487 Stoic.
886 2462 1014 2497 repug.
1036 2462 1066 2486 c.
1090 2454 1151 2486 14:
1177 2449 1244 2485 καὶ
1268 2445 1310 2484 τὸ
1335 2449 1523 2495 Τυρταίου
1548 2444 1590 2482 τὸ
1615 2446 1721 2492 πρὶν

192 2494 358 2543 ἀρετῆς
382 2501 456 2533 κτλ.
484 2510 528 2534 ex
549 2498 756 2544 Chrysippo
782 2499 847 2543 qui
871 2498 1086 2543 frequenter
1106 2499 1266 2542 Tyrtaeo
1285 2508 1372 2532 usus
1398 2507 1478 2532 esse
1496 2494 1655 2531 videtur.
1677 2515 1720 2520 —

191 2545 296 2591 πρὶν,
322 2545 470 2580 Brunck
495 2547 582 2591 πρίν
608 2543 657 2590 γ’.

285 2593 343 2627 Fr.
372 2597 426 2628 15.
465 2593 535 2628 Dio
562 2592 688 2638 Chrys.
714 2593 731 2627 I
750 2598 796 2628 34
821 2594 877 2628 ed.
899 2593 1025 2639 Emp.:
1053 2592 1108 2629 ἔτι
1133 2591 1175 2628 δὲ
1203 2589 1309 2638 οἶμαι
1332 2588 1401 2636 τὴν
1426 2586 1721 2636 παρακλητικήν,

193 2641 255 2676 οἵα
291 2641 376 2675 τῶν
408 2641 690 2675 Λακωνικῶν
729 2638 1032 2687 ἐμβατηρίων,
1069 2638 1167 2687 μάλα
1197 2638 1393 2684 πρέπουσα
1423 2638 1468 2685 τῇ
1499 2633 1721 2682 Λυκούργου

191 2689 360 2736 πολιτείᾳ
387 2687 449 2723 καὶ
475 2692 553 2728 τοῖς
579 2685 870 2734 ἐπιτηδεύμασιν
904 2687 1081 2729 ἐκείνοις·
1115 2685 1240 2733 ἄγετ’
1270 2681 1297 2722 ὦ
1324 2689 1397 2722 κτλ.
1424 2684 1491 2720 ubi
1516 2684 1637 2720 Schol.
1665 2695 1720 2719 se-

192 2736 300 2772 cund.
326 2735 553 2771 Mor-ellium:
582 2733 840 2781 παρακλητικὰ
868 2733 911 2772 ἐκ
936 2737 1010 2771 τῶν
1040 2736 1280 2781 Τυρταίου.
1319 2734 1439 2769 Tzetz.
1468 2731 1562 2768 Chil.
1589 2732 1606 2766 I
1631 2735 1719 2766 692:

196 2786 378 2827 Τυρταῖος
412 2780 552 2818 Λάκων
590 2781 794 2829 στρατηγὸς
830 2784 895 2819 καὶ
931 2781 1089 2829 ποιητὴς
1125 2780 1292 2828 ὑπῆρχεν
1328 2775 1591 2827 Προτρεπτικά
1627 2775 1722 2824 πρὸς

192 2827 356 2886 πόλεμον
391 2828 543 2875 γράψας
568 2827 745 2889 ᾆσμάὲτων
771 2830 863 2877 με’λη
891 2859 898 2866 .
921 2860 927 2867 .
949 2860 957 2867 .
985 2829 1034 2872 ὡς
1059 2831 1161 2866 Δίων
1189 2829 1208 2865 ὁ
1235 2826 1497 2895 Χρυσόστομος
1523 2822 1621 2862 οῧτω
1646 2839 1720 2861 που

192 2890 332 2922 γραφει
356 2877 491 2923 λέγων·
518 2875 610 2924 ἄγετ
651 2892 679 2913 ω
706 2881 780 2914 κτλ.
819 2879 964 2915 Ahrens
990 2879 1080 2915 olim
1105 2878 1199 2913 haec
1224 2877 1263 2912 in
1288 2877 1527 2912 tetrametros
1553 2873 1720 2918 redigere

192 2924 362 2961 instituit.
390 2946 432 2951 —-
465 2926 510 2961 V.
540 2931 569 2962 1.
602 2923 797 2972 Σπάρτας,
830 2926 864 2962 V
889 2939 1023 2973 παρτα.
1052 2947 1095 2952 -
1130 2921 1338 2970 εὐάνδρου,
1362 2924 1510 2959 Renner
1535 2918 1719 2967 εὐάνδρου.
