1890 3216
877 773 975 817 VII.
1631 782 1699 815 792

637 879 1229 932 SOYTHINUS.

793 1001 1094 1081 ΙΑΜΒΟΙ.ἱ

903 1103 940 1147 1.

732 1183 825 1243 Τὴν
858 1184 1002 1243 λίρην
1036 1182 1270 1244 ἁρμόζεται

243 1255 390 1316 Ζηνὸς
422 1255 598 1315 εὐειδὴς
627 1255 877 1314 Ἀπόλλων,
910 1259 1060 1302 πᾶσαν
1093 1254 1237 1315 ἀρχὴν
1270 1256 1344 1300 καὶ
1376 1257 1501 1309 τέλος

197 1372 211 1386 ‚
243 1329 506 1387 συλλαβών,
541 1331 629 1387 ἔχει
662 1329 712 1374 δὲ
744 1326 950 1387 λαμπρὸν
982 1331 1209 1387 πλῆκτρον
1241 1325 1374 1386 ἡλίου
1405 1327 1533 1386 φάος.

251 1474 510 1520 Scythinus.
560 1474 620 1510 Fr.
650 1478 680 1509 1.
731 1474 828 1510 Plut.
861 1473 908 1510 de
934 1469 1540 1530 Pyth.orac.c.16:'''1'ovsoov
1572 1470 1702 1531 μέντοι

155 1519 210 1568 (οἴ
237 1523 447 1568 Μεγαρεῖς)
479 1522 668 1567 πλῆκτρον
701 1519 903 1570 ἆνέθηκαν
935 1522 986 1570 τῷ
1018 1522 1108 1578 θεῷ
1109 1521 1309 1579 χρυσοῦν,
1337 1518 1621 1578 ἐπιστήσαντες,
1654 1517 1704 1562 ὡς

154 1569 267 1618 ἔοικε,
292 1571 477 1618 Σκυθινῷ
503 1569 652 1616 λέγοντι
678 1568 783 1616 περὶ
808 1571 886 1616 τῆς
910 1559 1069 1616 λύρης,
1094 1564 1143 1616 ἣν
1169 1566 1425 1615 ἁρμόζεται
1451 1565 1595 1614 Ζηνὸς
1626 1570 1701 1604 κτλ.

153 1619 252 1655 unde
277 1631 311 1655 v.
341 1622 359 1653 1
386 1607 545 1654 restitui.
592 1618 661 1664 Scy
664 1618 812 1654 thinum
839 1618 973 1654 Teium
989 1618 1209 1654 iamborum
1227 1619 1380 1675 poetam
1407 1618 1704 1653 commemorant

156 1666 285 1713 Steph.
318 1665 419 1723 Byz.
437 1678 472 1703 v.
508 1665 614 1707 Τέως
639 1667 678 1702 et
701 1665 810 1712 Diog.
843 1666 967 1703 Laert.
999 1666 1052 1701 IX
1085 1669 1145 1702 16·
1173 1662 1396 1722 Ιερώνυμος
1429 1663 1473 1701 δέ
1510 1676 1605 1722 φησι
1637 1663 1703 1700 καὶ

153 1717 352 1751 Σκυθῖνον
383 1711 450 1750 τὸν
487 1715 562 1750 τῶν
597 1712 744 1773 ἰάμβων
783 1712 944 1760 ποιητὴν
983 1710 1256 1768 ἐπιβάλλεσθαι
1294 1712 1360 1749 τὸν
1396 1710 1544 1749 ἐκείνου
1578 1709 1659 1759 (Ηρ
1663 1725 1703 1748 α-

153 1763 317 1807 κλείτου)
342 1758 455 1807 λόγον
481 1759 546 1798 διὰ
574 1761 711 1809 μέτρου
740 1759 928 1811 ἐκβαλεῖν,
954 1761 1021 1798 ubi
1047 1760 1223 1810 ἐκβαλεῖν
1250 1761 1345 1797 nihil
1371 1761 1473 1797 aliud
1500 1760 1700 1807 significat,

155 1822 270 1857 quam
304 1806 495 1856 ἐκφέρειν,
529 1811 572 1846 ut
597 1811 790 1847 Aristotel.
818 1811 863 1846 de
895 1811 996 1857 poet.
1023 1822 1053 1847 0.
1083 1814 1100 1846 1
1129 1810 1241 1853 dixit;
1268 1809 1313 1846 cf.
1341 1810 1491 1846 Lobeck
1516 1808 1702 1855 Aglaoph.

153 1861 222 1895 351
248 1859 326 1894 not.
377 1859 509 1894 Insunt
545 1861 671 1894 autem
709 1858 824 1895 etiam
864 1858 904 1894 in
936 1858 995 1894 his
1026 1858 1192 1895 versibus
1224 1859 1357 1903 aperta
1387 1857 1549 1903 vestigia
1580 1857 1702 1902 philo-

151 1905 308 1953 sophiae
330 1906 580 1965 HeracHteae,
600 1918 688 1943 nam
706 1908 820 1963 poeta
839 1906 994 1963 respicit
1019 1906 1295 1943 nobilissimum
1313 1905 1409 1942 illud
1428 1904 1702 1941 Heracliteum.

154 1955 386 1995 Παλίντονος
409 1951 483 2000 ’γὰρ
509 1951 671 2010 ἁρμονίη
698 1952 840 2001 κόσμου
874 1950 1046 2000 ὅκωσπερ
1078 1951 1190 2008 λύρης
1221 1953 1286 1989 καὶ
1313 1950 1425 1997 τόξου
1460 1953 1518 1999 (fr.
1546 1954 1606 1998 34)
1639 1952 1703 1988 ubi

153 2002 357 2048 aliquando
383 2002 522 2048 νευρῆς
547 2001 709 2047 conieci,
741 2014 854 2048 quam
885 2002 1140 2039 coniecturam
1173 2002 1251 2038 iam
1275 2002 1357 2047 ipse
1382 2001 1566 2047 improbo.
1618 2000 1704 2036 Dis-

153 2049 304 2096 putavit
327 2061 446 2104 nuper
470 2051 557 2096 post
581 2050 676 2086 alios
696 2051 742 2086 de
762 2051 833 2086 hoc
852 2049 1038 2087 Heracliti
1057 2051 1139 2086 loeo
1160 2049 1364 2104 diligenter
1383 2050 1422 2085 et
1440 2049 1550 2085 acute
1571 2048 1703 2095 Rettig

151 2099 193 2134 in
229 2097 423 2152 prooemio
454 2097 541 2133 lect
574 2097 748 2135 Beruens.
784 2102 875 2135 1865
909 2098 962 2145 (in
994 2098 1262 2134 commentario
1299 2096 1339 2132 in
1376 2096 1545 2133 Platonis
1577 2097 1702 2143 Symp.

154 2157 272 2192 nuper
297 2144 401 2181 edito
433 2157 469 2191 p.
501 2149 566 2182 167
586 2157 639 2190 sq.
673 2146 794 2183 denuo
827 2146 959 2192 attigit
982 2147 1080 2182 hanc
1105 2145 1397 2191 quaestionem),
1429 2155 1549 2190 neque
1574 2144 1702 2180 tamen

154 2192 414 2240 quaestionem
438 2195 542 2229 omni
569 2205 613 2230 ex
642 2194 750 2240 parte
782 2195 981 2241 expedivit.
1031 2193 1238 2230 Heraelitei
1270 2193 1346 2229 loci
1355 2203 1626 2250 germanam
1629 2192 1704 2229 for·

153 2252 255 2278 mam
287 2241 389 2277 solus
422 2240 603 2300 Origenes
635 2241 719 2278 adv.
751 2242 902 2278 Haeret.
935 2254 970 2288 p
998 2246 1067 2277 280
1101 2241 1282 2277 servavit:
1322 2237 1368 2276 οὐ
1400 2241 1571 2284 ξυνίασιν
1603 2235 1703 2281 ὅκως

153 2287 436 2346 διαφερόμενον
469 2285 596 2337 εωυτῷ
631 2286 846 2336 ὁμολογέει’
880 2291 1131 2334 παλίντροπος
1162 2285 1325 2335 ἁρμονίη
1357 2301 1455 2330 οκως
1486 2301 1557 2333 περ
1590 2285 1701 2331 τόξου

154 2337 220 2373 καὶ
238 2335 364 2383 λύρης,
388 2335 462 2372 nisi
481 2326 582 2383 quod
601 2338 741 2374 rectius
761 2338 828 2374 alii
847 2338 1011 2373 παλίντ
1023 2349 1128 2378 ονος
1148 2335 1336 2373 exhibent.
1375 2335 1560 2373 Heracliti
1579 2347 1701 2372 sermo

159 2396 244 2420 cum
277 2384 507 2421 obscuritate
541 2385 700 2429 laboret,
732 2396 806 2421 non
841 2387 899 2421 est
930 2384 1067 2420 mirum
1098 2384 1175 2420 iam
1208 2385 1352 2420 veteres
1382 2384 1477 2420 haec
1503 2395 1702 2430 perperam

110 2473 114 2478 ¹
158 2431 427 2478 interpretatos
453 2443 550 2469 esse:
578 2433 796 2469 existimant
821 2433 919 2468 enim
947 2433 1091 2468 duobus
1111 2443 1219 2468 arcus
1240 2433 1279 2468 et
1297 2432 1400 2478 lyrae
1420 2431 1600 2477 exemplis
1620 2431 1702 2478 phi-

115 2527 117 2529 ·
153 2479 355 2526 losophum
379 2491 489 2515 usum
515 2492 609 2526 esse,
636 2481 736 2526 quod
763 2481 914 2516 omnino
941 2481 999 2516 est
1022 2480 1324 2526 improbandum.
1364 2479 1518 2515 Fefellit
1535 2479 1622 2516 illos
1648 2479 1703 2515 in-

155 2527 335 2564 solentior
364 2527 563 2563 verborum
600 2494 822 2564 collocatio.
860 2528 966 2564 nulla
1005 2528 1104 2564 foret
1141 2527 1388 2573 ambiguitas,
1425 2527 1457 2563 si
1493 2526 1703 2584 scripsisset

154 2576 378 2615 παλίντονος
403 2571 565 2633 ἁρμονίη
592 2573 705 2632 λυρης
730 2589 830 2617 οκως
854 2588 924 2621 περ
945 2573 1068 2621 τόξου,
1094 2576 1156 2612 vel
1175 2576 1399 2616 παλίντονος
1419 2572 1582 2622 ἁρμονίη
1603 2572 1703 2616 ὅκως

154 2635 225 2668 περ
257 2620 369 2667 τόξου
409 2635 506 2658 ουτω
547 2622 612 2658 καὶ
643 2620 766 2669 λύρης.
816 2623 924 2659 Hunc
960 2624 1061 2659 enim
1092 2624 1272 2660 mundum
1302 2623 1550 2670 philosophus
1581 2623 1702 2668 lyram

155 2670 405 2755 ffissfftlffim
416 2670 1039 2755 ᾛῗὲἓιῖᾱὲἣὲἓῃῗ“εῗεῖῃζΐῗέἒὲθ
1051 2671 1702 2765 &ssassssaffialffifflffi

155 2778 192 2812 p.
223 2770 291 2802 100
317 2768 356 2802 et
383 2769 469 2802 183:
511 2766 627 2812 Quam
652 2767 816 2803 mobilem
846 2768 966 2803 divom
992 2768 1111 2814 lyram
1136 2767 1201 2803 Sol
1225 2767 1394 2812 harmoqe
1422 2767 1591 2813 Quadam
1606 2769 1699 2824 (scr.

157 2813 316 2870 liquida)
343 2814 558 2874 gubernans
589 2815 745 2850 motibus
771 2815 845 2850 diis
875 2819 979 2861 reyet.
1031 2814 1206 2859 synesius
1238 2815 1284 2850 de
1322 2814 1390 2850 ins
1427 2814 1539 2850 135A
1576 2811 1618 2850 τὸ
1659 2812 1699 2858 ἐξ

156 2874 236 2953 {215
229 2874 331 2944 ”²⁸:5⁶
334 2874 506 2945 wag:
521 2875 630 2945 1ἱὲἵὲ
633 2863 705 2945 ”2⁰13
733 2859 889 2946 ’323⁰
888 2860 1218 2947 ffer'a‘zlstzssfflza
1233 2862 1701 2956 affiigffss'ssssffimesffii

160 2937 359 3001 Scy'thinus
372 2956 556 2993 Heracliti
569 2959 733 2993 mentem
754 2958 953 3005 perspexit,
974 2970 1094 3004 neque
1114 2957 1248 2995 inscite
1267 2956 1370 2994 illius
1390 2958 1552 3004 vestigia
1569 2958 1700 3005 legens
