<?xml version="1.0" encoding="UTF-8"?>
<!DOCTYPE html PUBLIC "-//W3C//DTD XHTML 1.0 Transitional//EN"
    "http://www.w3.org/TR/xhtml1/DTD/xhtml1-transitional.dtd">
<html xmlns="http://www.w3.org/1999/xhtml" xml:lang="en" lang="en">
 <head>
  <title>
</title>
<meta http-equiv="Content-Type" content="text/html;charset=utf-8" />
  <meta name='ocr-system' content='tesseract 3.04.00' />
  <meta name='ocr-capabilities' content='ocr_page ocr_carea ocr_par ocr_line ocrx_word'/>
</head>
<body>
  <div class='ocr_page' id='page_1' title='image "./poetaelyricigrae02berguoft_0275.png"; bbox 0 0 1890 3216; ppageno 0'>
   <div class='ocr_carea' id='block_1_1' title="bbox 0 0 135 998">
    <p class='ocr_par' dir='ltr' id='par_1_1' title="bbox 0 0 135 998">
     <span class='ocr_line' id='line_1_1' title="bbox 0 0 135 998; baseline 0 0"><span class='ocrx_word' id='word_1_1' title='bbox 0 0 135 998; x_wconf 95' lang='lat' dir='ltr'> </span> 
     </span>
    </p>
   </div>
   <div class='ocr_carea' id='block_1_2' title="bbox 660 906 1714 1076">
    <p class='ocr_par' dir='ltr' id='par_1_2' title="bbox 660 906 1714 1076">
     <span class='ocr_line' id='line_1_2' title="bbox 878 906 1714 953; baseline 0.004 -5"><span class='ocrx_word' id='word_1_2' title='bbox 878 906 1012 949; x_wconf 92' lang='lat' dir='ltr'>XXV.</span> <span class='ocrx_word' id='word_1_3' title='bbox 1646 921 1714 953; x_wconf 81' lang='lat'>590</span> 
     </span>
     <span class='ocr_line' id='line_1_3' title="bbox 660 1024 1233 1076; baseline 0.005 -4"><span class='ocrx_word' id='word_1_4' title='bbox 660 1024 1233 1076; x_wconf 76' lang='lat' dir='ltr'>EURIPIDES.</span> 
     </span>
    </p>
   </div>
   <div class='ocr_carea' id='block_1_3' title="bbox 698 1154 1186 1190">
    <p class='ocr_par' dir='ltr' id='par_1_3' title="bbox 698 1154 1186 1190">
     <span class='ocr_line' id='line_1_4' title="bbox 698 1154 1186 1190; baseline 0.006 -4"><span class='ocrx_word' id='word_1_5' title='bbox 698 1154 1186 1190; x_wconf 79' lang='grc' dir='ltr'><strong>ΕΠΙΙῬΑΜΜΑΤΑ.</strong></span> 
     </span>
    </p>
   </div>
   <div class='ocr_carea' id='block_1_4' title="bbox 245 1266 1445 1477">
    <p class='ocr_par' dir='ltr' id='par_1_4' title="bbox 245 1266 1445 1477">
     <span class='ocr_line' id='line_1_5' title="bbox 923 1266 958 1307; baseline 0 0"><span class='ocrx_word' id='word_1_6' title='bbox 923 1266 958 1307; x_wconf 88' lang='grc'>1.</span> 
     </span>
     <span class='ocr_line' id='line_1_6' title="bbox 245 1344 1285 1405; baseline 0.004 -18"><span class='ocrx_word' id='word_1_7' title='bbox 245 1345 352 1388; x_wconf 85' lang='grc' dir='ltr'><em>Οἵδε</em></span> <span class='ocrx_word' id='word_1_8' title='bbox 385 1349 697 1402; x_wconf 76' lang='grc' dir='ltr'><strong><em>Συρακοσίους</em></strong></span> <span class='ocrx_word' id='word_1_9' title='bbox 729 1344 843 1391; x_wconf 75' lang='grc' dir='ltr'><em>ὀκτώ</em></span> <span class='ocrx_word' id='word_1_10' title='bbox 877 1350 1004 1400; x_wconf 78' lang='grc' dir='ltr'><em>νίκας</em></span> <span class='ocrx_word' id='word_1_11' title='bbox 1036 1346 1285 1405; x_wconf 80' lang='grc' dir='ltr'><em>ἐκράτησαν</em></span> 
     </span>
     <span class='ocr_line' id='line_1_7' title="bbox 302 1411 1445 1477; baseline 0.003 -18"><span class='ocrx_word' id='word_1_12' title='bbox 302 1413 486 1474; x_wconf 68' lang='grc' dir='ltr'><em>ἄνδρες,</em></span> <span class='ocrx_word' id='word_1_13' title='bbox 519 1414 585 1460; x_wconf 86' lang='grc' dir='ltr'>ὅτ’</span> <span class='ocrx_word' id='word_1_14' title='bbox 621 1411 679 1474; x_wconf 83' lang='grc' dir='ltr'><em>ἦν</em></span> <span class='ocrx_word' id='word_1_15' title='bbox 710 1416 763 1461; x_wconf 82' lang='grc' dir='ltr'>τὰ</span> <span class='ocrx_word' id='word_1_16' title='bbox 795 1421 919 1463; x_wconf 78' lang='grc' dir='ltr'><em>θεῶν</em></span> <span class='ocrx_word' id='word_1_17' title='bbox 952 1420 997 1473; x_wconf 79' lang='grc' dir='ltr'>ἐξ</span> <span class='ocrx_word' id='word_1_18' title='bbox 1029 1424 1132 1464; x_wconf 79' lang='grc' dir='ltr'><em>ἴσου</em></span> <span class='ocrx_word' id='word_1_19' title='bbox 1163 1417 1445 1477; x_wconf 73' lang='grc' dir='ltr'><em>ἀμφοτέροις.</em></span> 
     </span>
    </p>
   </div>
   <div class='ocr_carea' id='block_1_5' title="bbox 236 1552 1546 1911">
    <p class='ocr_par' dir='ltr' id='par_1_5' title="bbox 236 1552 1546 1911">
     <span class='ocr_line' id='line_1_8' title="bbox 919 1552 958 1594; baseline 0 0"><span class='ocrx_word' id='word_1_20' title='bbox 919 1552 958 1594; x_wconf 79' lang='grc'>2.</span> 
     </span>
     <span class='ocr_line' id='line_1_9' title="bbox 236 1625 1496 1693; baseline 0.003 -17"><span class='ocrx_word' id='word_1_21' title='bbox 236 1625 289 1676; x_wconf 79' lang='grc' dir='ltr'><em>Ὦ</em></span> <span class='ocrx_word' id='word_1_22' title='bbox 320 1630 400 1677; x_wconf 82' lang='grc' dir='ltr'><em>τὸν</em></span> <span class='ocrx_word' id='word_1_23' title='bbox 432 1629 687 1689; x_wconf 78' lang='grc' dir='ltr'><em>ἆγήραντον</em></span> <span class='ocrx_word' id='word_1_24' title='bbox 720 1633 863 1678; x_wconf 82' lang='grc' dir='ltr'><em>πόλον</em></span> <span class='ocrx_word' id='word_1_25' title='bbox 896 1635 1100 1693; x_wconf 79' lang='grc' dir='ltr'><em>αἰθέρος,</em></span> <span class='ocrx_word' id='word_1_26' title='bbox 1122 1633 1270 1691; x_wconf 60' lang='lat' dir='ltr'>‘&#39;Ha-w,</span> <span class='ocrx_word' id='word_1_27' title='bbox 1302 1635 1496 1693; x_wconf 72' lang='grc' dir='ltr'><em>τέμνων,</em></span> 
     </span>
     <span class='ocr_line' id='line_1_10' title="bbox 301 1697 1335 1765; baseline 0.005 -18"><span class='ocrx_word' id='word_1_28' title='bbox 301 1697 376 1761; x_wconf 78' lang='grc' dir='ltr'>ἆρ’</span> <span class='ocrx_word' id='word_1_29' title='bbox 410 1701 524 1757; x_wconf 80' lang='grc' dir='ltr'><em>εἶδες</em></span> <span class='ocrx_word' id='word_1_30' title='bbox 553 1701 726 1750; x_wconf 81' lang='grc' dir='ltr'><strong><em>τοιόνδ’</em></strong></span> <span class='ocrx_word' id='word_1_31' title='bbox 762 1703 930 1762; x_wconf 79' lang='grc' dir='ltr'><em>ὄμμασι</em></span> <span class='ocrx_word' id='word_1_32' title='bbox 961 1705 1136 1765; x_wconf 77' lang='grc' dir='ltr'><em>πρόσθε</em></span> <span class='ocrx_word' id='word_1_33' title='bbox 1167 1706 1335 1762; x_wconf 77' lang='grc' dir='ltr'><em>πάθος,</em></span> 
     </span>
     <span class='ocr_line' id='line_1_11' title="bbox 241 1775 1546 1844; baseline 0.005 -25"><span class='ocrx_word' id='word_1_34' title='bbox 241 1775 408 1841; x_wconf 82' lang='grc' dir='ltr'><em>μητέρα</em></span> <span class='ocrx_word' id='word_1_35' title='bbox 439 1775 721 1844; x_wconf 62' lang='grc' dir='ltr'><em>παρθενικήν</em></span> <span class='ocrx_word' id='word_1_36' title='bbox 753 1795 798 1822; x_wconf 86' lang='grc' dir='ltr'>τε</span> <span class='ocrx_word' id='word_1_37' title='bbox 830 1776 972 1836; x_wconf 86' lang='grc' dir='ltr'><em>κόρην</em></span> <span class='ocrx_word' id='word_1_38' title='bbox 1005 1778 1191 1832; x_wconf 80' lang='grc' dir='ltr'><em>δισσούς</em></span> <span class='ocrx_word' id='word_1_39' title='bbox 1221 1796 1266 1824; x_wconf 85' lang='grc' dir='ltr'>τε</span> <span class='ocrx_word' id='word_1_40' title='bbox 1299 1783 1546 1837; x_wconf 77' lang='grc' dir='ltr'><strong><em>συναίμους</em></strong></span> 
     </span>
     <span class='ocr_line' id='line_1_12' title="bbox 302 1845 1282 1911; baseline 0.004 -19"><span class='ocrx_word' id='word_1_41' title='bbox 302 1849 351 1892; x_wconf 83' lang='grc' dir='ltr'><em>ἐν</em></span> <span class='ocrx_word' id='word_1_42' title='bbox 381 1845 527 1910; x_wconf 78' lang='grc' dir='ltr'>ταύτῷ</span> <span class='ocrx_word' id='word_1_43' title='bbox 560 1849 720 1906; x_wconf 75' lang='grc' dir='ltr'><em>φέγγει</em></span> <span class='ocrx_word' id='word_1_44' title='bbox 752 1853 973 1911; x_wconf 78' lang='grc' dir='ltr'>μοιραδίῳ</span> <span class='ocrx_word' id='word_1_45' title='bbox 1006 1850 1282 1909; x_wconf 80' lang='grc' dir='ltr'><em>φθιμένους;</em></span> 
     </span>
    </p>
   </div>
   <div class='ocr_carea' id='block_1_6' title="bbox 168 2003 1710 2388">
    <p class='ocr_par' dir='ltr' id='par_1_6' title="bbox 168 2003 1710 2388">
     <span class='ocr_line' id='line_1_13' title="bbox 265 2003 1708 2054; baseline 0.003 -16"><span class='ocrx_word' id='word_1_46' title='bbox 265 2003 521 2049; x_wconf 75' lang='lat' dir='ltr'><strong>Euripides.</strong></span> <span class='ocrx_word' id='word_1_47' title='bbox 571 2004 630 2041; x_wconf 89' lang='lat' dir='ltr'>Fr.</span> <span class='ocrx_word' id='word_1_48' title='bbox 660 2009 690 2041; x_wconf 94' lang='lat'>1.</span> <span class='ocrx_word' id='word_1_49' title='bbox 735 2005 833 2042; x_wconf 84' lang='lat' dir='ltr'>Plut.</span> <span class='ocrx_word' id='word_1_50' title='bbox 859 2006 925 2042; x_wconf 83' lang='lat' dir='ltr'>vit.</span> <span class='ocrx_word' id='word_1_51' title='bbox 946 2006 1027 2042; x_wconf 90' lang='lat' dir='ltr'>Nic.</span> <span class='ocrx_word' id='word_1_52' title='bbox 1051 2011 1111 2043; x_wconf 83' lang='lat'>17:</span> <span class='ocrx_word' id='word_1_53' title='bbox 1138 2004 1158 2042; x_wconf 86' lang='grc' dir='ltr'>ὁ</span> <span class='ocrx_word' id='word_1_54' title='bbox 1185 2005 1254 2053; x_wconf 78' lang='grc' dir='ltr'>μὲν</span> <span class='ocrx_word' id='word_1_55' title='bbox 1281 2004 1353 2053; x_wconf 79' lang='grc' dir='ltr'>γὰρ</span> <span class='ocrx_word' id='word_1_56' title='bbox 1380 2004 1589 2054; x_wconf 77' lang='grc' dir='ltr'><em>Εὐριπίδης</em></span> <span class='ocrx_word' id='word_1_57' title='bbox 1615 2005 1708 2053; x_wconf 70' lang='grc' dir='ltr'><em>μετὰ</em></span> 
     </span>
     <span class='ocr_line' id='line_1_14' title="bbox 168 2043 1708 2101; baseline 0.004 -16"><span class='ocrx_word' id='word_1_58' title='bbox 168 2047 236 2096; x_wconf 86' lang='grc' dir='ltr'><em>τὴν</em></span> <span class='ocrx_word' id='word_1_59' title='bbox 262 2043 378 2097; x_wconf 81' lang='grc' dir='ltr'><em>ἧτταν</em></span> <span class='ocrx_word' id='word_1_60' title='bbox 398 2047 525 2087; x_wconf 77' lang='grc' dir='ltr'><em>αὐτῶν</em></span> <span class='ocrx_word' id='word_1_61' title='bbox 546 2053 610 2088; x_wconf 79' lang='grc' dir='ltr'><em>καὶ</em></span> <span class='ocrx_word' id='word_1_62' title='bbox 629 2050 696 2089; x_wconf 86' lang='grc' dir='ltr'><em>τὸν</em></span> <span class='ocrx_word' id='word_1_63' title='bbox 717 2050 884 2100; x_wconf 78' lang='grc' dir='ltr'><em>ὄλεθρον</em></span> <span class='ocrx_word' id='word_1_64' title='bbox 904 2051 1064 2100; x_wconf 78' lang='grc' dir='ltr'><em>γράφων</em></span> <span class='ocrx_word' id='word_1_65' title='bbox 1085 2051 1357 2100; x_wconf 79' lang='grc' dir='ltr'><em>ἐπικήδειον</em></span> <span class='ocrx_word' id='word_1_66' title='bbox 1385 2052 1581 2101; x_wconf 79' lang='grc' dir='ltr'><em>ἐποίησεν·</em></span> <span class='ocrx_word' id='word_1_67' title='bbox 1611 2057 1708 2091; x_wconf 82' lang='grc' dir='ltr'><em>οἵδε</em></span> 
     </span>
     <span class='ocr_line' id='line_1_15' title="bbox 169 2098 1707 2149; baseline 0.003 -16"><span class='ocrx_word' id='word_1_68' title='bbox 169 2100 232 2133; x_wconf 89' lang='grc' dir='ltr'>Συ</span> <span class='ocrx_word' id='word_1_69' title='bbox 242 2111 272 2142; x_wconf 88' lang='grc' dir='ltr'>ρ.</span> <span class='ocrx_word' id='word_1_70' title='bbox 300 2100 374 2136; x_wconf 76' lang='grc' dir='ltr'><em>κτλ.</em></span> <span class='ocrx_word' id='word_1_71' title='bbox 424 2098 535 2136; x_wconf 83' lang='lat' dir='ltr'>Haud</span> <span class='ocrx_word' id='word_1_72' title='bbox 561 2100 673 2137; x_wconf 87' lang='lat' dir='ltr'>dubie</span> <span class='ocrx_word' id='word_1_73' title='bbox 700 2102 891 2137; x_wconf 85' lang='lat' dir='ltr'><strong>exordium</strong></span> <span class='ocrx_word' id='word_1_74' title='bbox 917 2102 975 2138; x_wconf 90' lang='lat' dir='ltr'>est</span> <span class='ocrx_word' id='word_1_75' title='bbox 999 2101 1185 2149; x_wconf 74' lang='lat' dir='ltr'>epitaphii</span> <span class='ocrx_word' id='word_1_76' title='bbox 1210 2101 1249 2138; x_wconf 90' lang='lat' dir='ltr'>in</span> <span class='ocrx_word' id='word_1_77' title='bbox 1270 2101 1474 2147; x_wconf 81' lang='lat' dir='ltr'>Ceramico,</span> <span class='ocrx_word' id='word_1_78' title='bbox 1495 2103 1595 2148; x_wconf 89' lang='lat' dir='ltr'>quod</span> <span class='ocrx_word' id='word_1_79' title='bbox 1622 2114 1707 2139; x_wconf 79' lang='lat' dir='ltr'>con-</span> 
     </span>
     <span class='ocr_line' id='line_1_16' title="bbox 169 2145 1709 2194; baseline 0.004 -13"><span class='ocrx_word' id='word_1_80' title='bbox 169 2145 267 2182; x_wconf 88' lang='lat' dir='ltr'>didit</span> <span class='ocrx_word' id='word_1_81' title='bbox 291 2145 500 2193; x_wconf 84' lang='lat' dir='ltr'>Euripides,</span> <span class='ocrx_word' id='word_1_82' title='bbox 527 2148 574 2183; x_wconf 88' lang='lat' dir='ltr'>ad</span> <span class='ocrx_word' id='word_1_83' title='bbox 599 2159 711 2194; x_wconf 90' lang='lat' dir='ltr'>quem</span> <span class='ocrx_word' id='word_1_84' title='bbox 736 2149 887 2186; x_wconf 88' lang='lat' dir='ltr'>honoris</span> <span class='ocrx_word' id='word_1_85' title='bbox 914 2160 1028 2186; x_wconf 86' lang='lat' dir='ltr'>causa.</span> <span class='ocrx_word' id='word_1_86' title='bbox 1052 2151 1124 2186; x_wconf 94' lang='lat' dir='ltr'>hoc</span> <span class='ocrx_word' id='word_1_87' title='bbox 1159 2150 1322 2186; x_wconf 84' lang='lat' dir='ltr'>officium</span> <span class='ocrx_word' id='word_1_88' title='bbox 1355 2151 1535 2187; x_wconf 87' lang='lat' dir='ltr'>delatum.</span> <span class='ocrx_word' id='word_1_89' title='bbox 1586 2152 1709 2187; x_wconf 80' lang='lat' dir='ltr'><strong>Antea</strong></span> 
     </span>
     <span class='ocr_line' id='line_1_17' title="bbox 169 2193 1708 2245; baseline 0.003 -16"><span class='ocrx_word' id='word_1_90' title='bbox 169 2193 433 2230; x_wconf 70' lang='lat' dir='ltr'>existimabam</span> <span class='ocrx_word' id='word_1_91' title='bbox 458 2195 530 2231; x_wconf 86' lang='lat' dir='ltr'>hoc</span> <span class='ocrx_word' id='word_1_92' title='bbox 554 2194 742 2232; x_wconf 78' lang='lat' dir='ltr'>distichon</span> <span class='ocrx_word' id='word_1_93' title='bbox 768 2197 949 2244; x_wconf 75' lang='lat' dir='ltr'>longioris</span> <span class='ocrx_word' id='word_1_94' title='bbox 976 2197 1134 2244; x_wconf 84' lang='lat' dir='ltr'>elegiaci</span> <span class='ocrx_word' id='word_1_95' title='bbox 1159 2198 1335 2234; x_wconf 81' lang='lat' dir='ltr'>carminis</span> <span class='ocrx_word' id='word_1_96' title='bbox 1361 2210 1442 2234; x_wconf 85' lang='lat' dir='ltr'>esse</span> <span class='ocrx_word' id='word_1_97' title='bbox 1467 2198 1708 2245; x_wconf 81' lang='lat' dir='ltr'>particulam,</span> 
     </span>
     <span class='ocr_line' id='line_1_18' title="bbox 168 2241 1707 2301; baseline 0.003 -24"><span class='ocrx_word' id='word_1_98' title='bbox 168 2241 234 2277; x_wconf 85' lang='lat' dir='ltr'>sed</span> <span class='ocrx_word' id='word_1_99' title='bbox 259 2242 373 2278; x_wconf 88' lang='lat' dir='ltr'>verba</span> <span class='ocrx_word' id='word_1_100' title='bbox 398 2241 481 2288; x_wconf 87' lang='lat' dir='ltr'>ipsa</span> <span class='ocrx_word' id='word_1_101' title='bbox 506 2246 669 2288; x_wconf 87' lang='lat' dir='ltr'>arguunt</span> <span class='ocrx_word' id='word_1_102' title='bbox 692 2243 787 2280; x_wconf 82' lang='lat' dir='ltr'>haec</span> <span class='ocrx_word' id='word_1_103' title='bbox 812 2257 858 2281; x_wconf 84' lang='lat' dir='ltr'>ex</span> <span class='ocrx_word' id='word_1_104' title='bbox 883 2244 1154 2292; x_wconf 79' lang='lat' dir='ltr'>epigrammate</span> <span class='ocrx_word' id='word_1_105' title='bbox 1181 2246 1363 2301; x_wconf 83' lang='lat' dir='ltr'>ampliore</span> <span class='ocrx_word' id='word_1_106' title='bbox 1389 2257 1468 2282; x_wconf 89' lang='lat' dir='ltr'>esse</span> <span class='ocrx_word' id='word_1_107' title='bbox 1495 2245 1626 2292; x_wconf 85' lang='lat' dir='ltr'>petita,</span> <span class='ocrx_word' id='word_1_108' title='bbox 1652 2248 1707 2283; x_wconf 89' lang='lat' dir='ltr'>at-</span> 
     </span>
     <span class='ocr_line' id='line_1_19' title="bbox 170 2289 1710 2340; baseline 0.003 -15"><span class='ocrx_word' id='word_1_109' title='bbox 170 2301 242 2335; x_wconf 89' lang='lat' dir='ltr'>que</span> <span class='ocrx_word' id='word_1_110' title='bbox 268 2289 501 2336; x_wconf 83' lang='lat' dir='ltr'>epigramma</span> <span class='ocrx_word' id='word_1_111' title='bbox 534 2290 648 2327; x_wconf 85' lang='lat' dir='ltr'>etiam</span> <span class='ocrx_word' id='word_1_112' title='bbox 680 2292 827 2328; x_wconf 87' lang='lat' dir='ltr'>Hecker</span> <span class='ocrx_word' id='word_1_113' title='bbox 858 2303 939 2328; x_wconf 87' lang='lat' dir='ltr'>esse</span> <span class='ocrx_word' id='word_1_114' title='bbox 971 2296 1116 2338; x_wconf 87' lang='lat' dir='ltr'>censet,</span> <span class='ocrx_word' id='word_1_115' title='bbox 1151 2293 1216 2330; x_wconf 87' lang='lat' dir='ltr'>sed</span> <span class='ocrx_word' id='word_1_116' title='bbox 1250 2295 1439 2340; x_wconf 81' lang='lat' dir='ltr'>integrum</span> <span class='ocrx_word' id='word_1_117' title='bbox 1474 2296 1516 2329; x_wconf 90' lang='lat' dir='ltr'>ut</span> <span class='ocrx_word' id='word_1_118' title='bbox 1551 2293 1710 2340; x_wconf 81' lang='lat' dir='ltr'>videtur⁷</span> 
     </span>
     <span class='ocr_line' id='line_1_20' title="bbox 169 2336 1710 2388; baseline 0.004 -16"><span class='ocrx_word' id='word_1_119' title='bbox 169 2347 389 2383; x_wconf 82' lang='lat' dir='ltr'>comparans</span> <span class='ocrx_word' id='word_1_120' title='bbox 415 2337 462 2374; x_wconf 87' lang='lat' dir='ltr'>de</span> <span class='ocrx_word' id='word_1_121' title='bbox 493 2350 563 2374; x_wconf 88' lang='lat' dir='ltr'>usu</span> <span class='ocrx_word' id='word_1_122' title='bbox 588 2339 691 2375; x_wconf 87' lang='lat' dir='ltr'>vocis</span> <span class='ocrx_word' id='word_1_123' title='bbox 719 2336 938 2386; x_wconf 79' lang='grc' dir='ltr'><em>ἐπικήδειον</em></span> <span class='ocrx_word' id='word_1_124' title='bbox 970 2341 1086 2377; x_wconf 80' lang='lat' dir='ltr'>alium</span> <span class='ocrx_word' id='word_1_125' title='bbox 1117 2341 1310 2378; x_wconf 75' lang='lat' dir='ltr'>Plutarchi</span> <span class='ocrx_word' id='word_1_126' title='bbox 1335 2342 1481 2387; x_wconf 84' lang='lat' dir='ltr'>locum,</span> <span class='ocrx_word' id='word_1_127' title='bbox 1508 2353 1619 2388; x_wconf 88' lang='lat' dir='ltr'>quem</span> <span class='ocrx_word' id='word_1_128' title='bbox 1645 2342 1710 2378; x_wconf 81' lang='lat' dir='ltr'>ad-</span> 
     </span>
    </p>
   </div>
   <div class='ocr_carea' id='block_1_7' title="bbox 169 2384 1708 2480">
    <p class='ocr_par' dir='ltr' id='par_1_7' title="bbox 169 2384 1708 2480">
     <span class='ocr_line' id='line_1_21' title="bbox 169 2384 1708 2436; baseline 0.003 -16"><span class='ocrx_word' id='word_1_129' title='bbox 169 2384 303 2431; x_wconf 85' lang='lat' dir='ltr'>scripsi</span> <span class='ocrx_word' id='word_1_130' title='bbox 329 2385 475 2422; x_wconf 79' lang='lat' dir='ltr'>Platon.</span> <span class='ocrx_word' id='word_1_131' title='bbox 504 2396 561 2432; x_wconf 87' lang='lat' dir='ltr'>ep.</span> <span class='ocrx_word' id='word_1_132' title='bbox 589 2391 622 2422; x_wconf 81' lang='lat'>6.</span> <span class='ocrx_word' id='word_1_133' title='bbox 651 2408 694 2412; x_wconf 82' lang='lat'>-—</span> <span class='ocrx_word' id='word_1_134' title='bbox 721 2387 765 2424; x_wconf 91' lang='lat' dir='ltr'>V.</span> <span class='ocrx_word' id='word_1_135' title='bbox 795 2392 825 2423; x_wconf 91' lang='lat'>1.</span> <span class='ocrx_word' id='word_1_136' title='bbox 852 2390 1125 2435; x_wconf 78' lang='grc' dir='ltr'><strong><em>Συρακοσίους,</em></strong></span> <span class='ocrx_word' id='word_1_137' title='bbox 1150 2389 1188 2426; x_wconf 86' lang='lat' dir='ltr'>ia</span> <span class='ocrx_word' id='word_1_138' title='bbox 1212 2391 1510 2436; x_wconf 83' lang='grc' dir='ltr'><em>Συρακουσίους.</em></span> <span class='ocrx_word' id='word_1_139' title='bbox 1533 2410 1576 2416; x_wconf 92' lang='lat'>—</span> <span class='ocrx_word' id='word_1_140' title='bbox 1598 2387 1708 2435; x_wconf 78' lang='grc' dir='ltr'><em>ἐκρά-</em></span> 
     </span>
     <span class='ocr_line' id='line_1_22' title="bbox 169 2429 570 2480; baseline 0.007 -13"><span class='ocrx_word' id='word_1_141' title='bbox 169 2445 297 2479; x_wconf 86' lang='grc' dir='ltr'><em>τησαν,</em></span> <span class='ocrx_word' id='word_1_142' title='bbox 325 2431 352 2468; x_wconf 90' lang='lat' dir='ltr'>C</span> <span class='ocrx_word' id='word_1_143' title='bbox 380 2429 570 2480; x_wconf 78' lang='grc' dir='ltr'><em>ἐνίκησαν.</em></span> 
     </span>
    </p>
   </div>
   <div class='ocr_carea' id='block_1_8' title="bbox 168 2526 1709 3008">
    <p class='ocr_par' dir='ltr' id='par_1_8' title="bbox 168 2526 1709 3008">
     <span class='ocr_line' id='line_1_23' title="bbox 263 2526 1708 2590; baseline 0.003 -26"><span class='ocrx_word' id='word_1_144' title='bbox 263 2529 323 2564; x_wconf 82' lang='lat' dir='ltr'>Fr.</span> <span class='ocrx_word' id='word_1_145' title='bbox 349 2533 382 2564; x_wconf 80' lang='lat'>2.</span> <span class='ocrx_word' id='word_1_146' title='bbox 433 2529 570 2566; x_wconf 86' lang='lat' dir='ltr'>Athen.</span> <span class='ocrx_word' id='word_1_147' title='bbox 597 2531 631 2565; x_wconf 87' lang='grc' dir='ltr'>Π</span> <span class='ocrx_word' id='word_1_148' title='bbox 663 2535 706 2566; x_wconf 91' lang='grc'>61</span> <span class='ocrx_word' id='word_1_149' title='bbox 740 2531 787 2566; x_wconf 84' lang='lat' dir='ltr'>B:</span> <span class='ocrx_word' id='word_1_150' title='bbox 817 2526 1043 2578; x_wconf 79' lang='grc' dir='ltr'><em>Ἐπαρχίδης</em></span> <span class='ocrx_word' id='word_1_151' title='bbox 1077 2529 1289 2579; x_wconf 78' lang='grc' dir='ltr'><em>Εὐριπίδην</em></span> <span class='ocrx_word' id='word_1_152' title='bbox 1322 2533 1415 2579; x_wconf 86' lang='grc' dir='ltr'><em>φησὶ</em></span> <span class='ocrx_word' id='word_1_153' title='bbox 1446 2529 1513 2568; x_wconf 88' lang='grc' dir='ltr'><em>τὸν</em></span> <span class='ocrx_word' id='word_1_154' title='bbox 1546 2530 1708 2590; x_wconf 67' lang='grc' dir='ltr'><em>ποιητὴν</em></span> 
     </span>
     <span class='ocr_line' id='line_1_24' title="bbox 169 2572 1709 2633; baseline 0.003 -22"><span class='ocrx_word' id='word_1_155' title='bbox 169 2572 400 2633; x_wconf 68' lang='grc' dir='ltr'><em>ἐπιδημῆσαι</em></span> <span class='ocrx_word' id='word_1_156' title='bbox 426 2577 469 2625; x_wconf 83' lang='grc' dir='ltr'>τῇ</span> <span class='ocrx_word' id='word_1_157' title='bbox 494 2574 636 2627; x_wconf 78' lang='grc' dir='ltr'><em>Ἰκάρῳ,</em></span> <span class='ocrx_word' id='word_1_158' title='bbox 663 2578 728 2614; x_wconf 83' lang='grc' dir='ltr'><em>καὶ</em></span> <span class='ocrx_word' id='word_1_159' title='bbox 753 2577 936 2624; x_wconf 84' lang='grc' dir='ltr'><em>γυναικός</em></span> <span class='ocrx_word' id='word_1_160' title='bbox 960 2593 1062 2621; x_wconf 84' lang='grc' dir='ltr'><em>τινος</em></span> <span class='ocrx_word' id='word_1_161' title='bbox 1087 2577 1181 2626; x_wconf 74' lang='grc' dir='ltr'><em>μετὰ</em></span> <span class='ocrx_word' id='word_1_162' title='bbox 1207 2581 1282 2616; x_wconf 83' lang='grc' dir='ltr'><em>τῶν</em></span> <span class='ocrx_word' id='word_1_163' title='bbox 1313 2578 1457 2616; x_wconf 80' lang='grc' dir='ltr'><em>τέκνων</em></span> <span class='ocrx_word' id='word_1_164' title='bbox 1490 2578 1586 2616; x_wconf 75' lang='grc' dir='ltr'><em>κατὰ</em></span> <span class='ocrx_word' id='word_1_165' title='bbox 1620 2593 1709 2622; x_wconf 87' lang='grc' dir='ltr'><em>τους</em></span> 
     </span>
     <span class='ocr_line' id='line_1_25' title="bbox 168 2619 1706 2674; baseline 0.003 -15"><span class='ocrx_word' id='word_1_166' title='bbox 168 2619 322 2670; x_wconf 77' lang='grc' dir='ltr'><em>ἆγρους,</em></span> <span class='ocrx_word' id='word_1_167' title='bbox 351 2622 420 2661; x_wconf 79' lang='grc' dir='ltr'><em>δύο</em></span> <span class='ocrx_word' id='word_1_168' title='bbox 447 2623 517 2671; x_wconf 76' lang='grc' dir='ltr'>μὲν</span> <span class='ocrx_word' id='word_1_169' title='bbox 543 2622 716 2672; x_wconf 76' lang='grc' dir='ltr'><em>ἀρρένων</em></span> <span class='ocrx_word' id='word_1_170' title='bbox 748 2628 918 2672; x_wconf 76' lang='grc' dir='ltr'><em>τελείων,</em></span> <span class='ocrx_word' id='word_1_171' title='bbox 950 2627 1040 2674; x_wconf 82' lang='grc' dir='ltr'><em>μιᾶς</em></span> <span class='ocrx_word' id='word_1_172' title='bbox 1066 2627 1108 2664; x_wconf 77' lang='grc' dir='ltr'>δὲ</span> <span class='ocrx_word' id='word_1_173' title='bbox 1134 2626 1335 2674; x_wconf 79' lang='grc' dir='ltr'><em>παρθένου</em></span> <span class='ocrx_word' id='word_1_174' title='bbox 1363 2625 1706 2674; x_wconf 52' lang='grc' dir='ltr'><em>φαγούσης-θανα-</em></span> 
     </span>
     <span class='ocr_line' id='line_1_26' title="bbox 169 2670 1706 2731; baseline 0.003 -24"><span class='ocrx_word' id='word_1_175' title='bbox 169 2673 300 2718; x_wconf 84' lang='grc' dir='ltr'><em>σίμους</em></span> <span class='ocrx_word' id='word_1_176' title='bbox 324 2670 494 2731; x_wconf 57' lang='grc' dir='ltr'><em>μύκητας</em></span> <span class='ocrx_word' id='word_1_177' title='bbox 518 2674 582 2710; x_wconf 85' lang='grc' dir='ltr'><em>καὶ</em></span> <span class='ocrx_word' id='word_1_178' title='bbox 608 2670 882 2721; x_wconf 75' lang='grc' dir='ltr'><em>ἀποπνιγείσης</em></span> <span class='ocrx_word' id='word_1_179' title='bbox 915 2672 1008 2721; x_wconf 79' lang='grc' dir='ltr'><em>μετὰ</em></span> <span class='ocrx_word' id='word_1_180' title='bbox 1041 2676 1116 2710; x_wconf 82' lang='grc' dir='ltr'><em>τῶν</em></span> <span class='ocrx_word' id='word_1_181' title='bbox 1150 2674 1312 2720; x_wconf 84' lang='grc' dir='ltr'><em>τέκνων,</em></span> <span class='ocrx_word' id='word_1_182' title='bbox 1344 2676 1500 2721; x_wconf 85' lang='grc' dir='ltr'><em>ποιῆσαι</em></span> <span class='ocrx_word' id='word_1_183' title='bbox 1531 2675 1635 2712; x_wconf 79' lang='grc' dir='ltr'><em>τουτὶ</em></span> <span class='ocrx_word' id='word_1_184' title='bbox 1665 2673 1706 2712; x_wconf 77' lang='grc' dir='ltr'>τό</span> 
     </span>
     <span class='ocr_line' id='line_1_27' title="bbox 170 2716 1707 2770; baseline 0.003 -15"><span class='ocrx_word' id='word_1_185' title='bbox 170 2716 452 2767; x_wconf 74' lang='grc' dir='ltr'><em>ἐπίγραμμα·</em></span> <span class='ocrx_word' id='word_1_186' title='bbox 480 2723 515 2756; x_wconf 80' lang='grc' dir='ltr'><em>Ω</em></span> <span class='ocrx_word' id='word_1_187' title='bbox 542 2721 608 2757; x_wconf 82' lang='grc' dir='ltr'><em>τὸν</em></span> <span class='ocrx_word' id='word_1_188' title='bbox 635 2725 708 2758; x_wconf 78' lang='grc' dir='ltr'><em>κτλ.</em></span> <span class='ocrx_word' id='word_1_189' title='bbox 740 2743 782 2748; x_wconf 95' lang='lat'>—-</span> <span class='ocrx_word' id='word_1_190' title='bbox 808 2724 977 2768; x_wconf 84' lang='lat' dir='ltr'>Apparet</span> <span class='ocrx_word' id='word_1_191' title='bbox 1001 2723 1083 2759; x_wconf 87' lang='lat' dir='ltr'>sola</span> <span class='ocrx_word' id='word_1_192' title='bbox 1108 2722 1322 2759; x_wconf 87' lang='lat' dir='ltr'>coniectura</span> <span class='ocrx_word' id='word_1_193' title='bbox 1347 2723 1502 2759; x_wconf 89' lang='lat' dir='ltr'>ductum</span> <span class='ocrx_word' id='word_1_194' title='bbox 1529 2723 1707 2770; x_wconf 82' lang='lat' dir='ltr'>Eparchi-</span> 
     </span>
     <span class='ocr_line' id='line_1_28' title="bbox 168 2766 1707 2817; baseline 0.003 -14"><span class='ocrx_word' id='word_1_195' title='bbox 168 2766 255 2804; x_wconf 89' lang='lat' dir='ltr'>dem</span> <span class='ocrx_word' id='word_1_196' title='bbox 280 2767 451 2815; x_wconf 86' lang='lat' dir='ltr'>Euripidi</span> <span class='ocrx_word' id='word_1_197' title='bbox 476 2769 548 2806; x_wconf 89' lang='lat' dir='ltr'>hoc</span> <span class='ocrx_word' id='word_1_198' title='bbox 574 2769 807 2816; x_wconf 85' lang='lat' dir='ltr'>epigramma</span> <span class='ocrx_word' id='word_1_199' title='bbox 837 2769 1034 2817; x_wconf 85' lang='lat' dir='ltr'>tribuisse,</span> <span class='ocrx_word' id='word_1_200' title='bbox 1068 2770 1245 2815; x_wconf 85' lang='lat' dir='ltr'>quoniam</span> <span class='ocrx_word' id='word_1_201' title='bbox 1278 2770 1560 2807; x_wconf 86' lang='lat' dir='ltr'>similitudinem</span> <span class='ocrx_word' id='word_1_202' title='bbox 1592 2782 1707 2816; x_wconf 82' lang='lat' dir='ltr'>quan-</span> 
     </span>
     <span class='ocr_line' id='line_1_29' title="bbox 170 2815 1706 2866; baseline 0.003 -16"><span class='ocrx_word' id='word_1_203' title='bbox 170 2815 255 2850; x_wconf 90' lang='lat' dir='ltr'>dam</span> <span class='ocrx_word' id='word_1_204' title='bbox 282 2827 366 2852; x_wconf 89' lang='lat' dir='ltr'>cum</span> <span class='ocrx_word' id='word_1_205' title='bbox 393 2816 530 2862; x_wconf 76' lang='lat' dir='ltr'>tragici</span> <span class='ocrx_word' id='word_1_206' title='bbox 562 2817 731 2855; x_wconf 83' lang='lat' dir='ltr'>oratione</span> <span class='ocrx_word' id='word_1_207' title='bbox 763 2817 834 2854; x_wconf 89' lang='lat' dir='ltr'>sibi</span> <span class='ocrx_word' id='word_1_208' title='bbox 866 2818 1143 2866; x_wconf 83' lang='lat' dir='ltr'>deprehendere</span> <span class='ocrx_word' id='word_1_209' title='bbox 1176 2818 1383 2855; x_wconf 88' lang='lat' dir='ltr'>videbatur.</span> <span class='ocrx_word' id='word_1_210' title='bbox 1411 2839 1455 2845; x_wconf 89' lang='lat'>-</span> <span class='ocrx_word' id='word_1_211' title='bbox 1483 2819 1524 2855; x_wconf 89' lang='lat' dir='ltr'>V.</span> <span class='ocrx_word' id='word_1_212' title='bbox 1557 2823 1586 2855; x_wconf 91' lang='lat'>1.</span> <span class='ocrx_word' id='word_1_213' title='bbox 1614 2816 1706 2865; x_wconf 75' lang='grc' dir='ltr'>ἀγή-</span> 
     </span>
     <span class='ocr_line' id='line_1_30' title="bbox 169 2862 1708 2913; baseline 0.003 -15"><span class='ocrx_word' id='word_1_214' title='bbox 169 2876 308 2908; x_wconf 85' lang='grc' dir='ltr'><em>ραντον</em></span> <span class='ocrx_word' id='word_1_215' title='bbox 334 2863 418 2907; x_wconf 85' lang='lat' dir='ltr'>VL,</span> <span class='ocrx_word' id='word_1_216' title='bbox 445 2862 637 2911; x_wconf 71' lang='grc' dir='ltr'><em>ἀγήρατον</em></span> <span class='ocrx_word' id='word_1_217' title='bbox 663 2865 769 2902; x_wconf 91' lang='lat' dir='ltr'>BCD.</span> <span class='ocrx_word' id='word_1_218' title='bbox 804 2887 846 2892; x_wconf 87' lang='lat'>-—</span> <span class='ocrx_word' id='word_1_219' title='bbox 882 2866 923 2902; x_wconf 91' lang='lat' dir='ltr'>V.</span> <span class='ocrx_word' id='word_1_220' title='bbox 951 2871 983 2903; x_wconf 82' lang='lat'>2.</span> <span class='ocrx_word' id='word_1_221' title='bbox 1011 2863 1151 2913; x_wconf 85' lang='grc' dir='ltr'><em>ὄμμασι</em></span> <span class='ocrx_word' id='word_1_222' title='bbox 1178 2865 1250 2903; x_wconf 85' lang='lat' dir='ltr'>scri</span> <span class='ocrx_word' id='word_1_223' title='bbox 1279 2866 1311 2902; x_wconf 84' lang='lat' dir='ltr'>si</span> <span class='ocrx_word' id='word_1_224' title='bbox 1335 2867 1411 2902; x_wconf 79' lang='lat' dir='ltr'>iam</span> <span class='ocrx_word' id='word_1_225' title='bbox 1436 2866 1475 2902; x_wconf 90' lang='lat' dir='ltr'>in</span> <span class='ocrx_word' id='word_1_226' title='bbox 1501 2866 1708 2913; x_wconf 77' lang='lat' dir='ltr'>proecdosi,</span> 
     </span>
     <span class='ocr_line' id='line_1_31' title="bbox 169 2909 1706 2996; baseline 0.003 -50"><span class='ocrx_word' id='word_1_227' title='bbox 169 2909 552 2996; x_wconf 57' lang='grc' dir='ltr'><em>Ιοςθῧέῗιιτνὸμματι.</em></span> <span class='ocrx_word' id='word_1_228' title='bbox 589 2934 634 2940; x_wconf 89' lang='grc'><strong>-</strong></span> <span class='ocrx_word' id='word_1_229' title='bbox 667 2912 709 2949; x_wconf 93' lang='lat' dir='ltr'>V.</span> <span class='ocrx_word' id='word_1_230' title='bbox 740 2918 771 2949; x_wconf 82' lang='lat'>4.</span> <span class='ocrx_word' id='word_1_231' title='bbox 808 2914 991 2963; x_wconf 81' lang='grc' dir='ltr'><em>μοιραδίῳ</em></span> <span class='ocrx_word' id='word_1_232' title='bbox 1027 2913 1139 2959; x_wconf 86' lang='lat' dir='ltr'>BCD,</span> <span class='ocrx_word' id='word_1_233' title='bbox 1174 2916 1217 2950; x_wconf 85' lang='lat' dir='ltr'>ut</span> <span class='ocrx_word' id='word_1_234' title='bbox 1278 2913 1364 2960; x_wconf 87' lang='lat' dir='ltr'>oph.</span> <span class='ocrx_word' id='word_1_235' title='bbox 1398 2914 1487 2951; x_wconf 85' lang='lat' dir='ltr'>Oed.</span> <span class='ocrx_word' id='word_1_236' title='bbox 1523 2913 1598 2951; x_wconf 87' lang='lat' dir='ltr'>Col.</span> <span class='ocrx_word' id='word_1_237' title='bbox 1625 2918 1706 2960; x_wconf 80' lang='lat'>229,</span> 
     </span>
     <span class='ocr_line' id='line_1_32' title="bbox 169 2961 444 3008; baseline 0.015 -15"><span class='ocrx_word' id='word_1_238' title='bbox 169 2971 270 3005; x_wconf 84' lang='grc' dir='ltr'><em>μοιρι</em></span> <span class='ocrx_word' id='word_1_239' title='bbox 313 2972 342 3008; x_wconf 78' lang='grc' dir='ltr'><strong><em>ῳ</em></strong></span> <span class='ocrx_word' id='word_1_240' title='bbox 404 2961 444 2997; x_wconf 88' lang='lat' dir='ltr'>L.</span> 
     </span>
    </p>
   </div>
  </div>
 </body>
</html>
