1890 3216
214 178 301 219 274
747 175 939 212 POETAE
966 174 1204 218 ELEGIAGI.

213 291 352 329 notum
383 289 506 328 fuisse
539 290 726 339 apparet,
764 290 885 338 atque
916 287 977 326 illi
1014 289 1203 338 repetunt
1233 289 1392 327 tantum
1423 288 1664 327 sententiam
1693 288 1744 327 ab

213 355 506 405 antiquioribus
526 354 757 393 auctoribus
777 354 979 403 traditam,
1005 366 1085 392 non
1110 353 1236 403 ipsius
1262 353 1390 392 Eueni
1414 354 1528 393 libris
1555 354 1619 393 usi
1643 354 1754 394 sunt..

214 420 274 459 De
307 420 355 460 fr.
391 421 444 458 10
477 419 642 469 fluctuo,
681 420 751 458 sed
783 432 872 458 cum
911 419 1152 457 Plutarchus
1190 431 1385 468 nusquam
1424 419 1587 458 minoris
1625 417 1753 456 Eueni

215 497 355 525 versus
389 484 657 535 adscripserit,
691 497 786 524 sane
812 484 1032 524 verisimile
1056 485 1130 532 est,
1162 484 1235 523 hoc
1263 497 1418 534 quoque
1444 472 1607 523 maioris
1626 482 1755 522 Eueni

217 563 315 590 esse.
365 550 583 590 Praeterea
614 550 791 601 insignes
824 549 1017 599 reliquiae
1050 549 1271 599 elegiarum
1302 549 1420 588 huius
1451 551 1593 599 poetae
1623 561 1753 589 serva-

215 618 281 654 tae
315 618 409 655 sunt
439 617 480 654 in
513 616 782 667 Theognideis
814 629 850 655 v.
884 616 968 654 467
999 627 1106 664 seqq.
1142 616 1225 654 667
1258 627 1365 665 seqq.
1402 616 1512 654 1345
1547 627 1674 665 seqq„
1705 613 1754 652 de

217 682 362 732 quibus
395 694 466 721 suo
498 682 583 721 loco
616 682 708 720 dixi.

334 747 562 786 Posteriore
602 749 734 786 aetate
772 747 909 797 plures
955 745 1135 785 extitisse
1176 747 1316 795 poetas
1361 745 1538 785 eiusdem
1581 743 1752 784 nominis

217 812 332 851 docet
364 812 627 863 Anthologia:
659 812 716 850 ibi
752 806 857 850 enim
888 824 968 850 non
1001 811 1130 850 solum
1161 810 1323 850 Euenus
1350 811 1585 861 simpliciter
1610 823 1756 850 memo-

215 880 347 927 ratur,
380 879 450 916 sed
481 880 692 928 praeterea
724 876 972 922 Ascalonita,
1004 876 1203 920 &celiam
1241 875 1502 928 Atheniensis,
1543 876 1751 916 Gramma-

216 945 325 988 ticus,
358 945 496 982 contra
521 943 732 983 Pariorum
763 955 960 993 nusquam
985 943 1032 982 fit
1057 943 1218 993 mentio,
1249 956 1378 993 neque
1405 944 1591 983 videntur
1615 955 1755 983 eorum

217 1009 508 1059 epigrammata
528 1009 719 1048 extitisse.
758 1009 818 1046 Ex
836 1008 885 1047 iis
906 1007 1221 1058 epigrammatis,
1249 1020 1350 1058 quae
1371 1009 1607 1062 simpliciter
1625 1007 1754 1047 Eueni

218 1075 415 1125 dicuntur,
447 1088 571 1113 unum
602 1077 740 1113 tamen
770 1074 992 1113 certissime
1025 1074 1151 1112 Eueni
1183 1073 1293 1112 Parii
1323 1076 1385 1113 est
1415 1074 1473 1112 XI
1504 1076 1582 1125 493
1613 1086 1755 1113 verum

218 1141 290 1179 1100
320 1153 400 1179 11011
434 1141 683 1191 epigramma
713 1141 802 1189 fuit,
836 1141 906 1180 sed
937 1151 1031 1191 pars
1065 1138 1230 1189 elegiae,
1263 1139 1404 1189 estque
1436 1141 1482 1177 ut
1513 1139 1613 1187 alia,
1653 1150 1754 1188 quae

218 1206 299 1245 illic
330 1207 541 1257 leguntur,
573 1207 685 1245 velut
716 1206 994 1244 Anacreontea
1021 1206 1090 1244 47.
1116 1206 1185 1254 48,
1217 1204 1389 1243 fortasse
1416 1204 1539 1243 etiam
1564 1204 1756 1242 Autome-

221 1272 353 1310 dontis
386 1272 512 1322 epigr.
546 1273 613 1322 50,
646 1285 670 1310 a
702 1271 964 1311 Constantino
998 1270 1174 1320 Cephala
1212 1282 1259 1308 ex
1296 1270 1452 1319 poetico
1484 1269 1617 1319 aliquo
1648 1268 1752 1307 flori-

219 1337 325 1387 legio
357 1337 569 1386 adiectum,
602 1337 704 1387 quod
737 1349 816 1375 non
849 1337 934 1376 sola
965 1336 1257 1394 epigrammata
1289 1335 1529 1375 continebat.
1585 1334 1756 1384 Reliqua

219 1402 523 1452 epigrammata,
556 1414 726 1452 quorum
752 1403 891 1441 auctor
923 1401 1160 1451 simpliciter
1191 1401 1351 1439 Euenus
1383 1400 1540 1448 dicitur,
1571 1399 1630 1438 ita
1660 1400 1756 1438 sunt
1825 1415 1831 1423 ·

218 1468 468 1517 comparata,
513 1468 560 1505 ut
596 1467 647 1506 ad
684 1467 848 1506 Parium
885 1468 1046 1516 poetam
1090 1479 1254 1515 prorsus
1296 1478 1376 1504 non
1418 1465 1574 1515 possint
1614 1464 1758 1504 referri

220 1527 296 1586 (IX
332 1534 428 1572 122.
463 1535 560 1573 717.
596 1534 691 1573 718.
725 1533 802 1572 XII
837 1534 933 1574 172.
965 1531 1076 1570 Plan.
1107 1532 1202 1570 165.
1234 1526 1349 1583 166),
1380 1543 1431 1569 ne
1455 1530 1557 1568 illud
1584 1529 1755 1579 quidem,

221 1598 327 1648 quod
357 1599 400 1637 in
431 1597 632 1638 Stratonis
664 1599 781 1638 Musa
811 1597 977 1649 paedica
1008 1597 1158 1647 legitur
1197 1591 1294 1648 (XII
1329 1590 1443 1647 172).
1500 1595 1554 1633 Et
1584 1597 1757 1645 quatuor

221 1663 381 1713 quidem
419 1677 467 1703 ex
498 1664 560 1703 his
593 1661 668 1716 (IX
703 1667 799 1704 717.
834 1665 931 1704 718.
971 1663 1080 1702 Plan.
1124 1662 1219 1701 165.
1263 1655 1365 1713 166)
1404 1661 1542 1709 aperte
1580 1660 1756 1700 eiusdem

220 1730 314 1767 sunt
344 1731 507 1778 poetae,
540 1730 608 1768 sed
642 1730 763 1768 etiam
795 1730 890 1778 duo,
929 1741 1030 1778 quae
1063 1728 1290 1777 supersunt,
1322 1726 1534 1776 quominus
1572 1727 1623 1765 ad
1661 1739 1754 1767 eun-

220 1794 310 1832 dem
341 1794 563 1833 referamus
602 1794 704 1832 nihil
740 1794 939 1844 prohibet.
990 1793 1106 1831 Hunc
1142 1792 1269 1843 igitur
1299 1791 1500 1839 Euenum,
1540 1791 1654 1830 cuius
1687 1803 1755 1830 sex

221 1859 359 1897 extant
390 1858 699 1909 epigrammata,
739 1859 837 1898 satis
874 1859 945 1897 illa
983 1858 1144 1909 quidem
1175 1855 1406 1904 mediocria,
1445 1857 1755 1895 consentaneum

221 1926 283 1962 est
310 1937 400 1962 eum
427 1936 525 1973 esse,
558 1924 670 1962 cuius
691 1925 868 1963 carmina
893 1924 1043 1974 recepit
1068 1922 1288 1972 Philippus,
1315 1921 1393 1960 vid.
1419 1920 1599 1960 Prooem.
1619 1934 1656 1960 v.
1680 1922 1754 1959 13:

400 2013 551 2073 Εὐήνῳ
585 2014 747 2070 δάφνην
779 2012 1103 2072 συνεπίπλεκε*)’
1135 2012 1226 2064 τοὺς
1259 2013 1302 2055 δὲ
1332 2011 1542 2068 περισσούς

452 2084 610 2124 εἴκασον
643 2078 696 2131 ὦς
727 2082 874 2132 ἐθέλεις
905 2080 1074 2123 ἄνθεσιν
1105 2078 1341 2133 ἆρτιφύτοις.

342 2179 449 2218 Fieri
478 2181 615 2229 potest
651 2181 698 2218 ut
736 2180 800 2218 hic
830 2180 991 2218 Euenus
1023 2190 1188 2228 prorsus
1220 2177 1403 2217 diversus
1435 2177 1490 2215 sit
1520 2189 1544 2214 a
1581 2178 1754 2226 quatuor
1788 2203 1791 2205 -

221 2244 321 2292 illis,
360 2245 429 2294 qui
467 2245 730 2295 cognomento
773 2245 907 2294 aliquo
945 2246 1154 2297 ornantur,
1202 2242 1271 2281 sed
1314 2241 1530 2280 verisimile
1567 2253 1647 2280 non
1684 2243 1757 2280 est.

221 2309 422 2349 Siceliotae
453 2323 598 2350 nomen
623 2310 723 2348 mihi
750 2309 909 2349 omnino
936 2311 1177 2359 suspectum,
1209 2307 1451 2357 coniicioque
1471 2302 1756 2346 Ἀσκαλωνίτου

224 2376 494 2425 scribendum,
529 2376 635 2426 quod
661 2375 800 2415 Iacobs
828 2387 984 2426 quoque
1011 2373 1235 2423 suspicatus
1262 2375 1334 2411 est.
1388 2372 1447 2410 Ac
1472 2372 1571 2409 mihi
1597 2371 1757 2421 quidem

222 2440 515 2480 Ascalonita
546 2442 655 2480 visus
688 2443 750 2480 est
781 2441 849 2480 ille
880 2441 1042 2479 Euenus
1068 2438 1208 2485 fuisse,
1241 2437 1352 2476 cuius
1380 2437 1673 2487 epigrammata
1697 2449 1756 2475 re-

223 2506 329 2557 cepit
353 2506 582 2556 Philippus}
608 2519 701 2544 nam
726 2519 850 2545 unum
870 2506 1128 2556 epigramma,
1150 2502 1255 2552 quod
1275 2501 1532 2540 Ascalonitae
1552 2501 1757 2549 tribuitur,

224 2571 280 2610 IX
314 2572 367 2611 75
402 2583 447 2609 eo
479 2571 565 2608 loco
598 2571 759 2620 legitur,
791 2571 861 2609 ubi
891 2570 1083 2620 pleraque
1116 2580 1164 2606 ex
1194 2567 1379 2616 Philippo
1418 2568 1512 2605 sunt
1542 2566 1755 2616 descripta,

225 2636 366 2675 deinde
410 2635 511 2674 illud
556 2635 805 2686 epigramma
843 2638 987 2686 poetae
1031 2633 1138 2673 haud
1180 2632 1340 2672 obscuri
1384 2632 1455 2670 illa
1490 2634 1624 2671 aetate
1664 2631 1753 2679 fuit,

225 2702 370 2751 quippe
416 2700 521 2750 quod
562 2701 604 2738 in
635 2700 905 2740 Domitianum
944 2701 996 2740 sit
1026 2700 1214 2739 inflexum
1225 2694 1304 2750 ⁹¹⁰⁸).
1366 2697 1504 2746 Neque
1548 2708 1643 2735 vero
1681 2697 1755 2736 1100

320 2840 353 2883 *)
380 2838 527 2874 Hecker
552 2834 688 2885 Ευήνῳ
715 2835 884 2882 δάφνην·
912 2833 1226 2876 συνεπιπλεκτοὺς
1251 2835 1294 2870 δὲ
1321 2833 1488 2870 coniecit,

225 2885 341 2969 νωθής*
336 2886 509 2969 ἒῃέἶέρει·
527 2874 716 2931 Pompeiis
735 2885 880 2930 pictura
898 2887 1057 2930 reperta,
1071 2884 1129 2920 cui
1143 2884 1214 2918 1100
1234 2881 1467 2928 epigramma
1486 2879 1747 2927 subscriptum,
