<?xml version="1.0" encoding="UTF-8"?>
<!DOCTYPE html PUBLIC "-//W3C//DTD XHTML 1.0 Transitional//EN"
    "http://www.w3.org/TR/xhtml1/DTD/xhtml1-transitional.dtd">
<html xmlns="http://www.w3.org/1999/xhtml" xml:lang="en" lang="en">
 <head>
  <title>
</title>
<meta http-equiv="Content-Type" content="text/html;charset=utf-8" />
  <meta name='ocr-system' content='tesseract 3.04.00' />
  <meta name='ocr-capabilities' content='ocr_page ocr_carea ocr_par ocr_line ocrx_word'/>
</head>
<body>
  <div class='ocr_page' id='page_1' title='image "./poetaelyricigrae02berguoft_0191.png"; bbox 0 0 1890 3216; ppageno 0'>
   <div class='ocr_carea' id='block_1_1' title="bbox 793 171 1695 214">
    <p class='ocr_par' dir='ltr' id='par_1_1' title="bbox 793 171 1695 214">
     <span class='ocr_line' id='line_1_1' title="bbox 793 171 1695 214; baseline 0.008 -7"><span class='ocrx_word' id='word_1_1' title='bbox 793 171 1055 209; x_wconf 83' lang='lat' dir='ltr'>THEOGNIS.</span> <span class='ocrx_word' id='word_1_2' title='bbox 1615 171 1695 214; x_wconf 89' lang='lat'><em>181</em></span> 
     </span>
    </p>
   </div>
   <div class='ocr_carea' id='block_1_2' title="bbox 0 242 250 1115">
    <p class='ocr_par' dir='ltr' id='par_1_2' title="bbox 0 242 250 1115">
     <span class='ocr_line' id='line_1_2' title="bbox 0 242 73 752; baseline 0 -192"><span class='ocrx_word' id='word_1_3' title='bbox 0 242 73 752; x_wconf 95' lang='lat' dir='ltr'><em>     </em></span> 
     </span>
     <span class='ocr_line' id='line_1_3' title="bbox 0 752 73 817; baseline 0 2399"><span class='ocrx_word' id='word_1_4' title='bbox 0 752 73 817; x_wconf 95' lang='lat' dir='ltr'><em> </em></span> 
     </span>
     <span class='ocr_line' id='line_1_4' title="bbox 0 817 250 1115; baseline 0 -169"><span class='ocrx_word' id='word_1_5' title='bbox 0 817 250 1115; x_wconf 95' lang='lat' dir='ltr'><em>    </em></span> 
     </span>
    </p>
   </div>
   <div class='ocr_carea' id='block_1_3' title="bbox 250 275 1477 410">
    <p class='ocr_par' dir='ltr' id='par_1_3' title="bbox 250 275 1477 410">
     <span class='ocr_line' id='line_1_5' title="bbox 250 275 1477 341; baseline -0.002 -15"><span class='ocrx_word' id='word_1_6' title='bbox 250 284 433 341; x_wconf 79' lang='grc' dir='ltr'><em>Χαίρων</em></span> <span class='ocrx_word' id='word_1_7' title='bbox 465 275 515 325; x_wconf 81' lang='grc' dir='ltr'><em>εὖ</em></span> <span class='ocrx_word' id='word_1_8' title='bbox 547 281 767 334; x_wconf 80' lang='grc' dir='ltr'><strong><em>τελέσειας</em></strong></span> <span class='ocrx_word' id='word_1_9' title='bbox 798 278 911 326; x_wconf 82' lang='grc' dir='ltr'><em>ὁδὸν</em></span> <span class='ocrx_word' id='word_1_10' title='bbox 944 278 1142 338; x_wconf 79' lang='grc' dir='ltr'><em>μεγάλου</em></span> <span class='ocrx_word' id='word_1_11' title='bbox 1174 280 1250 324; x_wconf 78' lang='grc' dir='ltr'><em>διὰ</em></span> <span class='ocrx_word' id='word_1_12' title='bbox 1284 278 1477 336; x_wconf 79' lang='grc' dir='ltr'><strong><em>πόντου,</em></strong></span> 
     </span>
     <span class='ocr_line' id='line_1_6' title="bbox 308 350 1334 410; baseline -0.001 -13"><span class='ocrx_word' id='word_1_13' title='bbox 308 356 387 397; x_wconf 82' lang='grc' dir='ltr'><em>καί</em></span> <span class='ocrx_word' id='word_1_14' title='bbox 415 365 463 397; x_wconf 91' lang='grc' dir='ltr'><em>σε</em></span> <span class='ocrx_word' id='word_1_15' title='bbox 496 351 766 397; x_wconf 81' lang='grc' dir='ltr'><em>Ποσειδάων</em></span> <span class='ocrx_word' id='word_1_16' title='bbox 797 351 944 410; x_wconf 91' lang='grc' dir='ltr'><em>χάρμα</em></span> <span class='ocrx_word' id='word_1_17' title='bbox 977 355 1127 409; x_wconf 81' lang='grc' dir='ltr'><em>φίλοις</em></span> <span class='ocrx_word' id='word_1_18' title='bbox 1158 350 1334 408; x_wconf 81' lang='grc' dir='ltr'><em>άνάγοι.</em></span> 
     </span>
    </p>
   </div>
   <div class='ocr_carea' id='block_1_4' title="bbox 249 470 1546 603">
    <p class='ocr_par' dir='ltr' id='par_1_4' title="bbox 249 470 1546 603">
     <span class='ocr_line' id='line_1_7' title="bbox 249 470 1546 530; baseline -0.002 -12"><span class='ocrx_word' id='word_1_19' title='bbox 249 471 459 525; x_wconf 84' lang='grc' dir='ltr'><em>Πολλούς</em></span> <span class='ocrx_word' id='word_1_20' title='bbox 489 489 558 516; x_wconf 91' lang='grc' dir='ltr'><em>τοι</em></span> <span class='ocrx_word' id='word_1_21' title='bbox 590 471 724 530; x_wconf 89' lang='grc' dir='ltr'><em>κόρος</em></span> <span class='ocrx_word' id='word_1_22' title='bbox 755 470 926 530; x_wconf 77' lang='grc' dir='ltr'><em>ἄνδρας</em></span> <span class='ocrx_word' id='word_1_23' title='bbox 957 470 1187 517; x_wconf 77' lang='grc' dir='ltr'><em>ἀπώλεσεν</em></span> <span class='ocrx_word' id='word_1_24' title='bbox 1220 470 1546 529; x_wconf 88' lang='grc' dir='ltr'><em>άφραίνοντας·</em></span> 
     </span>
     <span class='ocr_line' id='line_1_8' title="bbox 308 541 1486 603; baseline -0.001 -15"><span class='ocrx_word' id='word_1_25' title='bbox 308 546 479 602; x_wconf 77' lang='grc' dir='ltr'><em>γνῶναι</em></span> <span class='ocrx_word' id='word_1_26' title='bbox 512 542 599 601; x_wconf 72' lang='grc' dir='ltr'><em>γὰρ</em></span> <span class='ocrx_word' id='word_1_27' title='bbox 631 541 825 602; x_wconf 87' lang='grc' dir='ltr'><em>χαλεπὸν</em></span> <span class='ocrx_word' id='word_1_28' title='bbox 858 544 1044 601; x_wconf 83' lang='grc' dir='ltr'><em>μέτρον,</em></span> <span class='ocrx_word' id='word_1_29' title='bbox 1077 541 1142 588; x_wconf 82' lang='grc' dir='ltr'><em>ὅτ’</em></span> <span class='ocrx_word' id='word_1_30' title='bbox 1179 541 1320 588; x_wconf 80' lang='grc' dir='ltr'><em>ἐσθλὰ</em></span> <span class='ocrx_word' id='word_1_31' title='bbox 1355 545 1486 603; x_wconf 82' lang='grc' dir='ltr'><em>παρῇ.</em></span> 
     </span>
    </p>
   </div>
   <div class='ocr_carea' id='block_1_5' title="bbox 154 661 1527 793">
    <p class='ocr_par' dir='ltr' id='par_1_5' title="bbox 154 661 1527 793">
     <span class='ocr_line' id='line_1_9' title="bbox 154 661 1527 722; baseline -0.002 -12"><span class='ocrx_word' id='word_1_32' title='bbox 154 675 223 710; x_wconf 80' lang='lat'><em>695</em></span> <span class='ocrx_word' id='word_1_33' title='bbox 251 662 319 709; x_wconf 81' lang='grc' dir='ltr'><em>Οὐ</em></span> <span class='ocrx_word' id='word_1_34' title='bbox 352 663 554 721; x_wconf 82' lang='grc' dir='ltr'><em>δύναμαί</em></span> <span class='ocrx_word' id='word_1_35' title='bbox 583 676 676 719; x_wconf 88' lang='grc' dir='ltr'><em>σοι,</em></span> <span class='ocrx_word' id='word_1_36' title='bbox 707 664 848 722; x_wconf 86' lang='grc' dir='ltr'><em>θυμέ,</em></span> <span class='ocrx_word' id='word_1_37' title='bbox 881 672 1126 722; x_wconf 76' lang='grc' dir='ltr'><em>παρασχεῖν</em></span> <span class='ocrx_word' id='word_1_38' title='bbox 1159 661 1331 720; x_wconf 79' lang='grc' dir='ltr'><em>ἄρμενα</em></span> <span class='ocrx_word' id='word_1_39' title='bbox 1363 661 1527 707; x_wconf 85' lang='grc' dir='ltr'><em>πάντα·</em></span> 
     </span>
     <span class='ocr_line' id='line_1_10' title="bbox 307 728 1468 793; baseline -0.001 -13"><span class='ocrx_word' id='word_1_40' title='bbox 307 728 504 781; x_wconf 78' lang='grc' dir='ltr'><em>τέτλαθι·</em></span> <span class='ocrx_word' id='word_1_41' title='bbox 536 737 629 781; x_wconf 77' lang='grc' dir='ltr'><em>τῶν</em></span> <span class='ocrx_word' id='word_1_42' title='bbox 662 734 712 781; x_wconf 77' lang='grc' dir='ltr'><em>δὲ</em></span> <span class='ocrx_word' id='word_1_43' title='bbox 742 737 893 781; x_wconf 77' lang='grc' dir='ltr'><em>καλῶν</em></span> <span class='ocrx_word' id='word_1_44' title='bbox 927 733 1024 780; x_wconf 82' lang='grc' dir='ltr'><em>οὔτι</em></span> <span class='ocrx_word' id='word_1_45' title='bbox 1058 733 1114 779; x_wconf 86' lang='grc' dir='ltr'><em>σὺ</em></span> <span class='ocrx_word' id='word_1_46' title='bbox 1148 737 1320 792; x_wconf 79' lang='grc' dir='ltr'><em>μοῦνος</em></span> <span class='ocrx_word' id='word_1_47' title='bbox 1352 735 1468 793; x_wconf 84' lang='grc' dir='ltr'><em>ε’ρᾷς.</em></span> 
     </span>
    </p>
   </div>
   <div class='ocr_carea' id='block_1_6' title="bbox 250 849 1586 986">
    <p class='ocr_par' dir='ltr' id='par_1_6' title="bbox 250 849 1586 986">
     <span class='ocr_line' id='line_1_11' title="bbox 250 849 1586 913; baseline 0 -14"><span class='ocrx_word' id='word_1_48' title='bbox 250 849 318 900; x_wconf 82' lang='grc' dir='ltr'><em>Εὖ</em></span> <span class='ocrx_word' id='word_1_49' title='bbox 349 854 431 912; x_wconf 73' lang='grc' dir='ltr'><em>μὲν</em></span> <span class='ocrx_word' id='word_1_50' title='bbox 465 858 642 913; x_wconf 85' lang='grc' dir='ltr'><em>ἔχοντος</em></span> <span class='ocrx_word' id='word_1_51' title='bbox 674 856 784 913; x_wconf 83' lang='grc' dir='ltr'><em>ἐμοῦ</em></span> <span class='ocrx_word' id='word_1_52' title='bbox 816 854 976 900; x_wconf 85' lang='grc' dir='ltr'><em>πολλοὶ</em></span> <span class='ocrx_word' id='word_1_53' title='bbox 1008 858 1152 910; x_wconf 70' lang='grc' dir='ltr'><em>φίλοι*</em></span> <span class='ocrx_word' id='word_1_54' title='bbox 1185 851 1244 911; x_wconf 81' lang='grc' dir='ltr'><em>ἢν</em></span> <span class='ocrx_word' id='word_1_55' title='bbox 1277 855 1330 899; x_wconf 86' lang='grc' dir='ltr'><em>δέ</em></span> <span class='ocrx_word' id='word_1_56' title='bbox 1357 871 1398 898; x_wconf 89' lang='grc' dir='ltr'><em>τι</em></span> <span class='ocrx_word' id='word_1_57' title='bbox 1431 854 1586 899; x_wconf 82' lang='grc' dir='ltr'><em>δεινόν</em></span> 
     </span>
     <span class='ocr_line' id='line_1_12' title="bbox 310 925 1293 986; baseline -0.002 -14"><span class='ocrx_word' id='word_1_58' title='bbox 310 926 561 986; x_wconf 77' lang='grc' dir='ltr'><em>συγκύρσῃ,</em></span> <span class='ocrx_word' id='word_1_59' title='bbox 592 929 759 986; x_wconf 83' lang='grc' dir='ltr'><em>παῦροι</em></span> <span class='ocrx_word' id='word_1_60' title='bbox 792 925 952 971; x_wconf 84' lang='grc' dir='ltr'><em>πιστὸν</em></span> <span class='ocrx_word' id='word_1_61' title='bbox 984 929 1135 984; x_wconf 78' lang='grc' dir='ltr'><em>ἔχουσι</em></span> <span class='ocrx_word' id='word_1_62' title='bbox 1168 925 1293 971; x_wconf 91' lang='grc' dir='ltr'><em>νόον.</em></span> 
     </span>
    </p>
   </div>
   <div class='ocr_carea' id='block_1_7' title="bbox 157 1024 1695 1464">
    <p class='ocr_par' dir='ltr' id='par_1_7' title="bbox 157 1024 1695 1464">
     <span class='ocr_line' id='line_1_13' title="bbox 251 1024 1695 1104; baseline -0.001 -12"><span class='ocrx_word' id='word_1_63' title='bbox 251 1045 428 1104; x_wconf 79' lang='grc' dir='ltr'><em>Πλήθει</em></span> <span class='ocrx_word' id='word_1_64' title='bbox 462 1045 503 1091; x_wconf 85' lang='grc' dir='ltr'><em>δ’</em></span> <span class='ocrx_word' id='word_1_65' title='bbox 540 1045 801 1103; x_wconf 73' lang='grc' dir='ltr'><em>ἀνθρώπων</em></span> <span class='ocrx_word' id='word_1_66' title='bbox 833 1043 968 1104; x_wconf 78' lang='grc' dir='ltr'><em>ἀρετὴ</em></span> <span class='ocrx_word' id='word_1_67' title='bbox 1002 1051 1080 1103; x_wconf 86' lang='grc' dir='ltr'><em>μία</em></span> <span class='ocrx_word' id='word_1_68' title='bbox 1113 1049 1283 1103; x_wconf 77' lang='grc' dir='ltr'><em>γίνεται</em></span> <span class='ocrx_word' id='word_1_69' title='bbox 1317 1044 1444 1102; x_wconf 73' lang='grc' dir='ltr'><em>ἥδε,”</em></span> <span class='ocrx_word' id='word_1_70' title='bbox 1625 1024 1695 1090; x_wconf 50' lang='lat'><em>{31</em></span> 
     </span>
     <span class='ocr_line' id='line_1_14' title="bbox 157 1111 1520 1174; baseline -0.001 -11"><span class='ocrx_word' id='word_1_71' title='bbox 157 1131 226 1164; x_wconf 82' lang='lat'>&#39;700</span> <span class='ocrx_word' id='word_1_72' title='bbox 315 1122 543 1163; x_wconf 78' lang='grc' dir='ltr'><em>πλουτεῖν·</em></span> <span class='ocrx_word' id='word_1_73' title='bbox 575 1119 666 1163; x_wconf 80' lang='grc' dir='ltr'><em>τῶν</em></span> <span class='ocrx_word' id='word_1_74' title='bbox 699 1115 743 1162; x_wconf 82' lang='grc' dir='ltr'><em>δ’</em></span> <span class='ocrx_word' id='word_1_75' title='bbox 778 1116 930 1162; x_wconf 75' lang='grc' dir='ltr'><em>ἄλλων</em></span> <span class='ocrx_word' id='word_1_76' title='bbox 963 1114 1101 1162; x_wconf 75' lang='grc' dir='ltr'><em>οὐδὲν</em></span> <span class='ocrx_word' id='word_1_77' title='bbox 1133 1114 1207 1174; x_wconf 73' lang='grc' dir='ltr'><em>ἄρ’</em></span> <span class='ocrx_word' id='word_1_78' title='bbox 1246 1111 1303 1173; x_wconf 83' lang='grc' dir='ltr'><em>ἦν</em></span> <span class='ocrx_word' id='word_1_79' title='bbox 1337 1115 1520 1174; x_wconf 78' lang='grc' dir='ltr'><em>ὄφελος,</em></span> 
     </span>
     <span class='ocr_line' id='line_1_15' title="bbox 248 1185 1593 1248; baseline -0.001 -13"><span class='ocrx_word' id='word_1_80' title='bbox 248 1188 350 1235; x_wconf 84' lang='grc' dir='ltr'><em>οὐδ’</em></span> <span class='ocrx_word' id='word_1_81' title='bbox 386 1193 428 1235; x_wconf 80' lang='grc' dir='ltr'><em>εἰ</em></span> <span class='ocrx_word' id='word_1_82' title='bbox 458 1189 764 1248; x_wconf 84' lang='grc' dir='ltr'><em>σωφροσύνην</em></span> <span class='ocrx_word' id='word_1_83' title='bbox 796 1188 878 1247; x_wconf 71' lang='grc' dir='ltr'><em>μὲν</em></span> <span class='ocrx_word' id='word_1_84' title='bbox 911 1191 1028 1247; x_wconf 80' lang='grc' dir='ltr'><em>ἔχοις</em></span> <span class='ocrx_word' id='word_1_85' title='bbox 1052 1186 1399 1246; x_wconf 86' lang='grc' dir='ltr'><em>Ῥαδαμάνθυος</em></span> <span class='ocrx_word' id='word_1_86' title='bbox 1431 1185 1593 1245; x_wconf 81' lang='grc' dir='ltr'><em>αὐτοῦ,</em></span> 
     </span>
     <span class='ocr_line' id='line_1_16' title="bbox 306 1260 1291 1319; baseline -0.002 -12"><span class='ocrx_word' id='word_1_87' title='bbox 306 1265 490 1307; x_wconf 82' lang='grc' dir='ltr'><em>πλείονα</em></span> <span class='ocrx_word' id='word_1_88' title='bbox 525 1260 566 1307; x_wconf 91' lang='grc' dir='ltr'><em>δ’</em></span> <span class='ocrx_word' id='word_1_89' title='bbox 603 1264 766 1319; x_wconf 81' lang='grc' dir='ltr'><em>εἰδείης</em></span> <span class='ocrx_word' id='word_1_90' title='bbox 797 1260 1012 1319; x_wconf 83' lang='grc' dir='ltr'><em>Σισύφου</em></span> <span class='ocrx_word' id='word_1_91' title='bbox 1044 1263 1291 1318; x_wconf 82' lang='grc' dir='ltr'><em>Αἰολίδεω,</em></span> 
     </span>
     <span class='ocr_line' id='line_1_17' title="bbox 248 1331 1346 1391; baseline -0.003 -11"><span class='ocrx_word' id='word_1_92' title='bbox 248 1333 350 1380; x_wconf 83' lang='grc' dir='ltr'><em>ὅστε</em></span> <span class='ocrx_word' id='word_1_93' title='bbox 380 1334 454 1379; x_wconf 83' lang='grc' dir='ltr'><em>καὶ</em></span> <span class='ocrx_word' id='word_1_94' title='bbox 487 1334 531 1388; x_wconf 84' lang='grc' dir='ltr'><em>ἐξ</em></span> <span class='ocrx_word' id='word_1_95' title='bbox 559 1331 713 1378; x_wconf 84' lang='grc' dir='ltr'><em>Ἀΐδεω</em></span> <span class='ocrx_word' id='word_1_96' title='bbox 746 1335 1087 1391; x_wconf 82' lang='grc' dir='ltr'><em>πολυϊδρείῃσιν</em></span> <span class='ocrx_word' id='word_1_97' title='bbox 1119 1331 1346 1390; x_wconf 76' lang='grc' dir='ltr'><em>ἀνῆλθεν,</em></span> 
     </span>
     <span class='ocr_line' id='line_1_18' title="bbox 308 1392 1283 1464; baseline -0.002 -13"><span class='ocrx_word' id='word_1_98' title='bbox 308 1410 462 1459; x_wconf 87' lang='grc' dir='ltr'><em>πείσας</em></span> <span class='ocrx_word' id='word_1_99' title='bbox 494 1405 796 1464; x_wconf 85' lang='grc' dir='ltr'><em>Περσεφόνην</em></span> <span class='ocrx_word' id='word_1_100' title='bbox 830 1407 1077 1462; x_wconf 76' lang='grc' dir='ltr'><em>αἱμυλίοισι</em></span> <span class='ocrx_word' id='word_1_101' title='bbox 1109 1392 1283 1462; x_wconf 80' lang='grc' dir='ltr'><em>λόγοις,</em></span> 
     </span>
    </p>
   </div>
   <div class='ocr_carea' id='block_1_8' title="bbox 109 1558 1702 2995">
    <p class='ocr_par' dir='ltr' id='par_1_8' title="bbox 109 1558 1702 2995">
     <span class='ocr_line' id='line_1_19' title="bbox 152 1558 1701 1608; baseline -0.003 -8"><span class='ocrx_word' id='word_1_102' title='bbox 152 1563 355 1600; x_wconf 80' lang='lat' dir='ltr'><strong>verisimile</strong></span> <span class='ocrx_word' id='word_1_103' title='bbox 391 1563 457 1598; x_wconf 79' lang='lat' dir='ltr'><em>est.</em></span> <span class='ocrx_word' id='word_1_104' title='bbox 508 1562 602 1598; x_wconf 85' lang='lat' dir='ltr'><em>Item</em></span> <span class='ocrx_word' id='word_1_105' title='bbox 642 1560 878 1608; x_wconf 77' lang='lat' dir='ltr'><strong>reprobanda</strong></span> <span class='ocrx_word' id='word_1_106' title='bbox 915 1562 973 1596; x_wconf 83' lang='lat' dir='ltr'><em>est</em></span> <span class='ocrx_word' id='word_1_107' title='bbox 1006 1571 1127 1607; x_wconf 84' lang='lat' dir='ltr'><strong>prava</strong></span> <span class='ocrx_word' id='word_1_108' title='bbox 1157 1560 1343 1606; x_wconf 76' lang='lat' dir='ltr'><strong>scriptura</strong></span> <span class='ocrx_word' id='word_1_109' title='bbox 1375 1560 1468 1606; x_wconf 81' lang='grc' dir='ltr'><em>δῷσι</em></span> <span class='ocrx_word' id='word_1_110' title='bbox 1502 1560 1540 1596; x_wconf 81' lang='lat' dir='ltr'><em>et</em></span> <span class='ocrx_word' id='word_1_111' title='bbox 1571 1558 1701 1607; x_wconf 81' lang='grc' dir='ltr'><em>δώῃσι,</em></span> 
     </span>
     <span class='ocr_line' id='line_1_20' title="bbox 154 1605 1701 1654; baseline -0.003 -6"><span class='ocrx_word' id='word_1_112' title='bbox 154 1623 241 1648; x_wconf 76' lang='lat' dir='ltr'><em>nam</em></span> <span class='ocrx_word' id='word_1_113' title='bbox 268 1611 362 1647; x_wconf 82' lang='grc' dir='ltr'><em>δῶσι</em></span> <span class='ocrx_word' id='word_1_114' title='bbox 389 1622 434 1646; x_wconf 87' lang='lat' dir='ltr'><em>ex</em></span> <span class='ocrx_word' id='word_1_115' title='bbox 461 1611 627 1646; x_wconf 78' lang='grc' dir='ltr'><em>ΔΩΕΣΙ</em></span> <span class='ocrx_word' id='word_1_116' title='bbox 657 1608 852 1645; x_wconf 79' lang='lat' dir='ltr'><strong>descendit</strong></span> <span class='ocrx_word' id='word_1_117' title='bbox 884 1608 996 1654; x_wconf 89' lang='lat' dir='ltr'><strong>(unde</strong></span> <span class='ocrx_word' id='word_1_118' title='bbox 1024 1608 1137 1644; x_wconf 76' lang='lat' dir='ltr'><strong>etiam</strong></span> <span class='ocrx_word' id='word_1_119' title='bbox 1166 1605 1274 1644; x_wconf 79' lang='grc' dir='ltr'><em>ὃῶει</em></span> <span class='ocrx_word' id='word_1_120' title='bbox 1299 1610 1450 1653; x_wconf 82' lang='lat' dir='ltr'><strong>poterat</strong></span> <span class='ocrx_word' id='word_1_121' title='bbox 1474 1608 1563 1644; x_wconf 90' lang='lat' dir='ltr'><strong>olim</strong></span> <span class='ocrx_word' id='word_1_122' title='bbox 1590 1609 1701 1654; x_wconf 86' lang='lat' dir='ltr'><strong>profi-</strong></span> 
     </span>
     <span class='ocr_line' id='line_1_21' title="bbox 152 1651 1701 1715; baseline -0.003 -19"><span class='ocrx_word' id='word_1_123' title='bbox 152 1659 270 1715; x_wconf 56' lang='lat' dir='ltr'><strong>cisci),</strong></span> <span class='ocrx_word' id='word_1_124' title='bbox 299 1670 343 1695; x_wconf 89' lang='lat' dir='ltr'><em>ex</em></span> <span class='ocrx_word' id='word_1_125' title='bbox 369 1657 542 1704; x_wconf 78' lang='lat' dir='ltr'><strong>legitima</strong></span> <span class='ocrx_word' id='word_1_126' title='bbox 566 1658 693 1693; x_wconf 84' lang='lat' dir='ltr'><strong>autem</strong></span> <span class='ocrx_word' id='word_1_127' title='bbox 719 1657 841 1692; x_wconf 79' lang='lat' dir='ltr'><strong>forma</strong></span> <span class='ocrx_word' id='word_1_128' title='bbox 865 1653 984 1702; x_wconf 80' lang='grc' dir='ltr'><em>δώησι</em></span> <span class='ocrx_word' id='word_1_129' title='bbox 1016 1656 1253 1692; x_wconf 84' lang='lat' dir='ltr'><strong>decurtatum</strong></span> <span class='ocrx_word' id='word_1_130' title='bbox 1279 1653 1370 1703; x_wconf 80' lang='grc' dir='ltr'><em>δώῃ.</em></span> <span class='ocrx_word' id='word_1_131' title='bbox 1409 1675 1456 1682; x_wconf 81' lang='grc'><em>--</em></span> <span class='ocrx_word' id='word_1_132' title='bbox 1494 1655 1538 1693; x_wconf 91' lang='lat' dir='ltr'><em>V.</em></span> <span class='ocrx_word' id='word_1_133' title='bbox 1565 1659 1644 1692; x_wconf 79' lang='lat'><em>690.</em></span> <span class='ocrx_word' id='word_1_134' title='bbox 1679 1651 1701 1692; x_wconf 78' lang='grc' dir='ltr'>ὅ</span> 
     </span>
     <span class='ocr_line' id='line_1_22' title="bbox 151 1697 1702 1750; baseline -0.003 -7"><span class='ocrx_word' id='word_1_135' title='bbox 151 1721 204 1750; x_wconf 90' lang='grc' dir='ltr'><em>τι,</em></span> <span class='ocrx_word' id='word_1_136' title='bbox 236 1719 298 1743; x_wconf 86' lang='grc' dir='ltr'><em>οτε</em></span> <span class='ocrx_word' id='word_1_137' title='bbox 332 1704 544 1742; x_wconf 66' lang='lat' dir='ltr'><strong>Obdefhlm.</strong></span> <span class='ocrx_word' id='word_1_138' title='bbox 579 1725 623 1731; x_wconf 94' lang='lat'>—</span> <span class='ocrx_word' id='word_1_139' title='bbox 661 1703 826 1749; x_wconf 84' lang='grc' dir='ltr'><em>τελέσαι,</em></span> <span class='ocrx_word' id='word_1_140' title='bbox 859 1703 1031 1740; x_wconf 84' lang='grc' dir='ltr'><em>τελέσσαι</em></span> <span class='ocrx_word' id='word_1_141' title='bbox 1062 1704 1107 1740; x_wconf 90' lang='lat' dir='ltr'><em>el.</em></span> <span class='ocrx_word' id='word_1_142' title='bbox 1147 1725 1191 1730; x_wconf 89' lang='lat'>—</span> <span class='ocrx_word' id='word_1_143' title='bbox 1231 1704 1274 1741; x_wconf 91' lang='lat' dir='ltr'><em>V.</em></span> <span class='ocrx_word' id='word_1_144' title='bbox 1311 1707 1391 1739; x_wconf 84' lang='grc'><em>691.</em></span> <span class='ocrx_word' id='word_1_145' title='bbox 1425 1697 1469 1739; x_wconf 87' lang='grc' dir='ltr'><em>εὖ</em></span> <span class='ocrx_word' id='word_1_146' title='bbox 1499 1701 1702 1749; x_wconf 83' lang='grc' dir='ltr'><em>τελέσειας,</em></span> 
     </span>
     <span class='ocr_line' id='line_1_23' title="bbox 151 1749 1701 1798; baseline -0.003 -7"><span class='ocrx_word' id='word_1_147' title='bbox 151 1755 300 1791; x_wconf 85' lang='lat' dir='ltr'><strong>Hecker</strong></span> <span class='ocrx_word' id='word_1_148' title='bbox 325 1750 484 1790; x_wconf 79' lang='grc' dir='ltr'><em>ἐκτελέ</em></span> <span class='ocrx_word' id='word_1_149' title='bbox 492 1765 537 1788; x_wconf 87' lang='grc' dir='ltr'><em>σε</em></span> <span class='ocrx_word' id='word_1_150' title='bbox 548 1766 629 1794; x_wconf 87' lang='grc' dir='ltr'><em>ιας.</em></span> <span class='ocrx_word' id='word_1_151' title='bbox 657 1773 702 1778; x_wconf 90' lang='grc'>-</span> <span class='ocrx_word' id='word_1_152' title='bbox 723 1752 766 1790; x_wconf 89' lang='lat' dir='ltr'><em>V.</em></span> <span class='ocrx_word' id='word_1_153' title='bbox 783 1755 862 1788; x_wconf 82' lang='lat'><em>692.</em></span> <span class='ocrx_word' id='word_1_154' title='bbox 885 1749 1042 1798; x_wconf 75' lang='grc' dir='ltr'><em>ἄνάγοι,</em></span> <span class='ocrx_word' id='word_1_155' title='bbox 1063 1751 1165 1797; x_wconf 83' lang='lat' dir='ltr'><strong>quod</strong></span> <span class='ocrx_word' id='word_1_156' title='bbox 1184 1752 1300 1787; x_wconf 84' lang='lat' dir='ltr'><strong>etiam</strong></span> <span class='ocrx_word' id='word_1_157' title='bbox 1320 1751 1467 1787; x_wconf 82' lang='lat' dir='ltr'><strong>Heoker</strong></span> <span class='ocrx_word' id='word_1_158' title='bbox 1487 1751 1701 1797; x_wconf 78' lang='lat' dir='ltr'><strong>suspicatus</strong></span> 
     </span>
     <span class='ocr_line' id='line_1_24' title="bbox 152 1796 1698 1847; baseline -0.001 -9"><span class='ocrx_word' id='word_1_159' title='bbox 152 1805 220 1847; x_wconf 80' lang='lat' dir='ltr'><strong>est,</strong></span> <span class='ocrx_word' id='word_1_160' title='bbox 241 1802 386 1847; x_wconf 74' lang='lat' dir='ltr'><strong>scripsi,</strong></span> <span class='ocrx_word' id='word_1_161' title='bbox 413 1813 447 1837; x_wconf 84' lang='lat' dir='ltr'><em>v.</em></span> <span class='ocrx_word' id='word_1_162' title='bbox 468 1796 609 1847; x_wconf 73' lang='grc' dir='ltr'><em>ἀγάγοι</em></span> <span class='ocrx_word' id='word_1_163' title='bbox 628 1800 683 1847; x_wconf 90' lang='lat' dir='ltr'><strong>(in</strong></span> <span class='ocrx_word' id='word_1_164' title='bbox 702 1801 735 1835; x_wconf 92' lang='lat' dir='ltr'>A</span> <span class='ocrx_word' id='word_1_165' title='bbox 754 1796 803 1846; x_wconf 60' lang='grc' dir='ltr'><em>ἄν</em></span> <span class='ocrx_word' id='word_1_166' title='bbox 824 1811 909 1835; x_wconf 86' lang='lat' dir='ltr'><em>oum</em></span> <span class='ocrx_word' id='word_1_167' title='bbox 929 1811 1014 1844; x_wconf 65' lang='lat' dir='ltr'><em>ras„</em></span> <span class='ocrx_word' id='word_1_168' title='bbox 1037 1811 1107 1836; x_wconf 85' lang='lat' dir='ltr'><em>sec.</em></span> <span class='ocrx_word' id='word_1_169' title='bbox 1129 1799 1224 1835; x_wconf 83' lang='lat' dir='ltr'><em>Iord.</em></span> <span class='ocrx_word' id='word_1_170' title='bbox 1248 1811 1340 1835; x_wconf 87' lang='lat' dir='ltr'><strong>corr.</strong></span> <span class='ocrx_word' id='word_1_171' title='bbox 1355 1799 1393 1834; x_wconf 92' lang='lat' dir='ltr'><strong>in</strong></span> <span class='ocrx_word' id='word_1_172' title='bbox 1415 1797 1491 1843; x_wconf 79' lang='grc' dir='ltr'><em>ἄν),</em></span> <span class='ocrx_word' id='word_1_173' title='bbox 1512 1799 1541 1835; x_wconf 94' lang='grc' dir='ltr'>Ο</span> <span class='ocrx_word' id='word_1_174' title='bbox 1563 1796 1698 1845; x_wconf 80' lang='grc' dir='ltr'><em>άγάγη.</em></span> 
     </span>
     <span class='ocr_line' id='line_1_25' title="bbox 153 1843 1700 1895; baseline -0.003 -9"><span class='ocrx_word' id='word_1_175' title='bbox 153 1871 197 1877; x_wconf 85' lang='grc'><em>--</em></span> <span class='ocrx_word' id='word_1_176' title='bbox 210 1850 256 1886; x_wconf 88' lang='lat' dir='ltr'><em>V.</em></span> <span class='ocrx_word' id='word_1_177' title='bbox 269 1853 445 1892; x_wconf 80' lang='lat'>693-94,</span> <span class='ocrx_word' id='word_1_178' title='bbox 461 1860 554 1895; x_wconf 82' lang='lat' dir='ltr'><strong>quos</strong></span> <span class='ocrx_word' id='word_1_179' title='bbox 569 1849 698 1884; x_wconf 83' lang='lat' dir='ltr'><strong>Solom&#39;</strong></span> <span class='ocrx_word' id='word_1_180' title='bbox 717 1847 898 1884; x_wconf 85' lang='lat' dir='ltr'>adscribit</span> <span class='ocrx_word' id='word_1_181' title='bbox 914 1848 1095 1894; x_wconf 80' lang='lat' dir='ltr'><strong>Hartung,</strong></span> <span class='ocrx_word' id='word_1_182' title='bbox 1116 1847 1226 1883; x_wconf 82' lang='lat' dir='ltr'><strong>affert</strong></span> <span class='ocrx_word' id='word_1_183' title='bbox 1237 1846 1341 1884; x_wconf 88' lang='lat' dir='ltr'><strong>Stob.</strong></span> <span class='ocrx_word' id='word_1_184' title='bbox 1362 1847 1414 1883; x_wconf 92' lang='lat' dir='ltr'><em>IV</em></span> <span class='ocrx_word' id='word_1_185' title='bbox 1428 1851 1485 1882; x_wconf 85' lang='lat'><em>45.</em></span> <span class='ocrx_word' id='word_1_186' title='bbox 1503 1867 1546 1872; x_wconf 91' lang='lat'><em>—-</em></span> <span class='ocrx_word' id='word_1_187' title='bbox 1562 1843 1700 1893; x_wconf 78' lang='grc' dir='ltr'><em>ἀφραί-</em></span> 
     </span>
     <span class='ocr_line' id='line_1_26' title="bbox 151 1891 1698 1942; baseline -0.003 -8"><span class='ocrx_word' id='word_1_188' title='bbox 151 1911 287 1939; x_wconf 84' lang='grc' dir='ltr'><em>νοντας</em></span> <span class='ocrx_word' id='word_1_189' title='bbox 309 1897 372 1934; x_wconf 82' lang='grc' dir='ltr'><em>ΑΟ</em></span> <span class='ocrx_word' id='word_1_190' title='bbox 399 1899 440 1933; x_wconf 77' lang='lat' dir='ltr'><em>et</em></span> <span class='ocrx_word' id='word_1_191' title='bbox 465 1897 582 1941; x_wconf 78' lang='lat' dir='ltr'><strong>Stob,</strong></span> <span class='ocrx_word' id='word_1_192' title='bbox 609 1893 876 1942; x_wconf 82' lang='grc' dir='ltr'><em>ἆφρανέοντας</em></span> <span class='ocrx_word' id='word_1_193' title='bbox 901 1907 949 1940; x_wconf 83' lang='lat' dir='ltr'><em>e‚-</em></span> <span class='ocrx_word' id='word_1_194' title='bbox 966 1893 1231 1941; x_wconf 84' lang='grc' dir='ltr'><em>ὀφρανέοντας</em></span> <span class='ocrx_word' id='word_1_195' title='bbox 1255 1895 1287 1939; x_wconf 90' lang='lat' dir='ltr'><em>l,</em></span> <span class='ocrx_word' id='word_1_196' title='bbox 1320 1891 1584 1941; x_wconf 78' lang='grc' dir='ltr'><em>ἄφρονέοντας</em></span> <span class='ocrx_word' id='word_1_197' title='bbox 1596 1895 1625 1930; x_wconf 78' lang='grc'><em>*.</em></span> <span class='ocrx_word' id='word_1_198' title='bbox 1654 1916 1698 1922; x_wconf 84' lang='grc'><strong>-</strong></span> 
     </span>
     <span class='ocr_line' id='line_1_27' title="bbox 151 1940 1699 1992; baseline -0.002 -12"><span class='ocrx_word' id='word_1_199' title='bbox 151 1946 196 1982; x_wconf 92' lang='lat' dir='ltr'><em>V.</em></span> <span class='ocrx_word' id='word_1_200' title='bbox 215 1950 294 1983; x_wconf 81' lang='lat'><strong>694.</strong></span> <span class='ocrx_word' id='word_1_201' title='bbox 321 1945 482 1992; x_wconf 78' lang='grc' dir='ltr'><em>γνῶναι,</em></span> <span class='ocrx_word' id='word_1_202' title='bbox 509 1945 658 1991; x_wconf 78' lang='grc' dir='ltr'><em>γνῶμαι</em></span> <span class='ocrx_word' id='word_1_203' title='bbox 682 1957 712 1980; x_wconf 87' lang='lat' dir='ltr'><em>c.</em></span> <span class='ocrx_word' id='word_1_204' title='bbox 740 1965 785 1971; x_wconf 98' lang='lat'><strong>—</strong></span> <span class='ocrx_word' id='word_1_205' title='bbox 811 1943 966 1990; x_wconf 87' lang='grc' dir='ltr'><em>μέτρον,</em></span> <span class='ocrx_word' id='word_1_206' title='bbox 994 1944 1098 1980; x_wconf 80' lang='lat' dir='ltr'><strong>Stob.</strong></span> <span class='ocrx_word' id='word_1_207' title='bbox 1124 1944 1274 1988; x_wconf 82' lang='grc' dir='ltr'><em>παῦρον</em></span> <span class='ocrx_word' id='word_1_208' title='bbox 1301 1942 1356 1986; x_wconf 89' lang='lat' dir='ltr'><strong>(id</strong></span> <span class='ocrx_word' id='word_1_209' title='bbox 1381 1945 1440 1978; x_wconf 72' lang='lat' dir='ltr'><em>est</em></span> <span class='ocrx_word' id='word_1_210' title='bbox 1465 1940 1626 1987; x_wconf 80' lang='grc' dir='ltr'><em>καιρὸν).</em></span> <span class='ocrx_word' id='word_1_211' title='bbox 1654 1964 1699 1969; x_wconf 85' lang='lat'><em>—-—</em></span> 
     </span>
     <span class='ocr_line' id='line_1_28' title="bbox 152 1990 1699 2038; baseline -0.002 -8"><span class='ocrx_word' id='word_1_212' title='bbox 152 1995 346 2032; x_wconf 80' lang='lat' dir='ltr'><em>V.695-6</em></span> <span class='ocrx_word' id='word_1_213' title='bbox 360 1992 470 2029; x_wconf 84' lang='lat' dir='ltr'><strong>affert</strong></span> <span class='ocrx_word' id='word_1_214' title='bbox 484 1993 586 2028; x_wconf 85' lang='lat' dir='ltr'><strong>Stob.</strong></span> <span class='ocrx_word' id='word_1_215' title='bbox 601 1992 687 2028; x_wconf 86' lang='lat' dir='ltr'><em>XIX</em></span> <span class='ocrx_word' id='word_1_216' title='bbox 705 1997 760 2028; x_wconf 90' lang='grc'><em>11.</em></span> <span class='ocrx_word' id='word_1_217' title='bbox 776 1993 903 2038; x_wconf 85' lang='lat' dir='ltr'><strong>Apost.</strong></span> <span class='ocrx_word' id='word_1_218' title='bbox 922 1991 1007 2027; x_wconf 89' lang='lat' dir='ltr'>XIII</span> <span class='ocrx_word' id='word_1_219' title='bbox 1023 1996 1066 2028; x_wconf 81' lang='lat'><em>77</em></span> <span class='ocrx_word' id='word_1_220' title='bbox 1081 2003 1115 2036; x_wconf 82' lang='lat' dir='ltr'><em>a,</em></span> <span class='ocrx_word' id='word_1_221' title='bbox 1136 2004 1170 2027; x_wconf 89' lang='lat' dir='ltr'><em>v.</em></span> <span class='ocrx_word' id='word_1_222' title='bbox 1186 1995 1266 2029; x_wconf 83' lang='lat'><strong>695.</strong></span> <span class='ocrx_word' id='word_1_223' title='bbox 1281 1990 1432 2027; x_wconf 81' lang='lat' dir='ltr'><strong>Maxim.</strong></span> <span class='ocrx_word' id='word_1_224' title='bbox 1450 1990 1554 2026; x_wconf 89' lang='lat' dir='ltr'><strong>Conf.</strong></span> <span class='ocrx_word' id='word_1_225' title='bbox 1570 1990 1604 2026; x_wconf 92' lang='grc' dir='ltr'><em>Π</em></span> <span class='ocrx_word' id='word_1_226' title='bbox 1619 1994 1699 2027; x_wconf 83' lang='lat'><strong>595.</strong></span> 
     </span>
     <span class='ocr_line' id='line_1_29' title="bbox 154 2036 1699 2087; baseline -0.001 -10"><span class='ocrx_word' id='word_1_227' title='bbox 154 2063 197 2068; x_wconf 91' lang='lat'>—</span> <span class='ocrx_word' id='word_1_228' title='bbox 220 2042 265 2079; x_wconf 91' lang='lat' dir='ltr'><em>V.</em></span> <span class='ocrx_word' id='word_1_229' title='bbox 281 2045 361 2077; x_wconf 83' lang='lat'><em>695.</em></span> <span class='ocrx_word' id='word_1_230' title='bbox 389 2053 459 2087; x_wconf 88' lang='grc' dir='ltr'><em>σοι,</em></span> <span class='ocrx_word' id='word_1_231' title='bbox 486 2040 516 2076; x_wconf 95' lang='grc' dir='ltr'>Ο</span> <span class='ocrx_word' id='word_1_232' title='bbox 537 2052 589 2078; x_wconf 84' lang='grc' dir='ltr'><em>σε.</em></span> <span class='ocrx_word' id='word_1_233' title='bbox 613 2061 659 2068; x_wconf 91' lang='lat'><em>·-</em></span> <span class='ocrx_word' id='word_1_234' title='bbox 684 2038 850 2086; x_wconf 78' lang='grc' dir='ltr'><em>ἄρμενα,</em></span> <span class='ocrx_word' id='word_1_235' title='bbox 875 2036 1023 2084; x_wconf 71' lang='grc' dir='ltr'><em>ἄρμενα</em></span> <span class='ocrx_word' id='word_1_236' title='bbox 1050 2040 1176 2085; x_wconf 83' lang='lat' dir='ltr'><strong>bgmn.</strong></span> <span class='ocrx_word' id='word_1_237' title='bbox 1216 2061 1249 2065; x_wconf 88' lang='lat'><em>-</em></span> <span class='ocrx_word' id='word_1_238' title='bbox 1281 2039 1324 2075; x_wconf 92' lang='lat' dir='ltr'><em>V.</em></span> <span class='ocrx_word' id='word_1_239' title='bbox 1341 2043 1420 2075; x_wconf 87' lang='grc'><em>696.</em></span> <span class='ocrx_word' id='word_1_240' title='bbox 1447 2039 1534 2084; x_wconf 86' lang='grc' dir='ltr'><em>τῶν,</em></span> <span class='ocrx_word' id='word_1_241' title='bbox 1562 2039 1591 2074; x_wconf 94' lang='lat' dir='ltr'>O</span> <span class='ocrx_word' id='word_1_242' title='bbox 1613 2039 1699 2075; x_wconf 84' lang='grc' dir='ltr'><em>σῶν.</em></span> 
     </span>
     <span class='ocr_line' id='line_1_30' title="bbox 154 2083 1696 2135; baseline -0.003 -9"><span class='ocrx_word' id='word_1_243' title='bbox 154 2111 198 2116; x_wconf 77' lang='grc'>-</span> <span class='ocrx_word' id='word_1_244' title='bbox 225 2088 267 2126; x_wconf 75' lang='grc' dir='ltr'><em>δὲ</em></span> <span class='ocrx_word' id='word_1_245' title='bbox 289 2089 375 2134; x_wconf 79' lang='lat' dir='ltr'><em>Mey</em></span> <span class='ocrx_word' id='word_1_246' title='bbox 393 2099 590 2135; x_wconf 79' lang='lat' dir='ltr'><strong>perperam</strong></span> <span class='ocrx_word' id='word_1_247' title='bbox 609 2089 799 2135; x_wconf 80' lang='lat' dir='ltr'><strong>expunxit.</strong></span> <span class='ocrx_word' id='word_1_248' title='bbox 823 2109 867 2114; x_wconf 95' lang='lat'><strong>—</strong></span> <span class='ocrx_word' id='word_1_249' title='bbox 895 2085 988 2132; x_wconf 79' lang='grc' dir='ltr'><em>οὔτι,</em></span> <span class='ocrx_word' id='word_1_250' title='bbox 1016 2087 1117 2123; x_wconf 84' lang='lat' dir='ltr'><strong>Stob.</strong></span> <span class='ocrx_word' id='word_1_251' title='bbox 1147 2083 1243 2133; x_wconf 76' lang='grc' dir='ltr'><em>οὐχί,</em></span> <span class='ocrx_word' id='word_1_252' title='bbox 1269 2088 1337 2133; x_wconf 89' lang='lat' dir='ltr'><em>Ap.</em></span> <span class='ocrx_word' id='word_1_253' title='bbox 1359 2083 1415 2122; x_wconf 79' lang='grc' dir='ltr'><em>οὗ.</em></span> <span class='ocrx_word' id='word_1_254' title='bbox 1438 2108 1481 2112; x_wconf 92' lang='grc'><strong>-</strong></span> <span class='ocrx_word' id='word_1_255' title='bbox 1510 2083 1567 2131; x_wconf 82' lang='grc' dir='ltr'><em>σὺ,</em></span> <span class='ocrx_word' id='word_1_256' title='bbox 1595 2098 1653 2122; x_wconf 91' lang='grc' dir='ltr'><em>σοι</em></span> <span class='ocrx_word' id='word_1_257' title='bbox 1674 2087 1696 2122; x_wconf 93' lang='lat' dir='ltr'><em>l.</em></span> 
     </span>
     <span class='ocr_line' id='line_1_31' title="bbox 154 2132 1700 2183; baseline -0.003 -9"><span class='ocrx_word' id='word_1_258' title='bbox 154 2158 197 2165; x_wconf 90' lang='lat'>-</span> <span class='ocrx_word' id='word_1_259' title='bbox 225 2138 381 2183; x_wconf 82' lang='grc' dir='ltr'><em>μοῦνος,</em></span> <span class='ocrx_word' id='word_1_260' title='bbox 413 2133 528 2183; x_wconf 84' lang='grc' dir='ltr'><em>μόνος</em></span> <span class='ocrx_word' id='word_1_261' title='bbox 553 2136 655 2173; x_wconf 85' lang='lat' dir='ltr'><strong>AOol</strong></span> <span class='ocrx_word' id='word_1_262' title='bbox 681 2139 756 2181; x_wconf 86' lang='lat' dir='ltr'><strong>(a-p.</strong></span> <span class='ocrx_word' id='word_1_263' title='bbox 784 2135 888 2174; x_wconf 76' lang='lat' dir='ltr'><em>Stob.</em></span> <span class='ocrx_word' id='word_1_264' title='bbox 917 2136 1021 2172; x_wconf 80' lang='lat' dir='ltr'><strong>Voss.</strong></span> <span class='ocrx_word' id='word_1_265' title='bbox 1049 2132 1194 2182; x_wconf 88' lang='grc' dir='ltr'><em>μόνον).</em></span> <span class='ocrx_word' id='word_1_266' title='bbox 1225 2156 1265 2161; x_wconf 95' lang='grc'><strong>-</strong></span> <span class='ocrx_word' id='word_1_267' title='bbox 1300 2135 1344 2170; x_wconf 93' lang='lat' dir='ltr'><em>V.</em></span> <span class='ocrx_word' id='word_1_268' title='bbox 1373 2138 1514 2171; x_wconf 79' lang='lat'>697—8</span> <span class='ocrx_word' id='word_1_269' title='bbox 1539 2134 1700 2170; x_wconf 76' lang='lat' dir='ltr'><strong>fortasse</strong></span> 
     </span>
     <span class='ocr_line' id='line_1_32' title="bbox 153 2182 1699 2231; baseline -0.003 -9"><span class='ocrx_word' id='word_1_270' title='bbox 153 2184 404 2231; x_wconf 82' lang='lat' dir='ltr'><strong>coniungendi</strong></span> <span class='ocrx_word' id='word_1_271' title='bbox 439 2196 522 2220; x_wconf 87' lang='lat' dir='ltr'><em>eum</em></span> <span class='ocrx_word' id='word_1_272' title='bbox 557 2184 816 2230; x_wconf 66' lang='lat' dir='ltr'><strong>sequentibus,</strong></span> <span class='ocrx_word' id='word_1_273' title='bbox 852 2184 953 2229; x_wconf 85' lang='lat' dir='ltr'><strong>quod</strong></span> <span class='ocrx_word' id='word_1_274' title='bbox 985 2183 1208 2229; x_wconf 81' lang='lat' dir='ltr'><strong>comprobat</strong></span> <span class='ocrx_word' id='word_1_275' title='bbox 1238 2182 1430 2228; x_wconf 85' lang='lat' dir='ltr'><strong>Hartung,</strong></span> <span class='ocrx_word' id='word_1_276' title='bbox 1464 2182 1529 2217; x_wconf 89' lang='lat' dir='ltr'><em>sed</em></span> <span class='ocrx_word' id='word_1_277' title='bbox 1562 2182 1699 2218; x_wconf 79' lang='lat' dir='ltr'><strong>omissa</strong></span> 
     </span>
     <span class='ocr_line' id='line_1_33' title="bbox 147 2229 1697 2278; baseline -0.003 -8"><span class='ocrx_word' id='word_1_278' title='bbox 147 2231 336 2270; x_wconf 84' lang='lat' dir='ltr'><strong>&#39;nonnulla</strong></span> <span class='ocrx_word' id='word_1_279' title='bbox 361 2243 441 2269; x_wconf 79' lang='lat' dir='ltr'><strong>esse</strong></span> <span class='ocrx_word' id='word_1_280' title='bbox 467 2234 610 2275; x_wconf 66' lang='lat' dir='ltr'><em>censet,</em></span> <span class='ocrx_word' id='word_1_281' title='bbox 645 2236 684 2268; x_wconf 85' lang='lat' dir='ltr'><em>et</em></span> <span class='ocrx_word' id='word_1_282' title='bbox 709 2231 922 2278; x_wconf 75' lang='lat' dir='ltr'><strong>suspicatur</strong></span> <span class='ocrx_word' id='word_1_283' title='bbox 952 2232 1026 2267; x_wconf 85' lang='lat' dir='ltr'><em>hue</em></span> <span class='ocrx_word' id='word_1_284' title='bbox 1057 2229 1272 2267; x_wconf 60' lang='lat' dir='ltr'><strong>referendos</strong></span> <span class='ocrx_word' id='word_1_285' title='bbox 1303 2242 1383 2267; x_wconf 80' lang='lat' dir='ltr'><strong>esse</strong></span> <span class='ocrx_word' id='word_1_286' title='bbox 1408 2242 1443 2266; x_wconf 84' lang='lat' dir='ltr'><em>v.</em></span> <span class='ocrx_word' id='word_1_287' title='bbox 1471 2233 1623 2266; x_wconf 74' lang='lat'><strong>595—6.</strong></span> <span class='ocrx_word' id='word_1_288' title='bbox 1653 2251 1697 2256; x_wconf 91' lang='lat'><strong>—</strong></span> 
     </span>
     <span class='ocr_line' id='line_1_34' title="bbox 154 2275 1699 2349; baseline -0.003 -31"><span class='ocrx_word' id='word_1_289' title='bbox 154 2275 215 2327; x_wconf 80' lang='grc' dir='ltr'><em>εὖ,</em></span> <span class='ocrx_word' id='word_1_290' title='bbox 249 2282 282 2317; x_wconf 91' lang='lat' dir='ltr'>A</span> <span class='ocrx_word' id='word_1_291' title='bbox 308 2276 365 2316; x_wconf 80' lang='grc' dir='ltr'><em>οὗ.</em></span> <span class='ocrx_word' id='word_1_292' title='bbox 394 2301 455 2349; x_wconf 67' lang='grc'><em>-*</em></span> <span class='ocrx_word' id='word_1_293' title='bbox 470 2277 536 2325; x_wconf 83' lang='grc' dir='ltr'><em>ἥν,</em></span> <span class='ocrx_word' id='word_1_294' title='bbox 556 2280 576 2336; x_wconf 53' lang='grc'><em>’1</em></span> <span class='ocrx_word' id='word_1_295' title='bbox 602 2279 646 2316; x_wconf 83' lang='grc' dir='ltr'><em>εἰ.</em></span> <span class='ocrx_word' id='word_1_296' title='bbox 675 2301 718 2307; x_wconf 91' lang='lat'><em>—-</em></span> <span class='ocrx_word' id='word_1_297' title='bbox 753 2278 900 2337; x_wconf 70' lang='grc' dir='ltr'><em>δεινόν,</em></span> <span class='ocrx_word' id='word_1_298' title='bbox 933 2279 1018 2337; x_wconf 72' lang='lat' dir='ltr'><strong>fort.</strong></span> <span class='ocrx_word' id='word_1_299' title='bbox 1045 2276 1202 2315; x_wconf 84' lang='grc' dir='ltr'><em>δειλόν</em></span> <span class='ocrx_word' id='word_1_300' title='bbox 1227 2277 1440 2325; x_wconf 80' lang='lat' dir='ltr'><strong>legendum.</strong></span> <span class='ocrx_word' id='word_1_301' title='bbox 1468 2298 1510 2303; x_wconf 88' lang='lat'><strong>—</strong></span> <span class='ocrx_word' id='word_1_302' title='bbox 1544 2277 1589 2313; x_wconf 90' lang='lat' dir='ltr'><em>V.</em></span> <span class='ocrx_word' id='word_1_303' title='bbox 1617 2281 1699 2315; x_wconf 84' lang='lat'><em>698.</em></span> 
     </span>
     <span class='ocr_line' id='line_1_35' title="bbox 154 2326 1700 2422; baseline -0.004 -8"><span class='ocrx_word' id='word_1_304' title='bbox 154 2326 648 2420; x_wconf 51' lang='grc' dir='ltr'><em>ἓῖἶέιῖἕσῗῑηῒῑωὲἧῖυἶέἴί</em></span> <span class='ocrx_word' id='word_1_305' title='bbox 677 2326 1700 2422; x_wconf 47' lang='grc' dir='ltr'><em>1,οεῖἓῖἰ]3ιέοὲἒέρῑοῑζὲιῖθθωῑὲεέῗη(οὲἓὲῗι,ξθὲῗέιῗ</em></span> 
     </span>
     <span class='ocr_line' id='line_1_36' title="bbox 115 2417 1696 2471; baseline -0.004 -9"><span class='ocrx_word' id='word_1_306' title='bbox 115 2438 122 2444; x_wconf 91' lang='grc'><em>·</em></span> <span class='ocrx_word' id='word_1_307' title='bbox 155 2425 258 2462; x_wconf 87' lang='lat' dir='ltr'><strong>Stob.</strong></span> <span class='ocrx_word' id='word_1_308' title='bbox 285 2423 367 2460; x_wconf 90' lang='lat' dir='ltr'><em>XCI</em></span> <span class='ocrx_word' id='word_1_309' title='bbox 394 2428 414 2459; x_wconf 79' lang='lat'>2</span> <span class='ocrx_word' id='word_1_310' title='bbox 442 2425 525 2471; x_wconf 83' lang='lat' dir='ltr'><strong>(per</strong></span> <span class='ocrx_word' id='word_1_311' title='bbox 549 2435 715 2460; x_wconf 87' lang='lat' dir='ltr'><strong>errorem</strong></span> <span class='ocrx_word' id='word_1_312' title='bbox 741 2423 875 2459; x_wconf 83' lang='lat' dir='ltr'><strong>deinde</strong></span> <span class='ocrx_word' id='word_1_313' title='bbox 901 2435 934 2458; x_wconf 90' lang='lat' dir='ltr'><em>v.</em></span> <span class='ocrx_word' id='word_1_314' title='bbox 963 2425 1129 2458; x_wconf 80' lang='lat'><strong>525-26</strong></span> <span class='ocrx_word' id='word_1_315' title='bbox 1154 2422 1392 2468; x_wconf 76' lang='lat' dir='ltr'><strong>adhaerent),</strong></span> <span class='ocrx_word' id='word_1_316' title='bbox 1419 2421 1485 2457; x_wconf 86' lang='lat' dir='ltr'><em>ubi</em></span> <span class='ocrx_word' id='word_1_317' title='bbox 1509 2422 1627 2456; x_wconf 84' lang='grc' dir='ltr'><em>πᾶσιν</em></span> <span class='ocrx_word' id='word_1_318' title='bbox 1654 2417 1696 2456; x_wconf 84' lang='grc' dir='ltr'><em>δ’</em></span> 
     </span>
     <span class='ocr_line' id='line_1_37' title="bbox 109 2468 1698 2518; baseline -0.003 -9"><span class='ocrx_word' id='word_1_319' title='bbox 109 2481 113 2486; x_wconf 86' lang='grc'><strong>’</strong></span> <span class='ocrx_word' id='word_1_320' title='bbox 154 2469 375 2516; x_wconf 72' lang='grc' dir='ltr'><em>ἀνθρώποις</em></span> <span class='ocrx_word' id='word_1_321' title='bbox 406 2484 474 2518; x_wconf 87' lang='lat' dir='ltr'><em>pro</em></span> <span class='ocrx_word' id='word_1_322' title='bbox 506 2469 648 2515; x_wconf 79' lang='grc' dir='ltr'><em>πλήθει</em></span> <span class='ocrx_word' id='word_1_323' title='bbox 680 2469 717 2507; x_wconf 92' lang='grc' dir='ltr'><em>δ’</em></span> <span class='ocrx_word' id='word_1_324' title='bbox 745 2468 974 2517; x_wconf 75' lang='grc' dir='ltr'><em>ἀνθρώπων.</em></span> <span class='ocrx_word' id='word_1_325' title='bbox 1014 2491 1057 2497; x_wconf 84' lang='grc'>-</span> <span class='ocrx_word' id='word_1_326' title='bbox 1090 2471 1174 2515; x_wconf 79' lang='grc' dir='ltr'><em>μία,</em></span> <span class='ocrx_word' id='word_1_327' title='bbox 1208 2470 1237 2506; x_wconf 94' lang='grc' dir='ltr'><strong>Ο</strong></span> <span class='ocrx_word' id='word_1_328' title='bbox 1264 2471 1340 2516; x_wconf 87' lang='grc' dir='ltr'><em>μίη.</em></span> <span class='ocrx_word' id='word_1_329' title='bbox 1373 2490 1417 2496; x_wconf 83' lang='grc'>-</span> <span class='ocrx_word' id='word_1_330' title='bbox 1450 2470 1596 2514; x_wconf 81' lang='grc' dir='ltr'><em>γίνεται</em></span> <span class='ocrx_word' id='word_1_331' title='bbox 1621 2469 1698 2512; x_wconf 88' lang='grc' dir='ltr'><em>ΑΟ,</em></span> 
     </span>
     <span class='ocr_line' id='line_1_38' title="bbox 154 2511 1696 2566; baseline -0.004 -10"><span class='ocrx_word' id='word_1_332' title='bbox 154 2521 220 2556; x_wconf 88' lang='lat' dir='ltr'><em>rel.</em></span> <span class='ocrx_word' id='word_1_333' title='bbox 245 2522 425 2566; x_wconf 72' lang='grc' dir='ltr'><em>γίγνεται.</em></span> <span class='ocrx_word' id='word_1_334' title='bbox 453 2541 497 2546; x_wconf 91' lang='lat'><em>—-</em></span> <span class='ocrx_word' id='word_1_335' title='bbox 530 2515 621 2565; x_wconf 79' lang='grc' dir='ltr'><em>ἥδε,</em></span> <span class='ocrx_word' id='word_1_336' title='bbox 647 2516 721 2565; x_wconf 86' lang='grc' dir='ltr'><em>ἤδη</em></span> <span class='ocrx_word' id='word_1_337' title='bbox 747 2519 773 2554; x_wconf 91' lang='lat' dir='ltr'><strong>h</strong></span> <span class='ocrx_word' id='word_1_338' title='bbox 799 2531 821 2555; x_wconf 79' lang='lat' dir='ltr'><em>a,</em></span> <span class='ocrx_word' id='word_1_339' title='bbox 848 2532 894 2554; x_wconf 88' lang='lat' dir='ltr'><em>m.</em></span> <span class='ocrx_word' id='word_1_340' title='bbox 923 2531 977 2564; x_wconf 89' lang='lat' dir='ltr'><em>pr.</em></span> <span class='ocrx_word' id='word_1_341' title='bbox 1005 2539 1050 2545; x_wconf 86' lang='lat'><em>—-</em></span> <span class='ocrx_word' id='word_1_342' title='bbox 1081 2518 1126 2553; x_wconf 91' lang='lat' dir='ltr'><em>V.</em></span> <span class='ocrx_word' id='word_1_343' title='bbox 1154 2522 1233 2554; x_wconf 83' lang='lat'><strong>701.</strong></span> <span class='ocrx_word' id='word_1_344' title='bbox 1261 2517 1311 2560; x_wconf 83' lang='grc' dir='ltr'><em>εἰ,</em></span> <span class='ocrx_word' id='word_1_345' title='bbox 1339 2517 1373 2553; x_wconf 91' lang='lat' dir='ltr'><em>el</em></span> <span class='ocrx_word' id='word_1_346' title='bbox 1398 2518 1442 2552; x_wconf 87' lang='lat' dir='ltr'><em>ut</em></span> <span class='ocrx_word' id='word_1_347' title='bbox 1469 2516 1614 2552; x_wconf 77' lang='lat' dir='ltr'><strong>videtur</strong></span> <span class='ocrx_word' id='word_1_348' title='bbox 1637 2511 1696 2561; x_wconf 78' lang='grc' dir='ltr'><em>ἢν,</em></span> 
     </span>
     <span class='ocr_line' id='line_1_39' title="bbox 154 2563 1697 2614; baseline -0.003 -10"><span class='ocrx_word' id='word_1_349' title='bbox 154 2568 173 2604; x_wconf 87' lang='lat' dir='ltr'><strong>f</strong></span> <span class='ocrx_word' id='word_1_350' title='bbox 195 2570 259 2609; x_wconf 81' lang='grc' dir='ltr'><em>είς.</em></span> <span class='ocrx_word' id='word_1_351' title='bbox 286 2588 332 2594; x_wconf 90' lang='lat'><em>—-</em></span> <span class='ocrx_word' id='word_1_352' title='bbox 365 2566 480 2613; x_wconf 78' lang='grc' dir='ltr'><em>ἔχοις,</em></span> <span class='ocrx_word' id='word_1_353' title='bbox 514 2567 543 2604; x_wconf 93' lang='grc' dir='ltr'>Ο</span> <span class='ocrx_word' id='word_1_354' title='bbox 578 2566 692 2614; x_wconf 75' lang='grc' dir='ltr'><em>ἔχεις,</em></span> <span class='ocrx_word' id='word_1_355' title='bbox 726 2567 828 2603; x_wconf 82' lang='lat' dir='ltr'><em>Stob.</em></span> <span class='ocrx_word' id='word_1_356' title='bbox 865 2565 952 2612; x_wconf 77' lang='grc' dir='ltr'><em>ἔχοι.</em></span> <span class='ocrx_word' id='word_1_357' title='bbox 988 2587 1032 2592; x_wconf 89' lang='grc'>-</span> <span class='ocrx_word' id='word_1_358' title='bbox 1071 2565 1116 2601; x_wconf 81' lang='lat' dir='ltr'><em>V.</em></span> <span class='ocrx_word' id='word_1_359' title='bbox 1143 2569 1222 2601; x_wconf 83' lang='lat'><em>702.</em></span> <span class='ocrx_word' id='word_1_360' title='bbox 1251 2564 1408 2611; x_wconf 87' lang='grc' dir='ltr'><em>εἰδείης,</em></span> <span class='ocrx_word' id='word_1_361' title='bbox 1436 2565 1538 2600; x_wconf 82' lang='lat' dir='ltr'><em>Stob.</em></span> <span class='ocrx_word' id='word_1_362' title='bbox 1566 2563 1697 2608; x_wconf 82' lang='grc' dir='ltr'><em>εἰδείη.</em></span> 
     </span>
     <span class='ocr_line' id='line_1_40' title="bbox 157 2611 1695 2660; baseline -0.004 -8"><span class='ocrx_word' id='word_1_363' title='bbox 157 2637 200 2643; x_wconf 93' lang='grc'>-</span> <span class='ocrx_word' id='word_1_364' title='bbox 226 2612 404 2660; x_wconf 82' lang='grc' dir='ltr'><em>Σισύφου</em></span> <span class='ocrx_word' id='word_1_365' title='bbox 430 2615 611 2652; x_wconf 82' lang='grc' dir='ltr'><em>Αίολίδεω</em></span> <span class='ocrx_word' id='word_1_366' title='bbox 637 2615 670 2650; x_wconf 83' lang='lat' dir='ltr'>A</span> <span class='ocrx_word' id='word_1_367' title='bbox 695 2617 734 2651; x_wconf 87' lang='lat' dir='ltr'><em>et</em></span> <span class='ocrx_word' id='word_1_368' title='bbox 759 2615 875 2658; x_wconf 62' lang='lat' dir='ltr'><strong>Stob„</strong></span> <span class='ocrx_word' id='word_1_369' title='bbox 901 2613 1072 2650; x_wconf 85' lang='grc' dir='ltr'><em>αἰολίδου</em></span> <span class='ocrx_word' id='word_1_370' title='bbox 1098 2611 1276 2658; x_wconf 78' lang='grc' dir='ltr'><em>Σισύφου</em></span> <span class='ocrx_word' id='word_1_371' title='bbox 1303 2612 1334 2649; x_wconf 84' lang='grc'><em>*.</em></span> <span class='ocrx_word' id='word_1_372' title='bbox 1384 2611 1536 2657; x_wconf 79' lang='lat' dir='ltr'><strong>Sisyphi</strong></span> <span class='ocrx_word' id='word_1_373' title='bbox 1561 2622 1695 2647; x_wconf 88' lang='lat' dir='ltr'><strong>nomen</strong></span> 
     </span>
     <span class='ocr_line' id='line_1_41' title="bbox 155 2659 1696 2710; baseline -0.005 -10"><span class='ocrx_word' id='word_1_374' title='bbox 155 2676 178 2700; x_wconf 80' lang='lat' dir='ltr'><strong>a</strong></span> <span class='ocrx_word' id='word_1_375' title='bbox 203 2661 458 2710; x_wconf 73' lang='lat' dir='ltr'><strong>geminatione</strong></span> <span class='ocrx_word' id='word_1_376' title='bbox 489 2662 667 2699; x_wconf 83' lang='lat' dir='ltr'><strong>vocabuli</strong></span> <span class='ocrx_word' id='word_1_377' title='bbox 699 2659 818 2708; x_wconf 83' lang='grc' dir='ltr'><em>σοφός</em></span> <span class='ocrx_word' id='word_1_378' title='bbox 849 2663 1041 2707; x_wconf 83' lang='lat' dir='ltr'><strong>repetunt,</strong></span> <span class='ocrx_word' id='word_1_379' title='bbox 1077 2661 1178 2707; x_wconf 85' lang='lat' dir='ltr'><strong>quod</strong></span> <span class='ocrx_word' id='word_1_380' title='bbox 1209 2662 1363 2707; x_wconf 85' lang='lat' dir='ltr'><strong>propter</strong></span> <span class='ocrx_word' id='word_1_381' title='bbox 1395 2659 1579 2705; x_wconf 71' lang='lat' dir='ltr'><em>syllabam</em></span> <span class='ocrx_word' id='word_1_382' title='bbox 1611 2669 1696 2705; x_wconf 88' lang='lat' dir='ltr'><strong>pro-</strong></span> 
     </span>
     <span class='ocr_line' id='line_1_42' title="bbox 155 2706 1695 2757; baseline -0.004 -10"><span class='ocrx_word' id='word_1_383' title='bbox 155 2711 309 2747; x_wconf 74' lang='lat' dir='ltr'><strong>ductam</strong></span> <span class='ocrx_word' id='word_1_384' title='bbox 333 2721 408 2746; x_wconf 90' lang='lat' dir='ltr'><em>non</em></span> <span class='ocrx_word' id='word_1_385' title='bbox 434 2712 493 2747; x_wconf 81' lang='lat' dir='ltr'><em>est</em></span> <span class='ocrx_word' id='word_1_386' title='bbox 515 2709 729 2757; x_wconf 83' lang='lat' dir='ltr'><strong>probabile,</strong></span> <span class='ocrx_word' id='word_1_387' title='bbox 766 2709 859 2745; x_wconf 90' lang='lat' dir='ltr'><strong>mihi</strong></span> <span class='ocrx_word' id='word_1_388' title='bbox 883 2706 1079 2754; x_wconf 85' lang='grc' dir='ltr'><em>θεόσοφος</em></span> <span class='ocrx_word' id='word_1_389' title='bbox 1104 2720 1184 2744; x_wconf 75' lang='lat' dir='ltr'><strong>esse</strong></span> <span class='ocrx_word' id='word_1_390' title='bbox 1211 2708 1369 2744; x_wconf 83' lang='lat' dir='ltr'><strong>videtur.</strong></span> <span class='ocrx_word' id='word_1_391' title='bbox 1397 2728 1441 2733; x_wconf 89' lang='lat'><em>—</em></span> <span class='ocrx_word' id='word_1_392' title='bbox 1468 2707 1511 2742; x_wconf 84' lang='lat' dir='ltr'><em>V.</em></span> <span class='ocrx_word' id='word_1_393' title='bbox 1533 2711 1612 2743; x_wconf 79' lang='lat'><strong>703.</strong></span> <span class='ocrx_word' id='word_1_394' title='bbox 1639 2706 1695 2742; x_wconf 72' lang='lat' dir='ltr'><em>at-</em></span> 
     </span>
     <span class='ocr_line' id='line_1_43' title="bbox 156 2754 1698 2804; baseline -0.004 -9"><span class='ocrx_word' id='word_1_395' title='bbox 156 2760 230 2796; x_wconf 85' lang='grc' dir='ltr'><em>δεω</em></span> <span class='ocrx_word' id='word_1_396' title='bbox 258 2761 306 2803; x_wconf 91' lang='grc' dir='ltr'><em>Α,</em></span> <span class='ocrx_word' id='word_1_397' title='bbox 338 2755 453 2795; x_wconf 77' lang='grc' dir='ltr'><em>ἀΐδαο</em></span> <span class='ocrx_word' id='word_1_398' title='bbox 472 2759 503 2794; x_wconf 84' lang='grc'><em>*.</em></span> <span class='ocrx_word' id='word_1_399' title='bbox 546 2779 591 2785; x_wconf 90' lang='grc'>-</span> <span class='ocrx_word' id='word_1_400' title='bbox 626 2759 906 2804; x_wconf 87' lang='grc' dir='ltr'><em>πολυιδρείῃσιν</em></span> <span class='ocrx_word' id='word_1_401' title='bbox 933 2757 1112 2801; x_wconf 87' lang='lat' dir='ltr'><strong>Leutsch‚</strong></span> <span class='ocrx_word' id='word_1_402' title='bbox 1143 2756 1340 2802; x_wconf 80' lang='lat' dir='ltr'><strong>legebatur</strong></span> <span class='ocrx_word' id='word_1_403' title='bbox 1364 2756 1625 2802; x_wconf 80' lang='grc' dir='ltr'><em>πολυιδρίῃσιν</em></span> <span class='ocrx_word' id='word_1_404' title='bbox 1652 2754 1698 2799; x_wconf 89' lang='grc' dir='ltr'><em>(Ο</em></span> 
     </span>
     <span class='ocr_line' id='line_1_44' title="bbox 156 2801 1697 2853; baseline -0.004 -11"><span class='ocrx_word' id='word_1_405' title='bbox 156 2807 425 2853; x_wconf 83' lang='grc' dir='ltr'><em>πολυδρίῃσιν).</em></span> <span class='ocrx_word' id='word_1_406' title='bbox 460 2807 563 2843; x_wconf 88' lang='lat' dir='ltr'><strong>Libri</strong></span> <span class='ocrx_word' id='word_1_407' title='bbox 581 2807 620 2843; x_wconf 92' lang='lat' dir='ltr'><strong>in</strong></span> <span class='ocrx_word' id='word_1_408' title='bbox 646 2807 718 2842; x_wconf 88' lang='lat' dir='ltr'><em>hoc</em></span> <span class='ocrx_word' id='word_1_409' title='bbox 746 2808 785 2842; x_wconf 90' lang='lat' dir='ltr'><em>et</em></span> <span class='ocrx_word' id='word_1_410' title='bbox 805 2805 976 2850; x_wconf 76' lang='lat' dir='ltr'><strong>cognatis</strong></span> <span class='ocrx_word' id='word_1_411' title='bbox 1004 2804 1199 2840; x_wconf 81' lang='lat' dir='ltr'><strong>vocabulis</strong></span> <span class='ocrx_word' id='word_1_412' title='bbox 1225 2803 1303 2839; x_wconf 83' lang='lat' dir='ltr'><strong>fere</strong></span> <span class='ocrx_word' id='word_1_413' title='bbox 1322 2802 1522 2841; x_wconf 79' lang='lat' dir='ltr'><strong>fluctuant.</strong></span> <span class='ocrx_word' id='word_1_414' title='bbox 1549 2802 1615 2838; x_wconf 80' lang='lat' dir='ltr'><em>sed</em></span> <span class='ocrx_word' id='word_1_415' title='bbox 1641 2801 1697 2837; x_wconf 86' lang='lat' dir='ltr'><strong>di-</strong></span> 
     </span>
     <span class='ocr_line' id='line_1_45' title="bbox 156 2846 1696 2901; baseline -0.003 -11"><span class='ocrx_word' id='word_1_416' title='bbox 156 2855 394 2900; x_wconf 79' lang='lat' dir='ltr'><strong>phthongum</strong></span> <span class='ocrx_word' id='word_1_417' title='bbox 425 2855 574 2901; x_wconf 81' lang='lat' dir='ltr'><strong>praeter</strong></span> <span class='ocrx_word' id='word_1_418' title='bbox 598 2853 837 2890; x_wconf 69' lang='lat' dir='ltr'><strong>Eustathium</strong></span> <span class='ocrx_word' id='word_1_419' title='bbox 869 2854 997 2888; x_wconf 85' lang='lat' dir='ltr'><strong>tuetur</strong></span> <span class='ocrx_word' id='word_1_420' title='bbox 1027 2852 1281 2887; x_wconf 86' lang='lat' dir='ltr'><strong>Herodoteum</strong></span> <span class='ocrx_word' id='word_1_421' title='bbox 1309 2850 1361 2886; x_wconf 93' lang='lat' dir='ltr'><em>VI</em></span> <span class='ocrx_word' id='word_1_422' title='bbox 1387 2854 1432 2886; x_wconf 82' lang='lat'><em>96</em></span> <span class='ocrx_word' id='word_1_423' title='bbox 1458 2846 1623 2896; x_wconf 81' lang='grc' dir='ltr'><em>άϊδρηΐη.</em></span> <span class='ocrx_word' id='word_1_424' title='bbox 1652 2870 1696 2876; x_wconf 92' lang='grc'>-</span> 
     </span>
     <span class='ocr_line' id='line_1_46' title="bbox 158 2897 1696 2948; baseline -0.001 -12"><span class='ocrx_word' id='word_1_425' title='bbox 158 2901 318 2937; x_wconf 76' lang='lat' dir='ltr'><strong>Fallitur</strong></span> <span class='ocrx_word' id='word_1_426' title='bbox 343 2902 523 2948; x_wconf 71' lang='lat' dir='ltr'><strong>Leutuoh,</strong></span> <span class='ocrx_word' id='word_1_427' title='bbox 556 2914 639 2938; x_wconf 85' lang='lat' dir='ltr'><em>cum</em></span> <span class='ocrx_word' id='word_1_428' title='bbox 667 2901 905 2937; x_wconf 81' lang='lat' dir='ltr'><strong>Welckerum</strong></span> <span class='ocrx_word' id='word_1_429' title='bbox 932 2899 1026 2936; x_wconf 85' lang='lat' dir='ltr'><strong>dicit</strong></span> <span class='ocrx_word' id='word_1_430' title='bbox 1050 2912 1083 2936; x_wconf 84' lang='lat' dir='ltr'><em>v.</em></span> <span class='ocrx_word' id='word_1_431' title='bbox 1113 2902 1278 2935; x_wconf 82' lang='lat'>703—14</span> <span class='ocrx_word' id='word_1_432' title='bbox 1302 2897 1565 2943; x_wconf 77' lang='lat' dir='ltr'><strong>interpolatori</strong></span> <span class='ocrx_word' id='word_1_433' title='bbox 1591 2898 1696 2934; x_wconf 79' lang='lat' dir='ltr'><strong>attri-</strong></span> 
     </span>
     <span class='ocr_line' id='line_1_47' title="bbox 157 2945 1560 2995; baseline -0.003 -10"><span class='ocrx_word' id='word_1_434' title='bbox 157 2948 302 2995; x_wconf 73' lang='lat' dir='ltr'><strong>baisse,</strong></span> <span class='ocrx_word' id='word_1_435' title='bbox 327 2948 394 2985; x_wconf 87' lang='lat' dir='ltr'><strong>ille</strong></span> <span class='ocrx_word' id='word_1_436' title='bbox 419 2950 516 2985; x_wconf 87' lang='lat' dir='ltr'><strong>enim</strong></span> <span class='ocrx_word' id='word_1_437' title='bbox 545 2949 728 2986; x_wconf 78' lang='lat' dir='ltr'><strong>eiusmodi</strong></span> <span class='ocrx_word' id='word_1_438' title='bbox 754 2948 1003 2994; x_wconf 78' lang='lat' dir='ltr'><strong>suspicionem</strong></span> <span class='ocrx_word' id='word_1_439' title='bbox 1029 2947 1160 2994; x_wconf 87' lang='lat' dir='ltr'><strong>procul</strong></span> <span class='ocrx_word' id='word_1_440' title='bbox 1186 2945 1398 2982; x_wconf 82' lang='lat' dir='ltr'><strong>habendam</strong></span> <span class='ocrx_word' id='word_1_441' title='bbox 1425 2947 1560 2982; x_wconf 80' lang='lat' dir='ltr'><strong>censet.</strong></span> 
     </span>
    </p>
   </div>
  </div>
 </body>
</html>
