1890 3216
218 164 220 167 ’
242 174 329 215 426
830 177 1179 214 IAMBOGRAPHI.

965 286 1059 329 136.

317 368 449 422 Φῦμα
481 369 654 423 μηρίων
686 365 859 422 μεταξύ.

962 472 1076 532 137ῤ

315 567 507 625 Φθειρσὶ
539 571 821 626 μοχθίζοντα.

959 692 1053 734 138.

370 805 378 813 .
412 805 420 814 .
446 763 565 822 Ἷνας
595 770 644 815 δὲ
676 772 846 828 μεδέων
865 771 1135 831 ἀπέθρισεν.

958 895 1053 937 139.
1698 905 1765 938 ‘122

391 1009 399 1016 .
432 971 609 1025 Πολλὸς
640 972 681 1018 δ’
717 972 862 1033 ἀφρὸς
893 970 951 1033 ἦν
982 976 1082 1032 περὶ
1115 975 1268 1034 στόμα.

863 1097 1136 1151 ,140.[1621

306 1174 550 1233 Παρδοκὸν
583 1175 643 1220 δι’
670 1178 863 1222 -ἐπιοίον,

232 1331 256 1352 α
286 1315 374 1353 ἐάδε
402 1319 457 1358 εἴς
491 1331 529 1354 τε
560 1317 743 1376 Ταύρους.
795 1319 849 1355 Cf.
876 1319 965 1355 Bast
995 1320 1043 1355 ad
1074 1319 1183 1365 Greg.
1211 1319 1291 1355 Cor.
1319 1323 1387 1355 245
1414 1322 1453 1356 et
1477 1323 1557 1357 894.
1607 1288 1766 1357 Videtur

232 1365 278 1401 ab
305 1365 414 1401 initio
439 1366 552 1401 fuisse
583 1360 607 1401 ἆ
635 1366 698 1410 ἐ’,α
731 1368 772 1402 ut
804 1368 861 1402 est
885 1378 943 1413 ap
969 1367 1116 1412 Aesehy
1118 1367 1142 1402 1.
1175 1367 1364 1403 Prometh.
1394 1371 1461 1403 114
1492 1369 1531 1404 et
1560 1368 1649 1404 fort.
1675 1372 1766 1414 563,

233 1412 367 1448 deinde
392 1413 573 1459 suspicari
597 1414 714 1459 possis
740 1413 842 1450 δεδι
850 1417 934 1472 χθε
968 1415 989 1450 i.
1017 1426 1047 1452 e.
1075 1415 1286 1450 δεδοίκατε
1334 1414 1508 1470 Hartung
1531 1427 1606 1452 non
1631 1427 1764 1452 curans

231 1460 560 1520 grammaticorum
599 1461 816 1498 testimonia
853 1459 1007 1503 ἄειδέας
1042 1475 1080 1498 τε
1120 1459 1283 1508 ταύρους
1321 1462 1486 1508 scripsit,
1531 1462 1702 1499 Schmidt
1737 1457 1763 1499 ἆ

231 1509 370 1544 δείδιτε
399 1508 473 1553 (vel
500 1506 708 1555 ε’δδείσατε)
736 1507 915 1555 παύρους.
955 1509 1148 1555 Expilavit
1168 1510 1300 1546 Suidas
1321 1491 1562 1546 scholias'tam
1581 1507 1760 1556 Platonis,

230 1554 296 1591 ille
310 1555 537 1600 Diogeniani
555 1556 712 1600 lexicon,
732 1557 797 1593 ubi
816 1557 1006 1593 firalaticia
1026 1558 1197 1603 exempla
1216 1557 1424 1603 composita
1442 1558 1602 1602 fuerunt,
1628 1558 1764 1616 quibus

232 1602 345 1638 etiam
377 1602 598 1662 Apollonius
627 1606 665 1640 et
701 1604 936 1640 Herodianus
967 1605 1025 1640 usi
1056 1605 1158 1649 sunt,
1189 1604 1277 1640 hine
1303 1603 1493 1641 Johannes
1525 1604 1631 1641 Alex.
1665 1609 1710 1641 31
1736 1599 1763 1642 ἆ

231 1648 331 1686 δειλὲ
355 1649 526 1686 πάντων·
554 1646 578 1686 ἆ
606 1653 731 1698 γῆρας.
766 1663 861 1697 quae
887 1654 986 1688 hunc
1010 1652 1049 1688 in
1074 1634 1228 1688 modum
1253 1653 1473 1698 corrigenda.
1498 1654 1584 1688 sunt
1609 1647 1635 1688 οἶ
1661 1651 1760 1690 δειλὲ

230 1698 425 1741 (ξείνων
452 1693 491 1743 ἆ)
518 1696 697 1740 πάντως
722 1701 796 1735 ἵνα
822 1701 950 1746 γῆρας,
976 1699 1071 1735 illud
1097 1711 1141 1735 ex
1166 1699 1338 1744 Homero,
1365 1700 1437 1735 hoc
1462 1711 1507 1735 ex
1532 1699 1760 1737 Callimacho

228 1745 412 1806 petibum:
437 1746 721 1782 Callimachium
754 1758 828 1783 non
861 1750 960 1783 recte
993 1749 1148 1783 conatus
1183 1748 1240 1783 est
1273 1747 1476 1783 Schneider
1505 1747 1761 1802 redintegrare

229 1792 369 1829 addens
395 1791 436 1830 ἐν
463 1790 684 1848 ἀνθρώποις
709 1792 908 1840 ἀπόληται,
934 1806 1021 1830 nam
1046 1795 1195 1831 videizur
1213 1796 1326 1840 poeta
1344 1794 1542 1830 reticentia.
1559 1807 1647 1830 usus
1666 1806 1759 1840 esse,

230 1840 397 1877 oratione
422 1841 500 1877 fere
525 1841 562 1877 in
588 1842 687 1877 hunc
712 1842 865 1877 modum
884 1843 1127 1900 conformata,
1148 1841 1462 1901 quemadmodum
1482 1843 1539 1878 est
1563 1842 1603 1878 in
1621 1843 1759 1888 hymno

227 1888 267 1923 in
291 1887 415 1932 Apoll.
442 1901 475 1924 v.
505 1893 572 1924 113
599 1886 618 1924 ὁ
646 1888 688 1925 δε
715 1890 867 1935 Μῶμος,
894 1886 946 1925 ἵν’
974 1887 994 1925 ὁ
1024 1871 1185 1947 Φθόνος,
1213 1888 1311 1925 ἔνθα
1336 1887 1471 1925 νέοιτο.

324 1935 382 1972 Fr.
410 1940 488 1972 136.
540 1936 659 1973 Cram.
693 1936 759 1972 An.
788 1937 852 1974 Ox.
879 1938 1008 1983 1164,
1035 1941 1097 1973 24·
1130 1933 1202 1982 αφ’
1238 1930 1283 1972 οὗ
1316 1935 1358 1971 τὸ
1391 1937 1517 1983 φῦμα
1548 1950 1583 1983 μ.
1616 1950 1657 1983 μ.
1686 1933 1758 1983 ’Λρ-

229 1984 383 2029 χίλοχος.

322 2031 381 2067 Fr.
410 2035 489 2067 137.
528 2030 647 2067 Cram.
673 2031 741 2067 An.
765 2032 828 2068 ΟΧ.
849 2032 967 2078 1441,
988 2036 1054 2068 21:
1080 2028 1103 2078 ἦ
1131 2031 1287 2077 φθειρσὶ
1312 2028 1442 2077 δοτικὴ
1470 2029 1627 2077 συνέστη
1652 2029 1756 2078 παρὰ

225 2074 432 2127 Ἀρχιλόχῳ·
460 2079 652 2124 φθειρσὶ
678 2093 713 2126 μ.

322 2126 381 2161 Fr.
409 2130 488 2163 138.
538 2126 596 2163 Et
623 2127 670 2163 M.
699 2131 784 2170 575,
812 2130 874 2162 20:
906 2125 1054 2170 Μέζεα·
1089 2140 1135 2162 τα
1169 2125 1316 2170 αἰδοῖα,
1354 2122 1411 2162 ὅτι
1448 2124 1543 2184 μέσα
1581 2126 1652 2163 εἰσὶ
1689 2128 1757 2172 τῆς

227 2169 355 2219 οὐρᾶς,
375 2173 513 2220 μέσσεα
541 2171 649 2209 ὅντα·
676 2154 825 2210 Σικελοὶ
848 2172 890 2209 δὲ
911 2175 976 2210 καὶ
999 2177 1227 2220 Ταραντῖνοι
1252 2172 1347 2220 μέσα
1375 2170 1472 2210 αὐτα
1499 2170 1757 2211 αποκαλοῦσιν

226 2220 314 2265 (huc
358 2221 506 2257 videtur
543 2222 777 2258 referendum
820 2223 1074 2281 Μεσοτρίβας,
1117 2221 1432 2279 quemadmodum
1467 2221 1590 2258 Blaesi
1626 2221 1757 2258 fabula

224 2268 405 2314 inscripha
429 2268 533 2313 fuit)·
555 2266 740 2310 Ησίοδος·
771 2271 835 2305 καὶ
861 2266 934 2304 ὑπὸ
960 2266 1062 2315 μέζε’
1092 2268 1245 2305 ἔθεντο·
1271 2266 1295 2313 ἢ
1321 2266 1419 2304 κατὰ
1451 2266 1658 2315 μεταθεσιν
1689 2270 1756 2306 τοῦ

228 2319 262 2350 Δ
288 2315 342 2357 εἰς
359 2319 395 2351 Ζ
420 2315 547 2362 μέδεα.
599 2317 690 2352 Post
727 2316 882 2353 Hesiodi
920 2322 1063 2353 versum
1096 2317 1168 2352 duo
1202 2317 1307 2353 codd.
1339 2316 1422 2352 Par.
1448 2328 1507 2362 ap.
1543 2316 1660 2354 Bekk.
1685 2316 1756 2354 An.

227 2363 279 2398 III
306 2367 398 2400 1438
423 2364 567 2400 addunt
592 2362 640 2405 ὡς
666 2364 731 2400 καὶ
752 2361 969 2410 Ἀρχίλοχος·
1003 2363 1101 2405 ἶνας
1127 2366 1214 2407 κτλ.,
1239 2364 1369 2400 eadem
1395 2364 1453 2400 Et.
1481 2363 1574 2400 Gud.
1602 2368 1683 2410 390,
1709 2369 1754 2401 48

227 2411 290 2446 ubi
316 2412 399 2452 ἴνας
425 2413 464 2447 ei.
488 2409 642 2457 μέλεων,
671 2411 930 2447 Schneidewin
955 2410 1096 2457 μεζέων
1123 2411 1292 2447 conieciiz.

320 2459 378 2494 Fr.
410 2463 487 2494 139.
527 2457 1311 2516 Schol.Aristoph.Lysistr.l257:nol-1⁸15·
1336 2454 1374 2494 δ’
1402 2455 1511 2515 αμφὶ
1526 2456 1593 2499 τὰς
1617 2458 1755 2516 γένυας

224 2502 349 2564 αφρὸς
374 2503 498 2562 ἤνσει]
525 2504 618 2551 πρὸς
642 2503 685 2542 τὸ
710 2507 839 2552 (vulgo
865 2505 966 2552 τοὺς)
992 2503 1094 2563 παρὰ
1121 2507 1171 2555 τῷ
1187 2503 1395 2566 Ἀρχιλόχῳ·
1422 2504 1538 2547 πολὺς
1560 2505 1605 2545 δε
1632 2503 1755 2552 αφρὸς

223 2546 272 2598 ἦν
298 2553 406 2610 περὶ
410 2551 451 2589 τὸ
480 2554 565 2598 (hoc
591 2555 709 2590 omitt.
737 2554 817 2591 cod.
849 2554 956 2600 Rav.)
988 2551 1114 2600 στόμα.
1149 2543 1309 2594 Πολλὰς
1333 2552 1371 2588 δ’
1399 2553 1556 2598 Porson,
1587 2553 1626 2588 in
1651 2553 1708 2589 ed.
1731 2558 1749 2590 1

224 2597 339 2642 πολυς
363 2599 434 2647 γὰρ
461 2601 601 2647 scripsi.

318 2649 376 2684 Fr.
405 2652 483 2684 140.
536 2649 657 2685 Sehol.
685 2649 873 2705 Aristoph.
894 2650 979 2685 Pac.
1009 2652 1116 2684 1148:
1144 2650 1228 2693 Παρ
1232 2646 1352 2684 δακὸν
1379 2646 1421 2684 δε
1448 2648 1620 2694 δίυγρον·
1648 2645 1748 2684 οὕτω

218 2692 295 2754 γὰρ
320 2695 386 2731 καὶ
407 2693 609 2742 Ἀρχίλοχος
640 2699 704 2732 καὶ
735 2694 838 2740 παρὰ
869 2698 1076 2743 Σιμωνίδῃ.
1104 2696 1156 2732 sic
1180 2696 1312 2742 vulgo,
1344 2695 1409 2731 sed
1434 2694 1524 2732 Ven.
1551 2694 1658 2731 addib
1687 2695 1752 2732 καὶ

218 2740 427 2789 Ἀρχιλόχου
462 2741 666 2787 Παρδοκὸν
698 2741 750 2779 δι’
785 2741 941 2780 ἐπιοίον.
998 2744 1170 2779 Εοιῦαεεθ
1207 2755 1298 2788 παρ
1308 2743 1455 2778 δοκῶν
1493 2740 1541 2778 δε
1580 2741 1750 2778 πισέων

223 2791 471 2834 scribendum,
507 2790 551 2826 cf.
578 2791 736 2836 Hesych.
772 2792 994 2851 παρδακῶν·
1031 2789 1205 2836 διύγρων.
1251 2756 1424 2825 Welcker
1456 2787 1652 2847 παρδοκὸν
1685 2787 1750 2826 διὰ

222 2839 373 2881 πεδίον,
412 2838 558 2873 Hecker
601 2836 795 2883 παρδοκὸν
834 2835 871 2874 δ’
907 2836 1090 2883 ἐπείσιον,
1134 2837 1327 2882 Emperius
1363 2838 1566 2893 παρδοκῷν
1605 2834 1643 2872 δ’
1685 2834 1747 2873 ἐπ’

224 2881 368 2930 ἠθέων,
394 2885 565 2921 Meineke
580 2886 786 2942 παρδακοῦ
811 2886 891 2921 διαὶ
909 2884 1290 2931 πέδου,Η61·ννθ1’(1611
1313 2881 1509 2930 παρδοκὸν
1535 2881 1600 2920 διά
1625 2885 1748 2931 ποίην,

225 2914 395 2968 Schmidt
419 2930 617 2978 παρδακὸν
643 2932 775 2979 δρέπει
799 2934 891 2969 σίον.
