1890 3216
196 177 285 220 440
786 177 1138 234 IAMBOGRAPHI.

196 288 263 329 καὶ
301 283 465 341 ὀπήτιον
504 290 651 342 εἴρηται
689 288 732 329 ἐν
763 285 1016 342 Νικοχᾶρους
1054 291 1225 343 Κρησίν·
1246 286 1343 340 ’τοῖς
1379 288 1592 344 τρυπάνοις
1629 288 1732 332 ἀντί-

197 358 341 406 παλον,
368 351 463 408 ὅπερ
484 351 660 407 ἆρχίλιον
686 355 770 408 (vel
789 351 995 410 ἆγχίλιον).
1046 357 1101 396 sic
1120 357 1227 406 libri,
1253 358 1460 408 corrigunt
1473 353 1732 411 Ἀρχιλόχειον

197 434 338 471 parum
369 421 644 470 probabiliter.
694 419 876 461 Meineke
909 422 1084 473 scripsit:

410 507 491 557 τοῖς
522 501 779 557 τρυπάνοισιν
810 501 1024 546 ἀντίπαλον
1045 501 1234 559 liminum

199 608 253 613 -—
287 588 351 626 Et.
381 587 435 628 M.
464 589 530 639 72,
559 590 632 628 39:
664 584 706 628 τὸ
737 584 812 642 γὰρ
838 585 1088 629 ἐναλλάσσειν
1117 586 1225 642 παρὰ
1249 593 1329 639 τοῖς
1360 586 1535 643 ἄρχαίοις
1567 587 1733 643 ἆλφαί·

197 668 304 693 νειν
331 651 494 706 ἐλέγετο,
529 654 583 693 sic
609 656 717 694 recte
735 655 853 705 PVh,
886 656 956 695 sed
975 655 1010 694 D
1037 651 1100 695 πτ’
1129 671 1220 709 αρχ,
1251 670 1331 696 non
1355 659 1464 696 recte
1484 657 1732 698 Valckenaer

197 715 304 771 παρὰ
340 721 393 774 τῷ
426 715 634 774 Ἀρχιλόχῳ
673 721 904 760 coniecerat.
947 743 1001 748 -—
1044 722 1185 772 Neque
1223 735 1316 762 vere
1349 722 1536 762 Gaisford
1566 723 1763 770 coniecifi·

198 800 259 836 ap.
294 787 512 826 Zenobium
543 785 659 825 Prov.
691 786 711 824 I
744 787 798 825 52
838 799 910 837 pro
938 782 1222 839 Ἀριστοφάνης
1259 786 1303 827 ἐν
1338 786 1599 841 τετραμέτροις
1637 789 1731 829 scri-

197 852 373 891 bendum
405 864 492 891 esse
520 844 804 906 Ἀρχίλοχος.*)
1303 862 1309 869 ·

294 978 333 1035 *>
356 977 507 1014 Cramer
533 977 601 1014 An
630 977 693 1014 Ox.
721 979 849 1023 1307,
885 982 947 1014 22·
986 975 1028 1014 τὸ
1067 993 1086 1015 ο
1108 980 1236 1038 λῆγον
1272 978 1325 1020 εἰς
1360 984 1411 1023 ρω
1451 977 1730 1027 ἐπιφερομένου

200 1023 418 1072 συμφώνου,
445 1023 494 1072 μὴ
520 1026 587 1062 τοῦ
613 1039 674 1072 μυ,
700 1027 889 1072 ψιλοῦται,
916 1026 997 1063 οἷον
1026 1023 1135 1073 ὀργή·
1169 1025 1351 1073 ὀρχηστὴς
1371 1025 1582 1086 Ἀντίλοχος.
1632 1029 1734 1064 Parii

199 1073 592 1159 Ξᾷἳὶἶῐέἕὲιθᾷεἰίὒί
623 1074 912 1119 deprehendisse
945 1075 1046 1112 visus
1080 1077 1154 1119 est,
1192 1076 1257 1111 ubi
1289 1078 1448 1122 apparet
1474 1072 1734 1123 Ὀρσίλοχος
