1890 3216
919 739 1007 786 XL.

765 847 1161 899 MAMERGUS.

262 976 400 1022 Τοῖσδ’
437 975 805 1036 ὀστρειογραφεῖς
833 976 908 1021 καὶ
940 976 1490 1034 χρυσελεφαντηλέκτρους

314 1046 506 1102 ἀσπίδας
537 1049 765 1101 ἀσπιδίοις
798 1050 977 1106 εἵλομεν
1009 1046 1246 1093 εὐτελέσιν.

279 1181 542 1217 Mamercus.
592 1180 691 1217 Plut.
721 1180 854 1216 Timol.
882 1184 944 1216 31:
972 1179 1049 1216 Καὶ
1074 1177 1146 1225 γὰρ
1173 1179 1192 1215 ὁ
1220 1177 1430 1227 Μάμερκος
1456 1177 1519 1216 ἐπὶ
1544 1181 1594 1216 τῶ
1621 1178 1730 1228 ποιή-

185 1242 284 1276 ματα
310 1225 475 1275 γράφειν
501 1227 567 1264 καὶ
592 1229 805 1277 τραγῳδίας
830 1226 927 1286 μέγα
962 1228 1115 1274 φρονῶν
1143 1225 1332 1274 ἐκόμπαζε
1366 1225 1525 1274 νικήσας
1556 1218 1645 1270 τὀὺς
1676 1242 1733 1275 μι-

184 1274 424 1323 σθοφόρους,
462 1276 528 1312 καὶ
566 1274 634 1318 τὰς
664 1273 831 1317 ἀσπίδας
863 1277 1028 1317 αναθεὶς
1059 1280 1137 1317 τοῖς
1167 1278 1277 1318 θεοῖς
1312 1273 1480 1322 ἐλεγεῖον
1513 1273 1731 1322 ὑβριστικὸν

182 1323 396 1371 ἐπέγραψε·
421 1321 530 1361 τάσδ’
558 1328 635 1360 κτλ.
686 1325 916 1361 Mamercum
943 1323 1076 1360 Italica-
1102 1324 1219 1370 stirpe
1241 1323 1439 1361 oriundum
1459 1324 1575 1360 fuisse
1596 1336 1732 1361 nomen

182 1373 325 1419 arguit3
366 1373 480 1409 etiam
519 1372 775 1419 Syracusanus
812 1374 945 1419 poeta,
984 1383 1094 1418 quem
1134 1373 1319 1408 memorat
1345 1372 1567 1409 Aristoteles
1605 1372 1730 1409 Probl.

181 1420 286 1457 XXX
315 1426 351 1457 1:
384 1419 572 1463 Μαρσικὸς
597 1422 707 1467 (unus
732 1420 829 1457 liber
854 1418 1038 1466 μαλακὸς)
1065 1418 1107 1456 δὲ
1136 1417 1156 1456 ὁ
1183 1419 1446 1466 Συρακούσιος
1471 1420 1537 1456 καὶ
1562 1417 1731 1467 ἀμείνων

171 1463 230 1515 ’ἦν
254 1466 423 1515 ποιητής,
450 1465 509 1505 ὅτ’
539 1467 704 1514 ἐκσταίη.
732 1480 807 1505 non
833 1468 1010 1514 Graecus,
1037 1468 1103 1504 sed
1129 1468 1276 1505 Siculus
1302 1468 1454 1505 natione
1480 1468 1614 1515 opinor
1639 1469 1732 1505 fuit:

182 1528 320 1553 nomen
345 1517 503 1553 fortasse
529 1528 603 1553 non
630 1517 732 1552 aliud
758 1527 871 1563 quam
904 1527 1113 1562 cognomen
1146 1514 1332 1562 μαλακός,
1365 1517 1464 1563 quod
1491 1516 1731 1553 Aristodemo

183 1565 435 1602 Cumanorum
474 1566 634 1610 tyranno
675 1564 856 1606 indissum,
886 1575 962 1601 non
999 1575 1177 1611 graecum
1216 1564 1350 1611 opinor
1387 1564 1633 1611 vocabulum,
1665 1565 1732 1600 sed

185 1613 335 1658 Oscum,
361 1624 405 1648 ac
429 1611 570 1658 legitur
596 1613 635 1649 in
663 1612 759 1649 Osco
785 1612 896 1648 titulo
923 1613 1082 1656 malalee,
1109 1612 1174 1649 sed
1200 1612 1433 1659 significatus
1458 1611 1732 1659 incompertum

183 1661 274 1697 olim
294 1660 334 1696 in
354 1659 560 1697 Aristotele
581 1660 674 1697 mihi
694 1657 919 1706 Μάαρκος
945 1660 1183 1697 scribendum
1202 1660 1412 1697 videbatur.
1435 1681 1478 1686 —
1501 1659 1544 1696 V.
1562 1664 1591 1696 1.
1619 1657 1730 1697 τάσδ’

184 1705 494 1755 ὀστρειογραφεῖς
521 1708 548 1745 C
575 1709 615 1745 et
640 1709 867 1755 Skephanus,
893 1705 959 1750 τάς
984 1721 1022 1744 τε
1051 1705 1346 1754 ὀστριαγραφεῖς
1365 1709 1406 1754 P,
1426 1704 1494 1749 τοὶς
1519 1721 1557 1745 τε
1587 1705 1730 1754 ὀστριο-

182 1761 343 1802 γραφεῖς
375 1757 445 1802 Fa,
482 1753 595 1793 τάσδε
628 1753 696 1797 τὰς
727 1753 1039 1803 ὀστρειογραφεῖς
1070 1757 1157 1800 ΒΜ,
1188 1753 1301 1792 τάσδε
1336 1754 1402 1798 τὰς
1442 1753 1733 1803 ὀστριογραφεῖς

183 1803 300 1841 ADia.
324 1824 367 1843 -τ-
389 1803 854 1851 χρυσελεφαντηλέκτρους
881 1803 908 1840 C
930 1805 967 1840 et
986 1804 1189 1851 Xylander‚
1216 1804 1731 1850 χρυσελεφαντεπηλέκτρους

184 1852 264 1898 Bia,
285 1851 791 1899 χρυσελεφαντεπιλέκτρους
810 1853 962 1896 ADBM,
985 1851 1466 1898 χρυσελεφαντεπιλὲκτους
1485 1853 1548 1889 Fa.
1571 1873 1615 1881 ——
1636 1852 1681 1889 V.
1696 1857 1730 1889 2.

183 1896 348 1942 ἀσπίδας
373 1912 446 1936 om.
473 1901 511 1936 P.
539 1921 585 1928 -
611 1897 802 1942 ἀσπιδίοις
827 1912 900 1937 om.
926 1901 991 1937 Fa.
