1890 3216
192 148 277 189 246
731 146 925 181 ΡΟΕΤΑΕ
952 144 1191 183 ELEGIACI.

371 262 447 299 νῦν
478 252 551 299 οὖν
583 255 711 298 πάντα
744 251 888 309 δόμον,
919 253 1095 311 γενέτα(ς
1125 273 1163 298 τε
1195 256 1261 297 καὶ
1292 254 1418 312 ἀγλαὰ
1450 254 1585 314 τέκνα)

372 326 485 375 σῶζε,
518 321 646 377 μάκαρ
678 317 836 374 Παιάν,
868 317 1131 376 ἆκεσῶδυν(ε,
1164 323 1288 376 δῶτορ
1319 319 1484 378 ὑγείας.)

194 421 336 460 Kaibel
374 421 512 471 Epigr.
548 421 661 459 1026
702 419 946 458 detrimenta
981 418 1132 468 passim
1163 419 1282 458 aliter
1319 420 1460 460 refecit
1497 421 1603 471 quod
1640 433 1730 460 cum

194 500 282 525 sero
314 486 687 535 animadverterem,
719 497 797 523 non
828 484 943 523 licuit
974 484 1212 535 singillatim
1243 485 1308 524 hic
1338 477 1583 535 percensere.
1613 487 1682 526 .V.
1705 490 1726 526 1

195 551 397 601 supplevit
429 551 617 590 Welcker
649 550 747 601 Syll.
781 550 908 600 epigr.
944 552 1038 590 135.
1091 550 1138 590 V.
1168 553 1191 590 2
1225 551 1366 590 refinxi
1391 551 1547 590 Franzii
1573 552 1731 602 supple-

195 620 375 656 mentum
402 612 614 668 ἆνακρούει
638 611 670 654 τ’
701 614 891 655 ε’πίνοιαν.
942 616 987 654 V.
1018 618 1042 655 3
1073 617 1214 667 scripsi
1244 616 1506 670 παλίντροπος
1538 614 1730 671 οὐλομένη

194 678 292 735 κήρ,
323 683 511 722 Welcker
548 681 838 734 παλίνστροφος
876 676 956 720 αἷσ’
996 677 1091 734 ὀλοή
1129 694 1190 733 σε,
1226 683 1354 721 Franz
1391 679 1512 723 πάλιν
1548 682 1613 724 καὶ
1643 680 1732 735 τάρ-

193 762 308 798 ταρος
335 744 462 799 εὐρύς.
507 748 555 786 V.
577 749 603 786 4
636 747 779 798 scripsi
799 744 969 798 ζωαρκὲς
988 742 1137 798 ἅκεσμα
1162 742 1265 800 (sive
1285 744 1448 800 ζωαρκέ’
1471 749 1577 789 ἴασιν
1595 749 1731 801 malis)

194 810 437 868 ἆντανύσῃς,
470 813 578 864 quod
603 814 772 854 verbum
798 814 848 852 ab
873 808 1004 862 ἆνύω,
1030 825 1110 851 11011
1134 809 1264 852 τανύω
1292 814 1502 856 descendit.
1545 815 1732 855 Welcker

195 876 365 933 ζωάγρια
401 876 561 932 κύρσας,
599 880 725 918 Franz
764 874 935 932 ζωάγρια
972 874 1140 918 νούσων.
1197 879 1246 919 V.
1284 881 1309 918 5
1350 882 1552 931 supplevit
1594 882 1732 931 Franz,

197 945 383 985 Welcker
422 940 711 997 φερεσσιπόνου
757 939 880 983 νόσου
924 939 1056 994 ἄλκαρ.
1113 944 1160 984 V.
1197 946 1220 983 6
1261 942 1418 997 γενέτας
1462 947 1620 998 scripsi,
1662 947 1734 986 ubi

197 1012 324 1051 Franz
362 1008 522 1062 γενέταν
558 1024 596 1049 τε
634 1007 700 1048 καὶ
738 1003 864 1061 ἀγλαὰ
901 1023 951 1058 τ.,
994 1008 1181 1048 Welcker
1214 1013 1407 1064 γενετῆρα
1449 1011 1516 1052 καὶ
1555 1009 1670 1065 ὄλβια
1704 1027 1733 1053 τ.

199 1076 246 1115 V.
280 1079 303 1116 7
338 1076 386 1115 de
423 1089 514 1115 mea
552 1076 779 1116 coniectura
817 1073 1092 1125 redintegravi
1136 1071 1234 1129 (nisi
1271 1077 1386 1116 malis
1420 1077 1455 1119 δ.
1486 1074 1628 1132 ἐάων),
1664 1078 1735 1118 ubi

198 1142 380 1182 scribunt
411 1138 650 1192 ἀκεσώδυνε,
681 1141 797 1191 σῶζε,
829 1136 1062 1192 Πατρῶνου.
1119 1142 1176 1180 At
1207 1143 1312 1192 quod
1341 1143 1384 1181 111
1423 1143 1554 1193 lapide
1586 1143 1736 1194 legitur

198 1220 318 1247 versu
351 1209 376 1247 8
411 1207 750 1246 ΠΑΤΡΩΙΝΟΥ
775 1218 855 1245 11011
886 1206 936 1244 ad
966 1219 1005 1245 v.
1034 1208 1055 1244 7
1091 1208 1152 1244 est
1183 1207 1458 1260 referendum,
1490 1209 1562 1248 sed
1591 1221 1736 1248 nomen

199 1275 260 1313 est
292 1273 513 1313 dedicantis
547 1267 800 1326 (Πατρωῖνος
830 1272 895 1311 vel
921 1271 1163 1323 Πατροῖνος,
1196 1272 1274 1312 vid.
1306 1273 1357 1312 ib.
1385 1287 1422 1313 n.
1446 1275 1579 1324 6649,
1611 1260 1736 1314 latine

198 1333 446 1392 Patmessnus).
498 1337 669 1378 Carmen
700 1338 845 1378 novicii
875 1337 1018 1387 poetae
1051 1348 1140 1375 esse
1173 1338 1445 1388 manifestum,
1482 1340 1619 1390 itaque
1655 1352 1736 1379 non

201 1403 367 1442 offendit
387 1404 683 1456 φερεσσίπονος,
703 1403 775 1441 ubi
795 1402 961 1442 sibilans
987 1402 1125 1441 littera
1149 1405 1310 1452 praeter
1335 1405 1532 1444 rationem
1558 1407 1599 1444 et
1617 1416 1737 1444 usum

200 1471 457 1521 antiquorum
489 1470 694 1521 geminata
732 1471 805 1508 est.
856 1468 970 1515 Quod
1002 1468 1268 1519 Aesculapius
1305 1466 1536 1522 κλυτόμητις
1571 1472 1738 1510 vocatur

201 1550 281 1577 non
313 1538 375 1575 est
406 1550 454 1575 ex
485 1536 692 1586 Sophoclis
729 1547 880 1585 paeane
917 1534 1199 1584 r,epetendum
1237 1534 1396 1574 videtur
1436 1536 1540 1575 enim
1571 1537 1647 1576 hoc
1678 1549 1737 1575 so-

200 1605 316 1642 lenne
357 1602 421 1641 dei
458 1601 812 1652 indigitamentum
850 1599 985 1638 fuisse.
1052 1599 1192 1650 Neque
1229 1600 1449 1641 Patruinus
1487 1602 1560 1640 hos
1597 1614 1737 1641 versus

201 1670 296 1709 lecit
340 1670 411 1707 aut
449 1667 651 1706 faciendos
690 1665 862 1715 curavit,
907 1665 976 1704 sed
1018 1665 1202 1705 adhibuit
1243 1666 1437 1718 hymnum
1481 1667 1655 1718 aliquem
1697 1667 1739 1704 in

203 1734 499 1785 Aesculapium,
527 1733 638 1771 cuius
664 1731 821 1781 generis
848 1732 1025 1770 carmina
1049 1732 1168 1781 plura
1192 1732 1272 1771 illis
1298 1733 1467 1772 saeculis
1493 1733 1738 1782 ferebantur,

203 1801 316 1839 velut
348 1801 459 1839 extat
495 1798 589 1836 talis
621 1798 794 1848 hymnus
827 1809 890 1846 ap.
922 1796 1084 1847 Origen.
1117 1797 1205 1837 adv.
1238 1798 1400 1837 Haeret.
1431 1812 1470 1848 p.
1504 1800 1571 1838 68.
1621 1798 1737 1837 Alius

203 1867 378 1916 hymnus
409 1865 560 1916 legitur
590 1864 631 1901 in
663 1863 783 1901 titulo
814 1862 950 1901 Attico
985 1857 1120 1915 (Corp.
1153 1863 1276 1902 Inscr.
1308 1863 1327 1901 Ι
1360 1865 1458 1915 510,
1496 1863 1596 1903 adde
1634 1876 1738 1903 nunc

205 1931 307 1972 CIA.
339 1932 399 1969 III
435 1926 556 1982 171):

375 2022 536 2079 Ἔγρεο,
569 2020 739 2076 Παιήων
765 2019 992 2074 Ἀσκλήπιε,
1024 2022 1182 2074 κοίρανε
1214 2025 1339 2073 λαῶν,

389 2091 592 2143 Λητοΐδου
626 2091 769 2141 σεμνῆς
800 2103 838 2128 τε
869 2088 1103 2140 Κορωνίδος
1133 2083 1347 2140 ἠπιόφρων
1377 2092 1465 2128 παῖ·

384 2154 514 2197 ὕπνον
544 2151 623 2196 ἆπὸ
656 2151 869 2208 βλεφάρων
900 2149 1092 2201 σκεδάσας
1123 2149 1250 2205 εὐχῶν
1282 2151 1452 2194 ἐπάκουε
1669 2162 1737 2194 575

385 2224 466 2262 σῶν
497 2217 700 2273 μερόπων,
733 2221 773 2260 οἳ
801 2215 926 2260 πολλὰ
956 2216 1170 2273 γεγηθότες
1200 2213 1426 2260 ἱλάσκονται

385 2283 458 2328 σὸν
490 2284 651 2336 σθένος,
683 2281 898 2337 ἠπιόφρων
924 2280 1147 2338 Ἀσκλήπιε,
1178 2287 1353 2338 πρῶτον,
1378 2281 1543 2339 Ὑγείαν.

385 2353 494 2407 ἔγρεο
526 2351 591 2392 καὶ
621 2348 709 2392 τεὸν
739 2349 869 2405 ὕμνον
899 2348 994 2404 ἰήϊε,
1025 2349 1208 2402 κέκλυθι,
1240 2354 1360 2404 χαῖρε.

210 2450 425 2491 Clausulae
455 2463 493 2488 v.
527 2450 551 2488 5
585 2449 627 2487 et
660 2450 683 2487 6
717 2447 949 2496 mendosae,
987 2446 1104 2496 culpa
1134 2448 1180 2485 ut
1211 2446 1372 2485 videtur
1402 2446 1606 2496 lapidarii,
1647 2459 1739 2485 nam

208 2531 244 2556 v.
279 2518 304 2555 5
338 2515 462 2566 δῶτορ
499 2506 633 2566 ὑγείας
671 2526 759 2553 cum
797 2513 1027 2552 Hermanno
1066 2511 1320 2551 scribendum
1358 2506 1522 2563 (lenior,
1533 2511 1624 2551 ‘sed
1660 2524 1741 2550 non

211 2581 308 2621 satis
340 2581 436 2631 apta
467 2578 635 2618 Seidleri
668 2579 859 2618 correctio
891 2575 1052 2630 πέμψον
1076 2570 1247 2631 υγείαν),
1277 2590 1314 2616 v.
1342 2578 1366 2616 6
1398 2574 1564 2616 κέκλυθι
1594 2576 1741 2628 χαίρων

208 2646 445 2698 lequiritur,
477 2644 581 2694 quod
612 2644 714 2684 vidit
745 2645 917 2684 Boeckh.
967 2642 1102 2682 Etiam
1139 2643 1214 2681 hoc
1250 2654 1408 2680 carmen
1445 2641 1661 2690 novicium,
1699 2641 1741 2679 id

210 2712 316 2764 quod
340 2710 510 2750 maxime
536 2711 672 2781 arguit
690 2724 726 2750 v.
748 2712 792 2749 4.
826 2711 907 2749 σῶν
926 2703 1109 2761 μερόπων
1134 2695 1321 2758 (quocum
1346 2719 1559 2756 componas
1578 2706 1738 2746 Lucian.

212 2776 489 2828 Tragodopod.
522 2778 699 2816 v.1:93
731 2772 837 2815 Κλυε
869 2777 950 2814 σῶν
981 2774 1098 2827 ἱερῶν
1129 2768 1311 2825 μερόπων
1342 2767 1507 2822 ἐνοπάς,
1539 2786 1636 2824 μεγα
1668 2767 1740 2812 σὸν

210 2839 371 2894 κράτος,
403 2837 621 2894 ὀλβιόφρον
651 2837 851 2894 ποδάγρα)
883 2843 922 2880 et
953 2854 988 2880 v.
1017 2841 1041 2879 5
1068 2834 1232 2891 Ὶγείαν.
1273 2837 1462 2876 Fortasse
1493 2837 1536 2875 hi
1561 2848 1629 2875 sex
1655 2848 1741 2876 ver-.

212 2921 280 2947 sus
313 2921 359 2946 ex
391 2908 560 2947 Isodemi
590 2907 739 2957 hymno
771 2904 889 2957 petiti
921 2906 1030 2954 sunt,
1062 2905 1111 2943 de
1143 2916 1220 2954 quo
1252 2903 1353 2942 conf.
1385 2901 1546 2942 Lucian.
1579 2902 1739 2942 Encom.
