1890 3216
185 151 272 193 422
771 149 1124 188 IAMBOGRAPHI.

818 318 915 360 123.
948 318 1082 371 [10.61

248 398 416 444 ’Ἁιδων
449 397 524 443 ὑπ’
562 398 823 458 αὐλητῆρος.

819 519 1083 574 124.[107]

261 599 410 646 Πάντ’
446 599 576 659 ἄνδρ’
612 599 977 645 ἀποσκολύπτειν.

821 721 1084 775 125.[109]

304 839 312 848 .
345 801 504 860 Κακήν
537 815 646 860 σφιν
680 801 791 855 Ζεὺς
822 806 987 847 ἔδωκεν
1020 801 1204 861 αὐόνην.

821 924 1086 978 ι26.[ιιι]

304 1041 313 1050 .
346 1003 500 1063 Πυρὸς
532 1003 574 1049 δ’
609 1000 668 1062 ἦν
700 1003 820 1066 αὐτῷ
852 1004 1068 1062 φεψάλυξ.

191 1150 347 1194 εἴρηται,
373 1147 438 1183 ubi
463 1146 570 1183 scrib.
598 1146 662 1182 καὶ
687 1144 710 1192 ἡ
742 1144 918 1204 κεφαλὴ
954 1145 1088 1189 σκύτος
1120 1150 1175 1194 εἵρ
1180 1148 1275 1194 ..(cf
1301 1149 1360 1186 Et
1386 1151 1434 1185 M.
1463 1154 1544 1196 720,
1571 1155 1628 1188 38.
1655 1151 1715 1187 Et.

192 1197 286 1233 Gud.
308 1199 387 1240 505,
415 1196 486 1253 53).
537 1194 759 1251 Coi-ruptum
779 1191 918 1230 σκύταν
940 1195 1092 1231 exhibet
1111 1195 1227 1232 etiam
1245 1196 1389 1232 Psellus
1410 1198 1568 1244 (Proleg.
1590 1197 1720 1234 Zonar.

193 1242 374 1288 CXV111)=
401 1240 555 1278 Σκύταν
581 1245 692 1278 καλεῖ
713 1239 781 1299 τὴν
807 1240 980 1288 κεφαλὴν
1005 1241 1182 1284 πολλάκις
1208 1240 1468 1300 Ιπποκράτης.
1520 1245 1630 1291 Apud
1654 1246 1722 1280 Ar-

193 1290 406 1327 chilochum
431 1289 561 1346 scripsi
586 1290 676 1330 Πῶς
699 1286 919 1335 ἀπεπρίσθη
952 1288 1092 1326 σκύτα
1126 1290 1211 1337 (nisi
1236 1290 1375 1328 σκύτεσι
1400 1292 1542 1339 malis),
1574 1293 1620 1329 cf.
1646 1293 1718 1330 He-

193 1339 294 1385 sych.
321 1334 469 1373 Σκύτα·
496 1334 561 1372 τὸν
587 1334 791 1394 τράχηλον
817 1321 1560 1397 Σικελοί.(οο(1.σκυτατόν·τρ.Σικ.),
1594 1351 1722 1386 quam-

193 1398 307 1442 quam
326 1385 427 1421 idem
447 1384 560 1420 etiam
582 1386 727 1443 Σκυτη·
753 1382 913 1430 κεφαλή.
939 1386 982 1420 ut
1006 1386 1126 1431 possis
1146 1385 1260 1422 etiam
1284 1385 1347 1422 hic
1372 1383 1476 1422 πᾶσ’
1504 1383 1722 1442 ἄπεπρίσθη

193 1430 333 1478 σκύτη
364 1433 563 1478 temptare.
601 1453 642 1458 -
682 1431 902 1478 ἀπεπρίσθη
935 1433 1082 1478 scripsi,
1114 1445 1342 1479 quamquam
1376 1431 1560 1493 ἆπέπρισε
1591 1434 1723 1492 lenius,

195 1481 260 1516 sed
284 1481 359 1516 ista
383 1479 504 1516 forma
527 1479 701 1517 insolens
756 1480 885 1516 Aliena
917 1480 972 1516 est
1002 1480 1128 1526 glossa
1155 1481 1344 1539 Hesychii.
1380 1478 1615 1528 ἆπέπρησεν’
1651 1479 1722 1519 ἄπ-

193 1525 419 1574 εδακρυσεν,
463 1523 724 1585 απεφύσησεν,
769 1524 1014 1574 ἆπεμάρανεν
1051 1528 1146 1573 (cod.
1189 1525 1411 1580 ἆπέμαρεν).
1464 1529 1724 1566 Schneidewin

194 1576 288 1612 coni.
315 1575 390 1616 κῶς
416 1572 626 1621 ἀπέθρισεν
653 1573 802 1621 σκύτην.

288 1647 345 1682 Fr.
376 1650 454 1682 123.
505 1646 627 1683 Schol.
642 1646 750 1683 Hom.
767 1646 810 1682 Il.
830 1658 852 1682 σ
869 1650 956 1682 492:
982 1643 1005 1692 ἡ
1032 1643 1106 1682 ὑπὸ
1132 1643 1217 1682 ἀντὶ
1241 1648 1308 1706 τῆς
1333 1645 1437 1693 μετά,
1458 1646 1552 1707 μετὰ
1580 1645 1722 1698 δᾴδων.

193 1695 395 1740 Αρχίλοχος
420 1692 540 1749 ἅδιον
566 1697 641 1729 κτλ.
668 1695 706 1729 et
732 1694 814 1730 Sch.
842 1694 992 1739 Aristop
995 1695 1029 1729 h.
1050 1693 1118 1730 Av.
1141 1698 1250 1731 1426·
1276 1696 1489 1741 Αρχίλοχος’
1516 1684 1621 1742 ᾄδων
1647 1699 1724 1733 κτλ.

196 1729 456 1778 Schneidewin
482 1737 551 1776 ὑπ’
579 1738 787 1787 αὐλητῆρος
812 1738 963 1777 ἀείδων.
968 1706 1037 1776 pcf.
1065 1742 1113 1777 ad
1139 1742 1305 1789 Theogn.
1331 1755 1365 1778 v.
1393 1747 1473 1778 533.

290 1813 348 1849 Fr.
377 1816 455 1848 124.
506 1813 638 1847 Athen.
666 1812 720 1847 III
748 1816 814 1847 122
840 1811 888 1848 Β.
921 1810 1195 1870 Κηφισόδωρος
1225 1814 1319 1858 γοῦν
1346 1810 1365 1848 ὁ
1389 1810 1620 1871 Ἰσοκράτους
1654 1815 1721 1850 τοῦ

195 1858 353 1919 ρττορος
368 1857 552 1918 μαθητὴς
578 1857 619 1895 ἐν
651 1860 701 1908 τῷ
733 1861 842 1907 τρίτῳ
874 1860 949 1896 τῶν
980 1857 1074 1906 πρὸς
1102 1857 1353 1918 Ἀριστοτέλην
1378 1859 1496 1918 λέγει,
1529 1874 1588 1896 οτι
1618 1874 1725 1908 ευροι

199 1921 253 1949 τις
285 1906 333 1943 ἂν
360 1904 434 1942 ὑπὸ
461 1907 534 1942 τῶν
561 1897 687 1942 ἄλλων
707 1908 873 1967 ποιητῶν
898 1904 921 1953 ἢ
948 1907 1013 1943 καὶ
1043 1908 1230 1965 σοφιστῶν
1259 1906 1305 1943 ὲν
1331 1903 1354 1953 ἢ
1381 1906 1450 1944 δυο
1482 1909 1577 1954 γοῦν
1608 1921 1720 1966 πονη-

197 1956 270 2001 ρῶς
295 1953 496 2011 εἰρημένα,
530 1952 591 1989 οἷοι
621 1951 725 2000 παρὰ
758 1953 827 1999 μὲν
855 1951 1044 2003 Ἀρχιλόχῳ
1078 1952 1136 1990 τό·
1169 1952 1310 1990 Πάντ’
1344 1959 1419 1991 κτλ.
1452 1955 1518 1992 ubi
1542 1954 1605 1991 ΑΡ
1630 1969 1724 1993 απο-

196 2000 426 2038 σκολόπτειν.
478 2001 581 2037 Haec
605 2013 725 2048 neque
751 2014 794 2038 ex
820 1991 1030 2038 acatalecto
1052 2003 1223 2038 trimetro
1247 2003 1370 2048 petita
1402 2004 1503 2048 sunt,
1534 2014 1654 2049 neque
1679 2015 1725 2039 ex

197 2050 399 2092 catalecto,
437 2049 508 2084 nisi
542 2049 755 2108 legitimam
795 2061 985 2085 caesuram
1024 2050 1237 2095 neglectam
1264 2061 1344 2086 esse
1368 2050 1563 2096 largiaris,
1597 2050 1724 2096 itaque

196 2094 348 2133 πάντα
375 2093 413 2132 δ’
441 2093 553 2142 ἄνδρ’
582 2093 647 2131 oin.
674 2097 828 2141 conieci,
853 2098 919 2133 sed
945 2097 1180 2133 scribendum

696 2168 780 2209 Πᾶς
805 2164 902 2214 ἀνὴρ
927 2165 1223 2205 ἄπεσκόλυπτεν.

197 2239 242 2275 cf.
275 2239 434 2285 Hesych.
467 2236 765 2274 ἅπεσκόλυπτεν·
799 2236 989 2275 ἀπέσκεπε
1023 2238 1065 2275 τὸ
1097 2238 1228 2286 δέρμα.
1286 2240 1560 2286 Cephisodorus
1589 2243 1725 2287 poetae

197 2287 314 2323 verba
339 2297 426 2322 suae
453 2285 615 2322 oratiom'
640 2287 947 2323 accommodavit.

292 2357 351 2394 Fr
380 2361 458 2393 125.
509 2357 567 2394 Et.
584 2357 681 2393 Flor.
702 2356 826 2392 Miller
845 2358 947 2394 Misc.
963 2361 1025 2394 53.
1051 2355 1190 2404 αυόνη
1211 2355 1376 2404 ξηρότης,
1393 2355 1605 2404 Ἀρχίλοχος,
1626 2357 1725 2395 αἶαν’

197 2402 346 2450 κακήν
377 2408 452 2440 κτλ.
502 2403 636 2440 Nauck
667 2402 812 2462 αὖονήν
837 2406 1044 2441 acuendum
1070 2407 1198 2441 censet
1228 2407 1266 2441 et
1297 2406 1418 2452 φῆμιν
1448 2406 1725 2460 interpretatur,

199 2453 264 2488 sed
290 2453 356 2488 aut
379 2450 550 2497 κραυγὴν
576 2452 642 2487 aut
667 2449 852 2498 ξηρότητα
878 2453 1079 2499 significat,
1109 2464 1179 2488 nec
1211 2453 1367 2489 offendit
1396 2455 1571 2489 accentus
1604 2452 1725 2489 diver-

200 2500 292 2536 sitas
317 2499 462 2535 adscita
487 2500 536 2536 ad
561 2499 730 2536 diversae
757 2499 909 2546 originis
935 2500 1120 2536 vocabula
1145 2501 1361 2546 separanda.

295 2571 352 2606 Fr.
381 2575 459 2607 126.
512 2570 634 2607 Schol.
668 2570 857 2628 Aristoph.
889 2569 1050 2608 Acharn.
1078 2584 1111 2607 v.
1138 2575 1224 2608 279.
1256 2569 1426 2628 ’ψέφαλοι
1442 2569 1529 2629 γάρ
1563 2570 1657 2607 εἰσιν
1689 2570 1729 2608 οἷ

200 2618 500 2663 σπινθῆρες..
527 2617 591 2653 καὶ
616 2615 718 2675 παρὰ
741 2615 932 2673 Ἀρχιλόχῳ
960 2618 1002 2654 δὲ
1029 2623 1167 2654 κεῖται·
1193 2615 1334 2662 πυρὸς
1359 2617 1407 2654 δε
1433 2612 1487 2676 ᾖν
1512 2621 1586 2655 κτλ.
1613 2620 1722 2677 Resp.

202 2665 303 2702 Suid.
331 2678 363 2702 v.
392 2662 564 2721 φεψάλῳ.
591 2686 637 2692 -—
662 2662 775 2713 αὐτῷ,
801 2666 887 2702 fort.
910 2654 1041 2712 ουδὲ,
1071 2666 1328 2702 Schneidewin
1353 2663 1472 2723 πτυρὸς
1497 2662 1536 2701 δ’
1563 2663 1604 2702 ἐν
1631 2663 1723 2715 αὔῳ,

166 2722 171 2730 “
199 2713 373 2770 Hartung
398 2709 517 2758 πυρὸς
542 2709 578 2748 δ’
604 2711 649 2748 ἐν
676 2694 775 2748 οὐδὲ
792 2726 831 2758 φ.
871 2714 979 2749 Νιιιιο
997 2713 1127 2749 malim
1151 2711 1270 2759 πυρὸς
1294 2710 1333 2748 δ’
1363 2707 1408 2758 ἦν
1434 2710 1482 2749 ἐν
1507 2694 1725 2749 αθύτοισι

201 2758 389 2805 φεψάλυξ,
415 2762 459 2796 ut
483 2771 611 2796 versus
635 2760 684 2796 ad
709 2760 870 2806 epodum
895 2761 1088 2805 referatur,
1113 2761 1152 2796 in
1177 2772 1250 2806 quo
1277 2760 1439 2796 carmine
1464 2762 1577 2813 poeta
1595 2760 1725 2796 Parius

201 2807 368 2844 fabulam
393 2808 438 2843 de
464 2808 576 2853 vulpe
602 2810 641 2844 et
665 2808 794 2853 aquila
824 2809 1012 2844 enarravit
1044 2789 1133 2852 (v'id.
1158 2808 1202 2844 fr.
1228 2811 1330 2844 86—-
1285 2810 1409 2851 -88).
1459 2806 1595 2852 Aquila
1626 2808 1725 2844 enim

201 2864 285 2890 cum
311 2855 523 2938 semtiusmt
532 2866 661 2891 carnes
686 2866 732 2891 ex
757 2867 822 2891 ara
847 2855 1079 2901 deripuisset,
1098 2855 1219 2900 nidus,
1240 2867 1314 2901 quo
1339 2855 1528 2900 intulerat,
1552 2854 1724 2892 incendio

200 2911 379 2947 consump
398 2915 441 2939 us
466 2913 504 2938 es
525 2931 532 2938 .
