1890 3216
198 171 282 213 154
402 218 415 231 ·
725 173 918 208 ΡΟΕΤΑΕ
945 171 1183 208 ELEGI-AOL

295 282 509 331 Φίλτατος
542 277 606 324 ὢν
639 278 962 336 ἥμαρτες-ἐγὼ
997 281 1049 324 δέ
1077 297 1146 324 τοι
1178 284 1318 332 αἴτιος
1348 276 1506 336 οὐδέν,

351 349 446 395 ἀλλ’
483 349 617 402 αὐτὸς
648 349 827 407 γνώμης
860 349 941 395 οὐκ
973 349 1150 417 ὅιγαθῆς
1181 353 1340 408 ἔτυχες.

293 469 469 514 Οὐδένα
500 467 737 525 θησαυρὸν
769 467 924 511 παισὶν
955 469 1191 526 καταθήσῃ.
1221 467 1387 526 ἀμείνω

196 555 264 604 410
351 543 527 597 αἰδοῦς,
560 539 587 596 ἥ
619 538 659 583 τ’
696 538 886 596 ἀγαθοῖς
918 538 1131 598 ἀνδράσι,
1165 539 1328 599 Κύρν’,
1361 542 1518 587 ἕπεται.

294 658 491 712 Οὐδενὸς
523 659 779 717 ανθρώπων
812 661 979 703 κακίων
1013 662 1137 704 δοκεῖ
1167 658 1281 704 εἶναι
1314 661 1507 719 ἑταῖρος,
1575 683 1585 692 -

351 734 383 791 ᾧ
417 731 570 789 γνώμη
604 730 652 775 θ’
690 732 858 788 ἕπεται,
890 731 1065 790 Κύρνε,
1097 731 1170 776 καὶ
1203 751 1237 777 ω
1272 731 1472 790 δύναμις.

290 855 446 896 Πίνων
480 850 519 895 δ’
557 849 638 908 οὐχ
671 849 813 902 οὕτως
844 849 1129 908 θωρήξομαι,
1163 849 1273 896 οὐδέ
1301 869 1353 909 με
1386 850 1508 905 οἶνος

346 921 511 978 ἐξάγει,
546 920 650 966 ὥστ’
687 924 827 966 εἰπεῖν
860 920 1014 967 δεινὸν
1048 926 1152 975 ἔπος
1182 923 1283 981 περὶ
1316 927 1412 970 σοῦ.

194 1055 261 1086 415
291 1040 452 1086 Οὐδε’ν’
490 1038 648 1097 ὁμοῖον
683 1040 780 1097 ε’μοὶ
814 1039 1009 1098 δύναμαι
1042 1041 1274 1098 διζήμενος
1305 1041 1454 1100 εὑρεῖν
1659 1057 1727 1089 512
1788 1058 1802 1061 '⁷

347 1111 506 1156 πιστὸν
538 1112 736 1169 ἑταῖρον,
770 1111 856 1173 ὅτςο
890 1112 949 1170 μή
982 1130 1048 1165 τις
1080 1116 1222 1157 ἔνεστι
1256 1113 1406 1167 δόλος·

291 1187 332 1237 ἐς
362 1184 564 1242 βάσανον
597 1182 640 1227 δ’
677 1182 827 1228 ἐλθὼν
849 1180 1187 1243 ’παρατρίβομαι
1220 1184 1338 1246 ὥστει
1362 1186 1573 1247 μολύβδῳ

348 1255 533 1315 χρυσός,
565 1253 825 1314 ὑπερτεριής
858 1254 899 1300 δ’
936 1255 1075 1314 ἄμμιν
1108 1255 1262 1301 ἄπεστι
1294 1257 1412 1310 νόος.

285 1389 326 1423 V.
357 1392 438 1423 407.
467 1388 645 1427 Φίλτατος
665 1380 718 1422 ὢν
737 1383 902 1433 ἥμαρτες
922 1387 967 1422 (16
989 1386 1079 1423 vitio
1099 1389 1273 1444 suspecta
1293 1390 1394 1434 sunt3
1421 1389 1504 1425 fort.
1526 1389 1727 1449 legendum

196 1436 336 1481 Φήλος
353 1431 624 1481 ἐώνήμαρτες.
646 1435 804 1480 Hesych.
821 1435 959 1480 φῆλον·
975 1431 1180 1481 απατηλόν,
1193 1417 1400 1482 ληθαργόν,
1412 1437 1639 1496 κακοῦργον,
1651 1434 1728 1473 ἐπί-

195 1486 338 1531 βουλον
378 1483 473 1518 adde
501 1483 622 1519 Schol.
650 1483 871 1518 Α1·1613.Ρ36.
902 1487 1005 1519 1165.
1050 1482 1365 1527 Correct0r‚cum
1391 1486 1498 1529 φίλος
1523 1482 1576 1520 (ὂν
1596 1497 1729 1531 reppe-

194 1532 313 1574 1,166613
340 1531 488 1566 videtur
513 1532 691 1576 φίλτατος
716 1526 767 1566 ὧν
793 1530 1042 1567 substituisse.
1071 1551 1114 1556 —
1141 1544 1210 1576 τοι,
1236 1532 1268 1566 A
1295 1543 1363 1567 σοι.
1393 1553 1436 1558 -
1466 1532 1510 1569 V.
1537 1537 1616 1569 408.
1646 1531 1728 1568 ἔτυ-

193 1592 265 1624 χες,
291 1580 323 1613 A
349 1580 538 1625 ειαμείνω
566 1580 625 1624 (ex
649 1589 759 1614 versu
785 1579 888 1623 seq..)
917 1599 961 1604 —
994 1579 1039 1614 V.
1065 1582 1146 1615 409.
1180 1579 1276 1615 conf.
1304 1580 1351 1614 ad
1377 1592 1410 1615 v.
1435 1583 1535 1616 1161
1561 1601 1609 1606 -
1642 1593 1728 1616 παι-

194 1626 273 1672 σὶν,
318 1626 381 1662 AO
420 1626 537 1663 παισὶ.
572 1647 619 1652 -
670 1624 888 1683 καταθήσῃ,
934 1626 998 1662 AO
1038 1624 1267 1671 καταθήσει,
1311 1627 1460 1663 Brunck
1496 1625 1730 1686 καταθήσεις

193 1674 321 1709 παισὶν
348 1671 502 1720 ἀμείνω.
531 1695 573 1700 -—
605 1674 645 1710 V.
671 1678 751 1709 411.
779 1655 937 1714 οὐδενὸς
962 1676 1001 1710 613
1026 1675 1131 1709 δοκει
1156 1673 1200 1718 Α,
1227 1688 1276 1720 μη
1281 1672 1423 1715 δενὸς.
1510 1674 1618 1712 δόκει
1641 1676 1728 1712 reli-

194 1722 268 1767 qui.
297 1743 340 1747 —
367 1723 528 1767 κακίων,
554 1734 579 1768 g
605 1723 750 1762 κακίας.
772 1742 815 1747 -—
843 1722 886 1757 V.
908 1725 987 1757 413.
1017 1718 1134 1762 οὕτως
1160 1688 1452 1768 AObcdfghmxi,
1476 1724 1590 1770 vulgo
1616 1719 1726 1759 οὕτω.

195 1814 238 1819 -—
273 1790 512 1839 θωρήξομαι,
543 1793 724 1829 bcdfhmn
751 1794 788 1828 et
813 1806 867 1839 pr.
894 1806 919 1839 g
944 1791 1203 1886 θωρύξομαιι.γ
1210 1814 1254 1819 -
1290 1806 1354 1839 με,
1385 1792 1419 1828 A
1444 1790 1540 1839 μετ’,
1573 1794 1603 1830 O
1629 1783 1674 1840 με
1676 1791 1729 1840 γ’,

193 1842 264 1876 fuit
290 1841 498 1886 antiquitus
525 1855 568 1887 με
595 1841 740 1886 fulvos,
766 1842 957 1876 Hermann
983 1838 1068 1876 ουδ’
1092 1839 1137 1886 ἐμ
1140 1839 1158 1876 ἑ
1266 1841 1361 1876 Item
1386 1841 1419 1875 A
1445 1854 1478 1877 v.
1499 1845 1569 1877 548
1596 1845 1634 1878 613
1659 1846 1729 1878 574

195 1886 434 1935 εὐγεργεσίης
459 1889 482 1926 1.
502 1901 532 1925 6.
555 1869 802 1935 sdfsoyect'm
821 1888 984 1933 exhibet,
1004 1900 1091 1924 nam
1112 1900 1146 1924 v.
1161 1892 1231 1923 440
1249 1888 1316 1923 ubi
1335 1900 1401 1934 pro
1423 1889 1521 1924 ἴδιον
1540 1888 1573 1923 Α
1592 1891 1728 1932 κϊδιον,

196 1938 224 1972 Ο
252 1938 375 1972 κὶδιον
394 1937 632 1990 suppeditat,
669 1947 849 1983 germana
879 1936 993 1972 lectio
1018 1947 1168 1982 prorsus
1193 1935 1347 1972 incerta.
1393 1936 1551 1973 Doricae
1577 1919 1729 1972 dialecti

195 1996 278 2020 cum
304 1984 442 2030 passim
467 1985 629 2031 vestigia
654 1983 994 2030 deprehendantur,
1027 1984 1176 2020 litterae
1202 1984 1282 2018 Bau
1306 1995 1395 2019 usus
1421 1985 1592 2029 quamvis
1616 1984 1728 2020 infre-

195 2044 310 2077 quens
347 2044 421 2068 non
458 2033 607 2068 videtur
644 2032 858 2078 Meg-arensi
898 2033 1033 2077 poetae
1071 2031 1359 2076 abiudicandus,
1403 2032 1575 2077 quamvis
1612 2031 1730 2068 Flach

194 2080 389 2140 negaverit
414 2080 472 2115 his
498 2079 646 2116 indiciis
672 2080 784 2115 fidem
809 2079 1020 2115 habendam
1046 2090 1136 2124 esse,
1164 2079 1223 2114 cui
1233 2079 1376 2115 Hartel
1401 2091 1571 2115 assensus
1596 2081 1663 2116 est.
1683 2101 1728 2107 —

194 2128 237 2163 V.
253 2132 333 2162 414.
362 2125 508 2173 ἐξάγει,
536 2125 666 2173 ἐξαρεῑ
687 2126 832 2163 Ahrens
851 2128 891 2162 et
908 2127 1116 2173 Emperius.
1139 2148 1182 2153 —
1209 2123 1350 2172 δεινὸν,
1376 2127 1506 2162 malim
1526 2125 1662 2163 δειλὸν.
1684 2148 1728 2154 -
1775 2124 1779 2127 ’

194 2176 236 2212 V.
258 2179 373 2210 415-—
379 2179 421 2210 18
442 2176 540 2211 infra
558 2178 667 2234 post
670 2188 702 2211 v.
726 2179 818 2210 1164
837 2175 1014 2232 repetunt
1032 2174 1109 2210 AO.
1131 2195 1174 2200 —
1201 2173 1244 2210 V.
1261 2178 1343 2210 415.
1367 2171 1511 2215 οὐδέν’
1538 2176 1568 2210 Α
1589 2172 1730 2220 οὗδὲν’,

194 2223 257 2258 ΑΟ
277 2223 376 2258 infla
394 2236 429 2269 p.
451 2236 484 2259 v.
503 2227 595 2259 1164
621 2220 754 2258 ουτινῖ
777 2244 821 2248 -
848 2219 980 2269 ὅμοιον
999 2223 1043 2265 Α,
1069 2220 1201 2268 ὁμοῖον
1222 2219 1624 2278 0116ᾶ61811111,όμοιον
1643 2222 1729 2258 reli-

195 2271 269 2315 qui.
298 2291 342 2296 ——
378 2271 423 2306 V.
450 2275 530 2307 416.
559 2267 646 2318 ότῳ,
677 2271 702 2306 11
729 2266 797 2306 ότι.
832 2291 874 2296 -
907 2270 951 2306 V.
977 2274 1058 2306 417.
1090 2271 1367 2316 παρατρίβομαι
1395 2266 1506 2316 ω’στε,
1539 2270 1602 2305 ΑΟ
1631 2270 1730 2306 infra

195 2316 522 2365 παρατριβόμενός
553 2331 591 2354 τε
620 2320 659 2354 et
684 2318 818 2357 deinde
844 2314 882 2353 δ’
917 2319 1004 2364 post
1027 2314 1249 2362 ὑπερτερίης
1275 2317 1466 2354 omittunt.
1510 2318 1581 2353 Pro
1607 2330 1728 2363 παρα-

195 2367 369 2412 τρίβομαι
402 2367 576 2423 Haitung
609 2363 899 2424 παραβάλλομαι
931 2365 1128 2401 desiderat.
1173 2364 1393 2400 Heimsoeth
1425 2364 1574 2410 scripsit
1599 2364 1635 2400 εἰ
1657 2368 1730 2410 τρί-

197 2415 310 2467 βομαι
336 2441 343 2448 .
372 2440 378 2447 .
408 2442 414 2449 .
442 2410 663 2459 ὑπερτερίης
689 2411 818 2467 ἄμμιν.
846 2433 889 2439 -—
917 2410 1098 2467 μολύβδῳ
1116 2412 1355 2456 Herwerden,
1381 2413 1578 2458 legebatur
1602 2414 1727 2460 μολίβ-

196 2461 377 2508 δῳ,.1ἰ6111
405 2461 502 2496 infra
526 2474 559 2497 v.
589 2465 692 2506 1105,
717 2461 789 2496 nisi
809 2461 909 2506 quod
934 2460 990 2496 ibi
1013 2460 1180 2497 novicius
1200 2460 1296 2495 liber
1314 2465 1337 2495 ῦ
1357 2459 1591 2504 testificatur,
1616 2471 1730 2505 quam

197 2489 419 2554 scripturam
446 2509 684 2554 grammatici
707 2520 782 2544 non
807 2509 926 2544 solum
953 2507 1100 2554 Atticis,
1126 2507 1191 2543 sed.
1217 2508 1331 2543 etiam
1355 2507 1506 2543 Ionibus
1525 2487 1730 2552 vindicant,

195 2567 315 2602 neque
350 2556 453 2591 tituli
484 2556 603 2592 Attici
634 2556 721 2592 111-116
753 2558 953 2602 praecepto
986 2556 1238 2592 adversantur.
1277 2555 1310 2590 A
1341 2555 1526 2601 principio
1558 2560 1581 2590 ῦ
1615 2555 1729 2591 fuisse

194 2606 272 2639 tam
297 2604 457 2639 latinum
482 2605 705 2640 vocabulum
727 2605 918 2649 plumbum
944 2604 1069 2649 arguit
1099 2603 1217 2648 (cuius
1243 2602 1375 2638 eadem
1401 2604 1458 2638 est
1481 2602 1596 2647 ratio,
1632 2613 1729 2648 quae

195 2651 292 2686 inter
317 2650 407 2698 βλάξ
435 2654 473 2687 et
492 2650 659 2697 μαλακός
677 2652 890 2696 intercedit)
911 2663 1024 2697 quam
1038 2661 1195 2697 graecae
1212 2648 1315 2686 vocis
1336 2649 1498 2695 species:
1525 2661 1614 2685 nam
1633 2660 1729 2695 quae

193 2699 231 2733 in
258 2699 512 2756 geminatione
546 2702 583 2735 613
607 2699 776 2745 prothesi
801 2699 1020 2735 observatur
1045 2700 1121 2744 lex,
1152 2700 1195 2734 ut
1220 2702 1240 2734 ὃ
1268 2699 1306 2733 613
1339 2702 1362 2732 ῦ
1390 2697 1594 2742 alternent,
1623 2697 1731 2733 velut

195 2745 387 2792 μορμόρω,
419 2744 615 2793 πορφύρα,
648 2745 939 2793 κοσκυλμάτιον,
973 2727 1179 2792 ὀδύρομαι,
1211 2742 1402 2791 ὄκρυόεις,
1435 2745 1510 2780 3113
1542 2744 1728 2790 dicuntur,

196 2794 310 2829 etiam
335 2775 387 2828 ad⁷
409 2794 630 2839 epenthesin
655 2794 835 2840 pertinet,
869 2805 963 2849 quae
995 2794 1205 2830 arctissima
1229 2792 1504 2829 necessitudine
1529 2803 1613 2828 cum
1645 2791 1729 2827 istis

195 2841 455 2877 affectionibus
475 2843 531 2877 est
550 2842 760 2878 coniuncta.
801 2841 907 2883 Quod
933 2842 964 2877 si
989 2841 1212 2889 primigenia
1237 2842 1335 2876 esset
1358 2839 1486 2876 littera
1504 2847 1529 2884 ῖ,
1556 2837 1730 2887 μέλιβδος

196 2888 244 2924 ad
277 2889 488 2934 exemplum
519 2901 654 2925 vocum
690 2887 772 2935 μέλι
804 2890 996 2948 (βλίσσειν)
1028 2890 1067 2924 613
1096 2889 1302 2944 Μελιτίδης
1331 2885 1625 2934 (Βλιτομάμμας)
1655 2898 1730 2923 11011

197 2932 372 2983 μόλιβδος
397 2936 586 2973 dixissent.
614 2956 658 2963 --
684 2937 728 2973 V.
754 2941 836 2973 418.
869 2934 1006 2983 ἄμμιν,
1036 2935 1199 2973 Dindorf
1225 2933 1316 2983 ἡμὶν
1347 2935 1582 2978 scribendum
1612 2935 1731 2970 edixit
