<?xml version="1.0" encoding="UTF-8"?>
<!DOCTYPE html PUBLIC "-//W3C//DTD XHTML 1.0 Transitional//EN"
    "http://www.w3.org/TR/xhtml1/DTD/xhtml1-transitional.dtd">
<html xmlns="http://www.w3.org/1999/xhtml" xml:lang="en" lang="en">
 <head>
  <title>
</title>
<meta http-equiv="Content-Type" content="text/html;charset=utf-8" />
  <meta name='ocr-system' content='tesseract 3.04.00' />
  <meta name='ocr-capabilities' content='ocr_page ocr_carea ocr_par ocr_line ocrx_word'/>
</head>
<body>
  <div class='ocr_page' id='page_1' title='image "./poetaelyricigrae02berguoft_0053.png"; bbox 0 0 1890 3216; ppageno 0'>
   <div class='ocr_carea' id='block_1_1' title="bbox 836 195 1711 240">
    <p class='ocr_par' dir='ltr' id='par_1_1' title="bbox 836 195 1711 240">
     <span class='ocr_line' id='line_1_1' title="bbox 836 195 1711 240; baseline 0.01 -9"><span class='ocrx_word' id='word_1_1' title='bbox 836 195 1008 232; x_wconf 88' lang='lat' dir='ltr'><strong>SOLON.</strong></span> <span class='ocrx_word' id='word_1_2' title='bbox 1654 199 1711 240; x_wconf 75' lang='grc'><em>43</em></span> 
     </span>
    </p>
   </div>
   <div class='ocr_carea' id='block_1_2' title="bbox 159 302 1654 1085">
    <p class='ocr_par' dir='ltr' id='par_1_2' title="bbox 159 302 1654 1085">
     <span class='ocr_line' id='line_1_2' title="bbox 235 302 1357 363; baseline 0 -14"><span class='ocrx_word' id='word_1_3' title='bbox 235 304 412 363; x_wconf 75' lang='grc' dir='ltr'><em>δῃώσας</em></span> <span class='ocrx_word' id='word_1_4' title='bbox 442 302 556 349; x_wconf 78' lang='grc' dir='ltr'><em>καλὰ</em></span> <span class='ocrx_word' id='word_1_5' title='bbox 590 307 720 363; x_wconf 79' lang='grc' dir='ltr'><em>ἔργα,</em></span> <span class='ocrx_word' id='word_1_6' title='bbox 753 307 876 350; x_wconf 75' lang='grc' dir='ltr'><em>θεῶν</em></span> <span class='ocrx_word' id='word_1_7' title='bbox 909 306 1011 357; x_wconf 75' lang='grc' dir='ltr'><em>ἕδος</em></span> <span class='ocrx_word' id='word_1_8' title='bbox 1043 303 1180 350; x_wconf 83' lang='grc' dir='ltr'><em>αἰπὺν</em></span> <span class='ocrx_word' id='word_1_9' title='bbox 1214 304 1357 350; x_wconf 78' lang='grc' dir='ltr'><em>ι”κάνει</em></span> 
     </span>
     <span class='ocr_line' id='line_1_3' title="bbox 294 372 1338 436; baseline 0.003 -16"><span class='ocrx_word' id='word_1_10' title='bbox 294 374 516 435; x_wconf 83' lang='grc' dir='ltr'><em>οὐρανόν,</em></span> <span class='ocrx_word' id='word_1_11' title='bbox 549 379 737 435; x_wconf 79' lang='grc' dir='ltr'><em>αἰθρίην</em></span> <span class='ocrx_word' id='word_1_12' title='bbox 770 375 813 422; x_wconf 82' lang='grc' dir='ltr'><em>δ’</em></span> <span class='ocrx_word' id='word_1_13' title='bbox 849 372 975 430; x_wconf 82' lang='grc' dir='ltr'><em>αὖτις</em></span> <span class='ocrx_word' id='word_1_14' title='bbox 1007 382 1172 436; x_wconf 77' lang='grc' dir='ltr'><em>ἔθηκεν</em></span> <span class='ocrx_word' id='word_1_15' title='bbox 1205 381 1338 423; x_wconf 67' lang='grc' dir='ltr'><em>ἰδεῖν*</em></span> 
     </span>
     <span class='ocr_line' id='line_1_4' title="bbox 233 447 1321 509; baseline 0.002 -16"><span class='ocrx_word' id='word_1_16' title='bbox 233 447 395 506; x_wconf 80' lang='grc' dir='ltr'><em>λάμπει</em></span> <span class='ocrx_word' id='word_1_17' title='bbox 427 447 470 494; x_wconf 83' lang='grc' dir='ltr'><em>δ’</em></span> <span class='ocrx_word' id='word_1_18' title='bbox 506 447 675 507; x_wconf 77' lang='grc' dir='ltr'><em>ἠελίοιο</em></span> <span class='ocrx_word' id='word_1_19' title='bbox 709 451 843 508; x_wconf 81' lang='grc' dir='ltr'><em>μένος</em></span> <span class='ocrx_word' id='word_1_20' title='bbox 874 448 984 495; x_wconf 78' lang='grc' dir='ltr'><em>κατὰ</em></span> <span class='ocrx_word' id='word_1_21' title='bbox 1017 455 1154 495; x_wconf 84' lang='grc' dir='ltr'><em>πίονα</em></span> <span class='ocrx_word' id='word_1_22' title='bbox 1185 460 1321 509; x_wconf 73' lang='grc' dir='ltr'><em>γαῖαν</em></span> 
     </span>
     <span class='ocr_line' id='line_1_5' title="bbox 291 519 1400 580; baseline 0.002 -15"><span class='ocrx_word' id='word_1_23' title='bbox 291 521 452 578; x_wconf 79' lang='grc' dir='ltr'><em>καλόν,</em></span> <span class='ocrx_word' id='word_1_24' title='bbox 485 519 597 578; x_wconf 82' lang='grc' dir='ltr'><em>ἀτὰρ</em></span> <span class='ocrx_word' id='word_1_25' title='bbox 630 523 806 580; x_wconf 83' lang='grc' dir='ltr'><em>νεφέων</em></span> <span class='ocrx_word' id='word_1_26' title='bbox 841 521 980 567; x_wconf 75' lang='grc' dir='ltr'><em>οὐδὲν</em></span> <span class='ocrx_word' id='word_1_27' title='bbox 1013 522 1073 567; x_wconf 84' lang='grc' dir='ltr'><em>ἔτ’</em></span> <span class='ocrx_word' id='word_1_28' title='bbox 1111 523 1232 568; x_wconf 81' lang='grc' dir='ltr'><em>ἐστὶν</em></span> <span class='ocrx_word' id='word_1_29' title='bbox 1265 526 1400 568; x_wconf 76' lang='grc' dir='ltr'><em>ἰδεῖν·</em></span> 
     </span>
     <span class='ocr_line' id='line_1_6' title="bbox 162 591 1451 655; baseline 0.002 -18"><span class='ocrx_word' id='word_1_30' title='bbox 162 605 206 638; x_wconf 82' lang='grc'><em>25</em></span> <span class='ocrx_word' id='word_1_31' title='bbox 233 591 417 650; x_wconf 81' lang='grc' dir='ltr'><em>τοιαύτη</em></span> <span class='ocrx_word' id='word_1_32' title='bbox 452 592 599 651; x_wconf 81' lang='grc' dir='ltr'><em>Ζηνὸς</em></span> <span class='ocrx_word' id='word_1_33' title='bbox 630 595 807 639; x_wconf 80' lang='grc' dir='ltr'><em>πέλεται</em></span> <span class='ocrx_word' id='word_1_34' title='bbox 840 599 976 651; x_wconf 83' lang='grc' dir='ltr'><em>τίσις,</em></span> <span class='ocrx_word' id='word_1_35' title='bbox 1010 593 1111 640; x_wconf 79' lang='grc' dir='ltr'><em>οὐδ’</em></span> <span class='ocrx_word' id='word_1_36' title='bbox 1149 593 1222 652; x_wconf 85' lang='grc' dir='ltr'><em>ἐφ’</em></span> <span class='ocrx_word' id='word_1_37' title='bbox 1259 595 1451 655; x_wconf 78' lang='grc' dir='ltr'><em>ἑκάστῳ,</em></span> 
     </span>
     <span class='ocr_line' id='line_1_7' title="bbox 293 663 1311 725; baseline 0.001 -15"><span class='ocrx_word' id='word_1_38' title='bbox 293 663 442 723; x_wconf 74' lang='grc' dir='ltr'><em>ὥσπερ</em></span> <span class='ocrx_word' id='word_1_39' title='bbox 475 665 646 723; x_wconf 80' lang='grc' dir='ltr'><em>θνητὸς</em></span> <span class='ocrx_word' id='word_1_40' title='bbox 678 665 816 725; x_wconf 74' lang='grc' dir='ltr'><em>ἀνήρ,</em></span> <span class='ocrx_word' id='word_1_41' title='bbox 848 671 1046 724; x_wconf 76' lang='grc' dir='ltr'><em>γίγνεται</em></span> <span class='ocrx_word' id='word_1_42' title='bbox 1081 665 1311 725; x_wconf 79' lang='grc' dir='ltr'><em>ὀξύχολος·</em></span> 
     </span>
     <span class='ocr_line' id='line_1_8' title="bbox 233 736 1397 798; baseline 0.002 -17"><span class='ocrx_word' id='word_1_43' title='bbox 233 736 322 782; x_wconf 85' lang='grc' dir='ltr'><em>αἰεὶ</em></span> <span class='ocrx_word' id='word_1_44' title='bbox 356 739 400 782; x_wconf 86' lang='grc' dir='ltr'><em>δ’</em></span> <span class='ocrx_word' id='word_1_45' title='bbox 435 737 490 782; x_wconf 85' lang='grc' dir='ltr'><em>οὔ</em></span> <span class='ocrx_word' id='word_1_46' title='bbox 523 739 545 782; x_wconf 82' lang='grc' dir='ltr'><em>ἑ</em></span> <span class='ocrx_word' id='word_1_47' title='bbox 570 739 734 796; x_wconf 80' lang='grc' dir='ltr'><em>λέληθε</em></span> <span class='ocrx_word' id='word_1_48' title='bbox 767 740 1024 796; x_wconf 82' lang='grc' dir='ltr'><em>διαμπερές,</em></span> <span class='ocrx_word' id='word_1_49' title='bbox 1058 737 1180 792; x_wconf 79' lang='grc' dir='ltr'><em>ὅστις</em></span> <span class='ocrx_word' id='word_1_50' title='bbox 1211 737 1397 798; x_wconf 80' lang='grc' dir='ltr'><em>ἀλιτρόν</em></span> 
     </span>
     <span class='ocr_line' id='line_1_9' title="bbox 290 808 1341 869; baseline 0.002 -15"><span class='ocrx_word' id='word_1_51' title='bbox 290 808 445 867; x_wconf 79' lang='grc' dir='ltr'><em>θυμὸν</em></span> <span class='ocrx_word' id='word_1_52' title='bbox 477 813 575 869; x_wconf 78' lang='grc' dir='ltr'><em>ἔχῃ,</em></span> <span class='ocrx_word' id='word_1_53' title='bbox 607 808 786 863; x_wconf 80' lang='grc' dir='ltr'><em>πάντως</em></span> <span class='ocrx_word' id='word_1_54' title='bbox 818 809 863 855; x_wconf 82' lang='grc' dir='ltr'><em>δ’</em></span> <span class='ocrx_word' id='word_1_55' title='bbox 899 812 943 864; x_wconf 82' lang='grc' dir='ltr'><em>ἐς</em></span> <span class='ocrx_word' id='word_1_56' title='bbox 973 812 1099 864; x_wconf 82' lang='grc' dir='ltr'><em>τέλος</em></span> <span class='ocrx_word' id='word_1_57' title='bbox 1131 811 1341 869; x_wconf 78' lang='grc' dir='ltr'><em>ἐξεφάνη·</em></span> 
     </span>
     <span class='ocr_line' id='line_1_10' title="bbox 231 872 1654 942; baseline 0.001 -16"><span class='ocrx_word' id='word_1_58' title='bbox 231 879 330 926; x_wconf 83' lang='grc' dir='ltr'><em>ἀλλ’</em></span> <span class='ocrx_word' id='word_1_59' title='bbox 366 879 390 927; x_wconf 88' lang='grc' dir='ltr'>ὁ</span> <span class='ocrx_word' id='word_1_60' title='bbox 424 872 506 940; x_wconf 75' lang='grc' dir='ltr'><em>μὲν</em></span> <span class='ocrx_word' id='word_1_61' title='bbox 539 879 684 927; x_wconf 81' lang='grc' dir='ltr'><em>αὐτίκ’</em></span> <span class='ocrx_word' id='word_1_62' title='bbox 721 884 886 939; x_wconf 82' lang='grc' dir='ltr'><em>ἔτισεν,</em></span> <span class='ocrx_word' id='word_1_63' title='bbox 919 881 943 928; x_wconf 86' lang='grc' dir='ltr'>ὁ</span> <span class='ocrx_word' id='word_1_64' title='bbox 977 881 1020 927; x_wconf 86' lang='grc' dir='ltr'><em>δ’</em></span> <span class='ocrx_word' id='word_1_65' title='bbox 1055 881 1266 942; x_wconf 76' lang='grc' dir='ltr'><em>ὕστερον·</em></span> <span class='ocrx_word' id='word_1_66' title='bbox 1300 886 1340 928; x_wconf 86' lang='grc' dir='ltr'><em>εἰ</em></span> <span class='ocrx_word' id='word_1_67' title='bbox 1365 883 1414 928; x_wconf 79' lang='grc' dir='ltr'><em>δὲ</em></span> <span class='ocrx_word' id='word_1_68' title='bbox 1446 883 1654 941; x_wconf 78' lang='grc' dir='ltr'><em>φύγωσιν</em></span> 
     </span>
     <span class='ocr_line' id='line_1_11' title="bbox 159 952 1281 1014; baseline 0.001 -15"><span class='ocrx_word' id='word_1_69' title='bbox 159 967 205 999; x_wconf 87' lang='grc'><em>30</em></span> <span class='ocrx_word' id='word_1_70' title='bbox 292 952 441 1011; x_wconf 84' lang='grc' dir='ltr'><em>αὐτοί,</em></span> <span class='ocrx_word' id='word_1_71' title='bbox 474 953 587 1012; x_wconf 75' lang='grc' dir='ltr'><em>μηδὲ</em></span> <span class='ocrx_word' id='word_1_72' title='bbox 617 956 743 999; x_wconf 78' lang='grc' dir='ltr'><em>θεῶν</em></span> <span class='ocrx_word' id='word_1_73' title='bbox 776 952 900 1011; x_wconf 81' lang='grc' dir='ltr'><em>μοῖρ’</em></span> <span class='ocrx_word' id='word_1_74' title='bbox 937 956 1125 999; x_wconf 84' lang='grc' dir='ltr'><em>ἐπιοῦσα</em></span> <span class='ocrx_word' id='word_1_75' title='bbox 1156 959 1281 1014; x_wconf 80' lang='grc' dir='ltr'><em>κίχη,</em></span> 
     </span>
     <span class='ocr_line' id='line_1_12' title="bbox 231 1020 1362 1085; baseline 0.002 -14"><span class='ocrx_word' id='word_1_76' title='bbox 231 1025 377 1084; x_wconf 78' lang='grc' dir='ltr'><em>ἤλυθε</em></span> <span class='ocrx_word' id='word_1_77' title='bbox 408 1025 587 1078; x_wconf 85' lang='grc' dir='ltr'><em>πάντως</em></span> <span class='ocrx_word' id='word_1_78' title='bbox 613 1020 755 1079; x_wconf 81' lang='grc' dir='ltr'><em>αὖτις·</em></span> <span class='ocrx_word' id='word_1_79' title='bbox 787 1025 983 1072; x_wconf 85' lang='grc' dir='ltr'><em>ἀναίτιοι</em></span> <span class='ocrx_word' id='word_1_80' title='bbox 1016 1030 1124 1085; x_wconf 79' lang='grc' dir='ltr'><em>ἔργα</em></span> <span class='ocrx_word' id='word_1_81' title='bbox 1156 1031 1362 1073; x_wconf 87' lang='grc' dir='ltr'><em>τίνουσιν</em></span> 
     </span>
    </p>
   </div>
   <div class='ocr_carea' id='block_1_3' title="bbox 298 1096 318 1113">
    <p class='ocr_par' dir='ltr' id='par_1_3' title="bbox 298 1096 318 1113">
     <span class='ocr_line' id='line_1_13' title="bbox 298 1096 318 1113; baseline 0.05 -1"><span class='ocrx_word' id='word_1_82' title='bbox 298 1096 318 1113; x_wconf 68' lang='grc' dir='ltr'>Ἃ</span> 
     </span>
    </p>
   </div>
   <div class='ocr_carea' id='block_1_4' title="bbox 230 1096 1517 1302">
    <p class='ocr_par' dir='ltr' id='par_1_4' title="bbox 230 1096 1517 1302">
     <span class='ocr_line' id='line_1_14' title="bbox 290 1096 1166 1156; baseline 0.002 -14"><span class='ocrx_word' id='word_1_83' title='bbox 290 1117 318 1156; x_wconf 88' lang='grc' dir='ltr'><em>η</em></span> <span class='ocrx_word' id='word_1_84' title='bbox 350 1101 506 1151; x_wconf 76' lang='grc' dir='ltr'><em>παῖδες</em></span> <span class='ocrx_word' id='word_1_85' title='bbox 535 1097 709 1143; x_wconf 84' lang='grc' dir='ltr'><em>τούτων</em></span> <span class='ocrx_word' id='word_1_86' title='bbox 741 1096 769 1155; x_wconf 79' lang='grc' dir='ltr'><em>ἢ</em></span> <span class='ocrx_word' id='word_1_87' title='bbox 802 1099 933 1155; x_wconf 77' lang='grc' dir='ltr'><em>γένος</em></span> <span class='ocrx_word' id='word_1_88' title='bbox 965 1099 1166 1152; x_wconf 82' lang='grc' dir='ltr'><em>ἐξοπίσω.</em></span> 
     </span>
     <span class='ocr_line' id='line_1_15' title="bbox 230 1163 1517 1228; baseline 0.002 -12"><span class='ocrx_word' id='word_1_89' title='bbox 230 1170 394 1228; x_wconf 83' lang='grc' dir='ltr'><em>θνητοὶ</em></span> <span class='ocrx_word' id='word_1_90' title='bbox 427 1170 470 1214; x_wconf 85' lang='grc' dir='ltr'><em>δ’</em></span> <span class='ocrx_word' id='word_1_91' title='bbox 506 1163 595 1215; x_wconf 70' lang='grc' dir='ltr'><em>ὦδε</em></span> <span class='ocrx_word' id='word_1_92' title='bbox 626 1172 820 1227; x_wconf 84' lang='grc' dir='ltr'><em>νοεῦμεν</em></span> <span class='ocrx_word' id='word_1_93' title='bbox 852 1168 973 1228; x_wconf 77' lang='grc' dir='ltr'>ὁμῶς</span> <span class='ocrx_word' id='word_1_94' title='bbox 1005 1169 1180 1228; x_wconf 80' lang='grc' dir='ltr'><em>ἀγαθός</em></span> <span class='ocrx_word' id='word_1_95' title='bbox 1210 1189 1257 1216; x_wconf 88' lang='grc' dir='ltr'><em>τε</em></span> <span class='ocrx_word' id='word_1_96' title='bbox 1287 1172 1424 1226; x_wconf 81' lang='grc' dir='ltr'><em>κακός</em></span> <span class='ocrx_word' id='word_1_97' title='bbox 1455 1188 1517 1218; x_wconf 86' lang='grc' dir='ltr'><em>τε·</em></span> 
     </span>
     <span class='ocr_line' id='line_1_16' title="bbox 292 1240 1197 1302; baseline 0 -14"><span class='ocrx_word' id='word_1_98' title='bbox 292 1241 500 1301; x_wconf 83' lang='grc' dir='ltr'><em>δηνεύειν</em></span> <span class='ocrx_word' id='word_1_99' title='bbox 533 1240 670 1295; x_wconf 80' lang='grc' dir='ltr'><em>αὐτὸς</em></span> <span class='ocrx_word' id='word_1_100' title='bbox 702 1240 842 1296; x_wconf 84' lang='grc' dir='ltr'><em>δόξαν</em></span> <span class='ocrx_word' id='word_1_101' title='bbox 875 1245 1056 1296; x_wconf 75' lang='grc' dir='ltr'><em>ἕκαστος</em></span> <span class='ocrx_word' id='word_1_102' title='bbox 1089 1246 1197 1302; x_wconf 81' lang='grc' dir='ltr'><em>ἔχει,</em></span> 
     </span>
    </p>
   </div>
   <div class='ocr_carea' id='block_1_5' title="bbox 151 1396 1709 2314">
    <p class='ocr_par' dir='ltr' id='par_1_5' title="bbox 151 1396 1709 2314">
     <span class='ocr_line' id='line_1_17' title="bbox 254 1396 1707 1451; baseline 0.003 -15"><span class='ocrx_word' id='word_1_103' title='bbox 254 1400 297 1436; x_wconf 92' lang='lat' dir='ltr'><em>V.</em></span> <span class='ocrx_word' id='word_1_104' title='bbox 325 1404 382 1437; x_wconf 87' lang='lat'><em>21.</em></span> <span class='ocrx_word' id='word_1_105' title='bbox 409 1396 520 1444; x_wconf 80' lang='grc' dir='ltr'><em>καλὰ,</em></span> <span class='ocrx_word' id='word_1_106' title='bbox 546 1397 656 1435; x_wconf 86' lang='lat' dir='ltr'>Gesn.</span> <span class='ocrx_word' id='word_1_107' title='bbox 682 1411 731 1435; x_wconf 90' lang='lat' dir='ltr'><em>m.</em></span> <span class='ocrx_word' id='word_1_108' title='bbox 758 1396 871 1435; x_wconf 78' lang='grc' dir='ltr'><em>κακά.</em></span> <span class='ocrx_word' id='word_1_109' title='bbox 898 1399 1162 1436; x_wconf 84' lang='lat' dir='ltr'>Schneidewin</span> <span class='ocrx_word' id='word_1_110' title='bbox 1195 1399 1313 1437; x_wconf 78' lang='grc' dir='ltr'><em>κλυτὰ</em></span> <span class='ocrx_word' id='word_1_111' title='bbox 1340 1403 1402 1438; x_wconf 87' lang='lat' dir='ltr'>vel</span> <span class='ocrx_word' id='word_1_112' title='bbox 1429 1400 1546 1451; x_wconf 84' lang='grc' dir='ltr'><em>δῄσας</em></span> <span class='ocrx_word' id='word_1_113' title='bbox 1572 1401 1707 1450; x_wconf 81' lang='grc' dir='ltr'><em>ἀγλαὰ.</em></span> 
     </span>
     <span class='ocr_line' id='line_1_18' title="bbox 162 1441 1707 1498; baseline 0.003 -14"><span class='ocrx_word' id='word_1_114' title='bbox 162 1469 203 1474; x_wconf 90' lang='grc'>-</span> <span class='ocrx_word' id='word_1_115' title='bbox 235 1448 275 1485; x_wconf 89' lang='lat' dir='ltr'><em>V.</em></span> <span class='ocrx_word' id='word_1_116' title='bbox 303 1452 359 1484; x_wconf 91' lang='lat'><em>22.</em></span> <span class='ocrx_word' id='word_1_117' title='bbox 393 1441 502 1489; x_wconf 81' lang='grc' dir='ltr'><em>αὖτις</em></span> <span class='ocrx_word' id='word_1_118' title='bbox 525 1447 640 1492; x_wconf 86' lang='lat' dir='ltr'>Bach,</span> <span class='ocrx_word' id='word_1_119' title='bbox 674 1446 789 1492; x_wconf 80' lang='lat' dir='ltr'>vulgo</span> <span class='ocrx_word' id='word_1_120' title='bbox 822 1441 950 1488; x_wconf 81' lang='grc' dir='ltr'><em>αὖθις.</em></span> <span class='ocrx_word' id='word_1_121' title='bbox 984 1469 1028 1474; x_wconf 89' lang='grc'><strong>-</strong></span> <span class='ocrx_word' id='word_1_122' title='bbox 1060 1448 1104 1485; x_wconf 86' lang='lat' dir='ltr'><em>V.</em></span> <span class='ocrx_word' id='word_1_123' title='bbox 1133 1453 1189 1486; x_wconf 88' lang='lat'><em>23.</em></span> <span class='ocrx_word' id='word_1_124' title='bbox 1223 1450 1340 1486; x_wconf 84' lang='grc' dir='ltr'><em>πίονα</em></span> <span class='ocrx_word' id='word_1_125' title='bbox 1372 1462 1444 1487; x_wconf 93' lang='lat' dir='ltr'><em>om.</em></span> <span class='ocrx_word' id='word_1_126' title='bbox 1471 1453 1553 1488; x_wconf 83' lang='lat' dir='ltr'>Ars.</span> <span class='ocrx_word' id='word_1_127' title='bbox 1587 1453 1707 1498; x_wconf 67' lang='lat' dir='ltr'>Voss„</span> 
     </span>
     <span class='ocr_line' id='line_1_19' title="bbox 158 1492 1705 1546; baseline 0.003 -14"><span class='ocrx_word' id='word_1_128' title='bbox 158 1497 290 1532; x_wconf 83' lang='lat' dir='ltr'>contra</span> <span class='ocrx_word' id='word_1_129' title='bbox 320 1496 350 1531; x_wconf 93' lang='lat' dir='ltr'>B</span> <span class='ocrx_word' id='word_1_130' title='bbox 376 1508 424 1532; x_wconf 92' lang='lat' dir='ltr'><em>m.</em></span> <span class='ocrx_word' id='word_1_131' title='bbox 453 1507 524 1532; x_wconf 88' lang='lat' dir='ltr'>sec.</span> <span class='ocrx_word' id='word_1_132' title='bbox 557 1497 596 1531; x_wconf 89' lang='lat' dir='ltr'>et</span> <span class='ocrx_word' id='word_1_133' title='bbox 620 1495 644 1531; x_wconf 92' lang='lat' dir='ltr'>b</span> <span class='ocrx_word' id='word_1_134' title='bbox 670 1493 757 1531; x_wconf 79' lang='grc' dir='ltr'><em>κατ’</em></span> <span class='ocrx_word' id='word_1_135' title='bbox 793 1492 980 1541; x_wconf 74' lang='grc' dir='ltr'><em>ἀπείρονα</em></span> <span class='ocrx_word' id='word_1_136' title='bbox 1013 1497 1200 1533; x_wconf 86' lang='lat' dir='ltr'>exhibent.</span> <span class='ocrx_word' id='word_1_137' title='bbox 1236 1519 1280 1524; x_wconf 93' lang='lat'><strong>—</strong></span> <span class='ocrx_word' id='word_1_138' title='bbox 1318 1498 1365 1534; x_wconf 90' lang='lat' dir='ltr'><em>V.</em></span> <span class='ocrx_word' id='word_1_139' title='bbox 1391 1503 1447 1534; x_wconf 86' lang='lat'><em>24.</em></span> <span class='ocrx_word' id='word_1_140' title='bbox 1481 1496 1597 1546; x_wconf 75' lang='grc' dir='ltr'><em>ἀτὰρ,</em></span> <span class='ocrx_word' id='word_1_141' title='bbox 1624 1503 1705 1537; x_wconf 81' lang='lat' dir='ltr'>Ars.</span> 
     </span>
     <span class='ocr_line' id='line_1_20' title="bbox 158 1540 1709 1593; baseline 0.003 -13"><span class='ocrx_word' id='word_1_142' title='bbox 158 1545 265 1581; x_wconf 80' lang='lat' dir='ltr'>Voss.</span> <span class='ocrx_word' id='word_1_143' title='bbox 298 1541 430 1590; x_wconf 77' lang='grc' dir='ltr'><em>αὐτὰρ.</em></span> <span class='ocrx_word' id='word_1_144' title='bbox 470 1564 515 1570; x_wconf 92' lang='lat'><em>-—</em></span> <span class='ocrx_word' id='word_1_145' title='bbox 554 1542 599 1578; x_wconf 92' lang='lat' dir='ltr'><em>V.</em></span> <span class='ocrx_word' id='word_1_146' title='bbox 633 1547 689 1579; x_wconf 85' lang='lat'><em>27.</em></span> <span class='ocrx_word' id='word_1_147' title='bbox 724 1541 769 1580; x_wconf 78' lang='grc' dir='ltr'><em>οὔ</em></span> <span class='ocrx_word' id='word_1_148' title='bbox 805 1540 824 1579; x_wconf 81' lang='grc' dir='ltr'><em>ἕ</em></span> <span class='ocrx_word' id='word_1_149' title='bbox 854 1544 1067 1589; x_wconf 84' lang='lat' dir='ltr'>Hermann,</span> <span class='ocrx_word' id='word_1_150' title='bbox 1106 1545 1135 1580; x_wconf 94' lang='lat' dir='ltr'>B</span> <span class='ocrx_word' id='word_1_151' title='bbox 1168 1557 1216 1582; x_wconf 91' lang='lat' dir='ltr'><em>m.</em></span> <span class='ocrx_word' id='word_1_152' title='bbox 1251 1557 1323 1582; x_wconf 86' lang='lat' dir='ltr'>sec.</span> <span class='ocrx_word' id='word_1_153' title='bbox 1356 1544 1456 1593; x_wconf 77' lang='grc' dir='ltr'><em>οὔτι,</em></span> <span class='ocrx_word' id='word_1_154' title='bbox 1491 1548 1515 1584; x_wconf 94' lang='lat' dir='ltr'>b</span> <span class='ocrx_word' id='word_1_155' title='bbox 1548 1546 1634 1584; x_wconf 76' lang='grc' dir='ltr'><em>οὔτε</em></span> <span class='ocrx_word' id='word_1_156' title='bbox 1670 1552 1709 1585; x_wconf 86' lang='lat' dir='ltr'>et</span> 
     </span>
     <span class='ocr_line' id='line_1_21' title="bbox 157 1587 1704 1644; baseline 0.003 -16"><span class='ocrx_word' id='word_1_157' title='bbox 157 1603 272 1639; x_wconf 88' lang='lat' dir='ltr'>supra</span> <span class='ocrx_word' id='word_1_158' title='bbox 308 1589 407 1638; x_wconf 75' lang='grc' dir='ltr'><em>οὔτι,</em></span> <span class='ocrx_word' id='word_1_159' title='bbox 444 1591 510 1628; x_wconf 89' lang='lat' dir='ltr'>rel.</span> <span class='ocrx_word' id='word_1_160' title='bbox 538 1587 639 1627; x_wconf 70' lang='grc' dir='ltr'><em>οὔτε.</em></span> <span class='ocrx_word' id='word_1_161' title='bbox 667 1590 843 1637; x_wconf 84' lang='lat' dir='ltr'>Hartung</span> <span class='ocrx_word' id='word_1_162' title='bbox 879 1589 926 1628; x_wconf 73' lang='grc' dir='ltr'><em>οὔ</em></span> <span class='ocrx_word' id='word_1_163' title='bbox 964 1605 1054 1637; x_wconf 83' lang='grc' dir='ltr'><em>σφε,</em></span> <span class='ocrx_word' id='word_1_164' title='bbox 1090 1592 1228 1629; x_wconf 87' lang='lat' dir='ltr'>Linder</span> <span class='ocrx_word' id='word_1_165' title='bbox 1263 1590 1358 1640; x_wconf 78' lang='grc' dir='ltr'><em>οὐχί.</em></span> <span class='ocrx_word' id='word_1_166' title='bbox 1394 1616 1438 1621; x_wconf 92' lang='lat'><em>-—-</em></span> <span class='ocrx_word' id='word_1_167' title='bbox 1473 1595 1515 1631; x_wconf 92' lang='lat' dir='ltr'><em>V.</em></span> <span class='ocrx_word' id='word_1_168' title='bbox 1543 1600 1600 1632; x_wconf 88' lang='lat'><em>28.</em></span> <span class='ocrx_word' id='word_1_169' title='bbox 1638 1595 1704 1644; x_wconf 81' lang='grc' dir='ltr'><em>ε”χη</em></span> 
     </span>
     <span class='ocr_line' id='line_1_22' title="bbox 158 1635 1702 1689; baseline 0.003 -13"><span class='ocrx_word' id='word_1_170' title='bbox 158 1640 304 1687; x_wconf 83' lang='lat' dir='ltr'><strong>scripsi,</strong></span> <span class='ocrx_word' id='word_1_171' title='bbox 330 1640 529 1687; x_wconf 82' lang='lat' dir='ltr'>legebatur</span> <span class='ocrx_word' id='word_1_172' title='bbox 556 1638 644 1686; x_wconf 77' lang='grc' dir='ltr'><em>ἔχει.</em></span> <span class='ocrx_word' id='word_1_173' title='bbox 671 1661 717 1666; x_wconf 88' lang='grc'><strong>-</strong></span> <span class='ocrx_word' id='word_1_174' title='bbox 744 1637 907 1686; x_wconf 83' lang='grc' dir='ltr'><em>πάντως,</em></span> <span class='ocrx_word' id='word_1_175' title='bbox 934 1639 1058 1677; x_wconf 69' lang='lat' dir='ltr'>Trina.</span> <span class='ocrx_word' id='word_1_176' title='bbox 1079 1638 1231 1683; x_wconf 87' lang='grc' dir='ltr'><em>παντός.</em></span> <span class='ocrx_word' id='word_1_177' title='bbox 1253 1662 1298 1668; x_wconf 83' lang='lat'><em>-</em></span> <span class='ocrx_word' id='word_1_178' title='bbox 1319 1642 1362 1678; x_wconf 93' lang='lat' dir='ltr'><em>V.</em></span> <span class='ocrx_word' id='word_1_179' title='bbox 1385 1648 1440 1679; x_wconf 83' lang='grc'><em>29.</em></span> <span class='ocrx_word' id='word_1_180' title='bbox 1469 1643 1514 1689; x_wconf 85' lang='grc' dir='ltr'><em>εἰ,</em></span> <span class='ocrx_word' id='word_1_181' title='bbox 1541 1635 1702 1682; x_wconf 78' lang='lat' dir='ltr'>Vindob.</span> 
     </span>
     <span class='ocr_line' id='line_1_23' title="bbox 157 1684 1706 1739; baseline 0.004 -15"><span class='ocrx_word' id='word_1_182' title='bbox 157 1689 281 1724; x_wconf 83' lang='lat' dir='ltr'>Trinc.</span> <span class='ocrx_word' id='word_1_183' title='bbox 308 1687 356 1734; x_wconf 79' lang='grc' dir='ltr'><em>οἳ,</em></span> <span class='ocrx_word' id='word_1_184' title='bbox 383 1688 515 1734; x_wconf 84' lang='lat' dir='ltr'>abegw</span> <span class='ocrx_word' id='word_1_185' title='bbox 541 1684 599 1734; x_wconf 83' lang='grc' dir='ltr'><em>ἢν.</em></span> <span class='ocrx_word' id='word_1_186' title='bbox 627 1708 672 1714; x_wconf 95' lang='lat'><em>—-</em></span> <span class='ocrx_word' id='word_1_187' title='bbox 698 1687 743 1725; x_wconf 91' lang='lat' dir='ltr'><em>V.</em></span> <span class='ocrx_word' id='word_1_188' title='bbox 772 1693 828 1724; x_wconf 87' lang='lat'><em>30.</em></span> <span class='ocrx_word' id='word_1_189' title='bbox 856 1685 957 1734; x_wconf 78' lang='grc' dir='ltr'><em>μοῖρ’</em></span> <span class='ocrx_word' id='word_1_190' title='bbox 988 1686 1161 1733; x_wconf 80' lang='grc' dir='ltr'><em>ἐπιοῦσα,</em></span> <span class='ocrx_word' id='word_1_191' title='bbox 1188 1689 1310 1726; x_wconf 84' lang='lat' dir='ltr'>Trinc.</span> <span class='ocrx_word' id='word_1_192' title='bbox 1333 1691 1399 1726; x_wconf 92' lang='lat' dir='ltr'><em>NB</em></span> <span class='ocrx_word' id='word_1_193' title='bbox 1420 1704 1469 1728; x_wconf 87' lang='lat' dir='ltr'><em>m.</em></span> <span class='ocrx_word' id='word_1_194' title='bbox 1492 1703 1564 1728; x_wconf 86' lang='lat' dir='ltr'>sec.</span> <span class='ocrx_word' id='word_1_195' title='bbox 1592 1698 1706 1739; x_wconf 78' lang='grc' dir='ltr'><em>μοῖρα</em></span> 
     </span>
     <span class='ocr_line' id='line_1_24' title="bbox 157 1729 1705 1784; baseline 0.002 -10"><span class='ocrx_word' id='word_1_196' title='bbox 157 1733 314 1774; x_wconf 82' lang='grc' dir='ltr'><em>ἕποῦσα.</em></span> <span class='ocrx_word' id='word_1_197' title='bbox 342 1757 387 1762; x_wconf 92' lang='grc'>-</span> <span class='ocrx_word' id='word_1_198' title='bbox 413 1736 457 1772; x_wconf 91' lang='lat' dir='ltr'><em>V.</em></span> <span class='ocrx_word' id='word_1_199' title='bbox 485 1740 542 1772; x_wconf 85' lang='lat'><strong>31.</strong></span> <span class='ocrx_word' id='word_1_200' title='bbox 570 1729 678 1777; x_wconf 82' lang='grc' dir='ltr'><em>αὖτις</em></span> <span class='ocrx_word' id='word_1_201' title='bbox 702 1737 864 1780; x_wconf 86' lang='lat' dir='ltr'>Brunck,</span> <span class='ocrx_word' id='word_1_202' title='bbox 891 1733 1017 1772; x_wconf 81' lang='grc' dir='ltr'><em>αὐτίκ’</em></span> <span class='ocrx_word' id='word_1_203' title='bbox 1053 1737 1158 1773; x_wconf 85' lang='lat' dir='ltr'>libri:</span> <span class='ocrx_word' id='word_1_204' title='bbox 1191 1738 1388 1784; x_wconf 82' lang='lat' dir='ltr'>praeterea</span> <span class='ocrx_word' id='word_1_205' title='bbox 1422 1740 1705 1777; x_wconf 72' lang='lat' dir='ltr'>distinctionem</span> 
     </span>
     <span class='ocr_line' id='line_1_25' title="bbox 155 1780 1705 1832; baseline 0.003 -11"><span class='ocrx_word' id='word_1_206' title='bbox 155 1796 312 1832; x_wconf 84' lang='lat' dir='ltr'>pravam</span> <span class='ocrx_word' id='word_1_207' title='bbox 345 1781 514 1825; x_wconf 82' lang='grc' dir='ltr'><em>πάντως·</em></span> <span class='ocrx_word' id='word_1_208' title='bbox 550 1780 679 1820; x_wconf 78' lang='grc' dir='ltr'><em>αὐτίκ’</em></span> <span class='ocrx_word' id='word_1_209' title='bbox 716 1781 777 1821; x_wconf 90' lang='grc' dir='ltr'><em>ἀν.</em></span> <span class='ocrx_word' id='word_1_210' title='bbox 811 1787 1052 1821; x_wconf 83' lang='lat' dir='ltr'>correxerunt</span> <span class='ocrx_word' id='word_1_211' title='bbox 1086 1786 1345 1830; x_wconf 83' lang='lat' dir='ltr'>Wyttenbach</span> <span class='ocrx_word' id='word_1_212' title='bbox 1380 1789 1418 1823; x_wconf 86' lang='lat' dir='ltr'>et</span> <span class='ocrx_word' id='word_1_213' title='bbox 1453 1788 1632 1826; x_wconf 83' lang='lat' dir='ltr'>Gerhard.</span> <span class='ocrx_word' id='word_1_214' title='bbox 1661 1811 1705 1816; x_wconf 91' lang='lat'><em>-—</em></span> 
     </span>
     <span class='ocr_line' id='line_1_26' title="bbox 157 1829 1704 1880; baseline 0.003 -11"><span class='ocrx_word' id='word_1_215' title='bbox 157 1831 326 1869; x_wconf 86' lang='grc' dir='ltr'><em>ἀναίτιοι</em></span> <span class='ocrx_word' id='word_1_216' title='bbox 351 1832 435 1877; x_wconf 79' lang='lat' dir='ltr'>bed,</span> <span class='ocrx_word' id='word_1_217' title='bbox 461 1845 496 1869; x_wconf 85' lang='lat' dir='ltr'><strong>v.</strong></span> <span class='ocrx_word' id='word_1_218' title='bbox 523 1829 691 1878; x_wconf 77' lang='grc' dir='ltr'><em>ἀναίτια,</em></span> <span class='ocrx_word' id='word_1_219' title='bbox 710 1833 969 1879; x_wconf 78' lang='lat' dir='ltr'>Wyttcnbach</span> <span class='ocrx_word' id='word_1_220' title='bbox 995 1829 1150 1869; x_wconf 74' lang='grc' dir='ltr'><em>ἀναίτιοί</em></span> <span class='ocrx_word' id='word_1_221' title='bbox 1177 1830 1227 1880; x_wconf 87' lang='grc' dir='ltr'><em>τ’,</em></span> <span class='ocrx_word' id='word_1_222' title='bbox 1253 1835 1444 1871; x_wconf 85' lang='lat' dir='ltr'>Hermann</span> <span class='ocrx_word' id='word_1_223' title='bbox 1470 1832 1627 1872; x_wconf 86' lang='grc' dir='ltr'><em>ἀναίτια</em></span> <span class='ocrx_word' id='word_1_224' title='bbox 1653 1835 1704 1874; x_wconf 85' lang='grc' dir='ltr'><em>δ’.</em></span> 
     </span>
     <span class='ocr_line' id='line_1_27' title="bbox 157 1875 1706 1931; baseline 0.003 -14"><span class='ocrx_word' id='word_1_225' title='bbox 157 1882 239 1927; x_wconf 88' lang='lat' dir='ltr'><em>Ego</em></span> <span class='ocrx_word' id='word_1_226' title='bbox 266 1880 358 1918; x_wconf 89' lang='lat' dir='ltr'>olim</span> <span class='ocrx_word' id='word_1_227' title='bbox 382 1877 419 1927; x_wconf 83' lang='grc' dir='ltr'><em>ἤ.</em></span> <span class='ocrx_word' id='word_1_228' title='bbox 445 1893 483 1918; x_wconf 90' lang='grc' dir='ltr'><em>π.</em></span> <span class='ocrx_word' id='word_1_229' title='bbox 511 1875 616 1927; x_wconf 84' lang='grc' dir='ltr'><em>αὖτε,</em></span> <span class='ocrx_word' id='word_1_230' title='bbox 643 1880 709 1917; x_wconf 84' lang='grc' dir='ltr'><em>καὶ</em></span> <span class='ocrx_word' id='word_1_231' title='bbox 734 1878 879 1924; x_wconf 75' lang='grc' dir='ltr'><em>ἄντιτα,</em></span> <span class='ocrx_word' id='word_1_232' title='bbox 901 1893 1015 1927; x_wconf 82' lang='lat' dir='ltr'>quam</span> <span class='ocrx_word' id='word_1_233' title='bbox 1035 1881 1290 1918; x_wconf 85' lang='lat' dir='ltr'>coniecturam</span> <span class='ocrx_word' id='word_1_234' title='bbox 1310 1895 1370 1919; x_wconf 90' lang='lat' dir='ltr'>me</span> <span class='ocrx_word' id='word_1_235' title='bbox 1391 1884 1464 1920; x_wconf 88' lang='lat' dir='ltr'>sibi</span> <span class='ocrx_word' id='word_1_236' title='bbox 1483 1886 1706 1931; x_wconf 78' lang='lat' dir='ltr'>surripuisse</span> 
     </span>
     <span class='ocr_line' id='line_1_28' title="bbox 156 1926 1707 1979; baseline 0.003 -14"><span class='ocrx_word' id='word_1_237' title='bbox 156 1929 399 1975; x_wconf 75' lang='lat' dir='ltr'>conqueritur</span> <span class='ocrx_word' id='word_1_238' title='bbox 411 1929 570 1974; x_wconf 87' lang='lat' dir='ltr'>Ahrens,</span> <span class='ocrx_word' id='word_1_239' title='bbox 592 1928 657 1974; x_wconf 92' lang='lat' dir='ltr'><em>qui</em></span> <span class='ocrx_word' id='word_1_240' title='bbox 671 1928 834 1965; x_wconf 88' lang='lat' dir='ltr'>coniecit</span> <span class='ocrx_word' id='word_1_241' title='bbox 852 1926 1039 1976; x_wconf 83' lang='grc' dir='ltr'><em>ἀμέτρως·</em></span> <span class='ocrx_word' id='word_1_242' title='bbox 1061 1926 1132 1975; x_wconf 79' lang='grc' dir='ltr'><em>ἄτη</em></span> <span class='ocrx_word' id='word_1_243' title='bbox 1153 1930 1219 1966; x_wconf 79' lang='grc' dir='ltr'><em>καὶ</em></span> <span class='ocrx_word' id='word_1_244' title='bbox 1238 1928 1385 1978; x_wconf 75' lang='grc' dir='ltr'><em>ἄντιτα,</em></span> <span class='ocrx_word' id='word_1_245' title='bbox 1404 1934 1539 1978; x_wconf 85' lang='lat' dir='ltr'>postea</span> <span class='ocrx_word' id='word_1_246' title='bbox 1558 1933 1707 1979; x_wconf 86' lang='lat' dir='ltr'>lapsum</span> 
     </span>
     <span class='ocr_line' id='line_1_29' title="bbox 157 1973 1707 2027; baseline 0.003 -14"><span class='ocrx_word' id='word_1_247' title='bbox 157 1977 295 2014; x_wconf 83' lang='lat' dir='ltr'>calami</span> <span class='ocrx_word' id='word_1_248' title='bbox 314 1976 431 2013; x_wconf 86' lang='lat' dir='ltr'>fuisse</span> <span class='ocrx_word' id='word_1_249' title='bbox 452 1976 558 2021; x_wconf 86' lang='lat' dir='ltr'>dixit,</span> <span class='ocrx_word' id='word_1_250' title='bbox 579 1977 715 2013; x_wconf 85' lang='lat' dir='ltr'>vitium</span> <span class='ocrx_word' id='word_1_251' title='bbox 732 1977 825 2013; x_wconf 85' lang='lat' dir='ltr'>vitio</span> <span class='ocrx_word' id='word_1_252' title='bbox 845 1978 1068 2014; x_wconf 81' lang='lat' dir='ltr'>emendans:</span> <span class='ocrx_word' id='word_1_253' title='bbox 1096 1976 1193 2025; x_wconf 77' lang='grc' dir='ltr'><em>ἄτη,</em></span> <span class='ocrx_word' id='word_1_254' title='bbox 1220 1973 1242 2026; x_wconf 87' lang='grc' dir='ltr'><strong><em>ᾖ</em></strong></span> <span class='ocrx_word' id='word_1_255' title='bbox 1270 1977 1403 2015; x_wconf 81' lang='grc' dir='ltr'><em>ἄντιτα</em></span> <span class='ocrx_word' id='word_1_256' title='bbox 1429 1984 1505 2017; x_wconf 76' lang='grc' dir='ltr'><em>κτλ.</em></span> <span class='ocrx_word' id='word_1_257' title='bbox 1532 1981 1707 2027; x_wconf 83' lang='lat' dir='ltr'>Hartung</span> 
     </span>
     <span class='ocr_line' id='line_1_30' title="bbox 155 2021 1705 2074; baseline 0.003 -13"><span class='ocrx_word' id='word_1_258' title='bbox 155 2025 306 2072; x_wconf 79' lang='lat' dir='ltr'>scripsit</span> <span class='ocrx_word' id='word_1_259' title='bbox 330 2021 497 2061; x_wconf 87' lang='grc' dir='ltr'><em>ἀναίτιοι</em></span> <span class='ocrx_word' id='word_1_260' title='bbox 523 2027 618 2071; x_wconf 76' lang='grc' dir='ltr'><em>εἴγε</em></span> <span class='ocrx_word' id='word_1_261' title='bbox 639 2025 824 2062; x_wconf 72' lang='grc' dir='ltr'><em>τίνουσιν.</em></span> <span class='ocrx_word' id='word_1_262' title='bbox 862 2025 1034 2063; x_wconf 73' lang='lat' dir='ltr'>Leutsoh.</span> <span class='ocrx_word' id='word_1_263' title='bbox 1061 2023 1177 2072; x_wconf 78' lang='grc' dir='ltr'><em>ἤλυθ’</em></span> <span class='ocrx_word' id='word_1_264' title='bbox 1207 2025 1324 2073; x_wconf 82' lang='grc' dir='ltr'><em>ὅμως</em></span> <span class='ocrx_word' id='word_1_265' title='bbox 1348 2024 1466 2074; x_wconf 89' lang='grc' dir='ltr'><em>ἀάτη</em></span> <span class='ocrx_word' id='word_1_266' title='bbox 1492 2028 1571 2064; x_wconf 80' lang='grc' dir='ltr'><em>’καὶ</em></span> <span class='ocrx_word' id='word_1_267' title='bbox 1596 2026 1705 2065; x_wconf 86' lang='grc' dir='ltr'><em>ἀναί-</em></span> 
     </span>
     <span class='ocr_line' id='line_1_31' title="bbox 156 2071 1705 2120; baseline 0.003 -11"><span class='ocrx_word' id='word_1_268' title='bbox 156 2087 231 2110; x_wconf 91' lang='grc' dir='ltr'><em>τιοι</em></span> <span class='ocrx_word' id='word_1_269' title='bbox 255 2072 543 2110; x_wconf 82' lang='lat' dir='ltr'>commendavit.</span> <span class='ocrx_word' id='word_1_270' title='bbox 572 2095 616 2100; x_wconf 86' lang='lat'><em>-</em></span> <span class='ocrx_word' id='word_1_271' title='bbox 643 2074 688 2111; x_wconf 92' lang='lat' dir='ltr'><strong>V.</strong></span> <span class='ocrx_word' id='word_1_272' title='bbox 715 2078 771 2110; x_wconf 89' lang='lat'><em>32.</em></span> <span class='ocrx_word' id='word_1_273' title='bbox 798 2071 822 2120; x_wconf 83' lang='grc' dir='ltr'>ἤ</span> <span class='ocrx_word' id='word_1_274' title='bbox 856 2073 967 2120; x_wconf 81' lang='grc' dir='ltr'><em>γένος</em></span> <span class='ocrx_word' id='word_1_275' title='bbox 1001 2071 1160 2118; x_wconf 78' lang='grc' dir='ltr'><em>ἐξοπίσω</em></span> <span class='ocrx_word' id='word_1_276' title='bbox 1187 2076 1217 2112; x_wconf 93' lang='grc' dir='ltr'>Β</span> <span class='ocrx_word' id='word_1_277' title='bbox 1244 2088 1292 2111; x_wconf 88' lang='lat' dir='ltr'><em>m.</em></span> <span class='ocrx_word' id='word_1_278' title='bbox 1320 2087 1391 2112; x_wconf 86' lang='lat' dir='ltr'>sec.</span> <span class='ocrx_word' id='word_1_279' title='bbox 1421 2088 1457 2120; x_wconf 86' lang='lat' dir='ltr'>c,</span> <span class='ocrx_word' id='word_1_280' title='bbox 1483 2079 1526 2112; x_wconf 89' lang='lat' dir='ltr'>ut</span> <span class='ocrx_word' id='word_1_281' title='bbox 1550 2077 1705 2114; x_wconf 84' lang='lat' dir='ltr'>Pierson</span> 
     </span>
     <span class='ocr_line' id='line_1_32' title="bbox 157 2118 1704 2183; baseline 0.003 -26"><span class='ocrx_word' id='word_1_282' title='bbox 157 2121 386 2167; x_wconf 82' lang='lat' dir='ltr'>coniecerat,</span> <span class='ocrx_word' id='word_1_283' title='bbox 423 2122 488 2158; x_wconf 87' lang='lat' dir='ltr'>rel.</span> <span class='ocrx_word' id='word_1_284' title='bbox 522 2118 722 2168; x_wconf 78' lang='grc' dir='ltr'><em>ἡγεμόνων</em></span> <span class='ocrx_word' id='word_1_285' title='bbox 755 2118 874 2171; x_wconf 83' lang='grc' dir='ltr'><em>ὀπίσῳ</em></span> <span class='ocrx_word' id='word_1_286' title='bbox 907 2125 991 2168; x_wconf 86' lang='lat' dir='ltr'>(sec.</span> <span class='ocrx_word' id='word_1_287' title='bbox 1027 2123 1354 2161; x_wconf 89' lang='lat' dir='ltr'>Schneidewinum</span> <span class='ocrx_word' id='word_1_288' title='bbox 1385 2125 1419 2159; x_wconf 93' lang='lat' dir='ltr'>A</span> <span class='ocrx_word' id='word_1_289' title='bbox 1452 2121 1473 2183; x_wconf 62' lang='grc' dir='ltr'><em>ᾗ</em></span> <span class='ocrx_word' id='word_1_290' title='bbox 1506 2123 1704 2171; x_wconf 82' lang='grc' dir='ltr'><em>προγόνων</em></span> 
     </span>
     <span class='ocr_line' id='line_1_33' title="bbox 151 2163 1705 2219; baseline 0.002 -14"><span class='ocrx_word' id='word_1_291' title='bbox 151 2166 244 2214; x_wconf 70' lang='grc' dir='ltr'><em>4ὀπ.&gt;,</em></span> <span class='ocrx_word' id='word_1_292' title='bbox 272 2169 531 2205; x_wconf 84' lang='lat' dir='ltr'>Schneidewin</span> <span class='ocrx_word' id='word_1_293' title='bbox 557 2166 580 2216; x_wconf 81' lang='grc' dir='ltr'><em>ἢ</em></span> <span class='ocrx_word' id='word_1_294' title='bbox 606 2169 718 2216; x_wconf 77' lang='grc' dir='ltr'><em>γένος</em></span> <span class='ocrx_word' id='word_1_295' title='bbox 744 2163 796 2206; x_wconf 74' lang='grc' dir='ltr'><em>ὧν</em></span> <span class='ocrx_word' id='word_1_296' title='bbox 823 2167 962 2217; x_wconf 85' lang='grc' dir='ltr'><em>ὀπίσω,</em></span> <span class='ocrx_word' id='word_1_297' title='bbox 995 2170 1146 2218; x_wconf 85' lang='lat' dir='ltr'>Sauppe</span> <span class='ocrx_word' id='word_1_298' title='bbox 1180 2169 1201 2219; x_wconf 82' lang='grc' dir='ltr'>ἢ</span> <span class='ocrx_word' id='word_1_299' title='bbox 1227 2170 1339 2219; x_wconf 78' lang='grc' dir='ltr'><em>γένος</em></span> <span class='ocrx_word' id='word_1_300' title='bbox 1370 2167 1423 2208; x_wconf 81' lang='grc' dir='ltr'><em>ὧν</em></span> <span class='ocrx_word' id='word_1_301' title='bbox 1449 2174 1587 2219; x_wconf 82' lang='grc' dir='ltr'><em>οπίσω,</em></span> <span class='ocrx_word' id='word_1_302' title='bbox 1619 2174 1705 2208; x_wconf 89' lang='lat' dir='ltr'><em>Em-</em></span> 
     </span>
     <span class='ocr_line' id='line_1_34' title="bbox 156 2213 1704 2267; baseline 0.001 -13"><span class='ocrx_word' id='word_1_303' title='bbox 156 2217 282 2264; x_wconf 88' lang='lat' dir='ltr'>perius</span> <span class='ocrx_word' id='word_1_304' title='bbox 307 2213 331 2264; x_wconf 79' lang='grc' dir='ltr'>ἢ</span> <span class='ocrx_word' id='word_1_305' title='bbox 357 2215 399 2253; x_wconf 90' lang='grc' dir='ltr'><em>τὸ</em></span> <span class='ocrx_word' id='word_1_306' title='bbox 426 2214 551 2264; x_wconf 82' lang='grc' dir='ltr'><em>γόνων</em></span> <span class='ocrx_word' id='word_1_307' title='bbox 578 2214 718 2264; x_wconf 85' lang='grc' dir='ltr'><em>ὀπίσω,</em></span> <span class='ocrx_word' id='word_1_308' title='bbox 743 2218 884 2255; x_wconf 89' lang='lat' dir='ltr'>Linder</span> <span class='ocrx_word' id='word_1_309' title='bbox 909 2215 932 2265; x_wconf 79' lang='grc' dir='ltr'>ἢ</span> <span class='ocrx_word' id='word_1_310' title='bbox 961 2220 1104 2264; x_wconf 79' lang='grc' dir='ltr'><em>γενεῶν</em></span> <span class='ocrx_word' id='word_1_311' title='bbox 1137 2217 1269 2257; x_wconf 88' lang='grc' dir='ltr'><em>ὀπίσω.</em></span> <span class='ocrx_word' id='word_1_312' title='bbox 1299 2242 1343 2247; x_wconf 92' lang='lat'><em>--</em></span> <span class='ocrx_word' id='word_1_313' title='bbox 1370 2220 1415 2256; x_wconf 91' lang='lat' dir='ltr'><strong>V.</strong></span> <span class='ocrx_word' id='word_1_314' title='bbox 1443 2225 1498 2257; x_wconf 86' lang='lat'><em>34.</em></span> <span class='ocrx_word' id='word_1_315' title='bbox 1527 2218 1704 2267; x_wconf 84' lang='grc' dir='ltr'><em>δηνεύειν</em></span> 
     </span>
     <span class='ocr_line' id='line_1_35' title="bbox 157 2265 1705 2314; baseline 0.001 -13"><span class='ocrx_word' id='word_1_316' title='bbox 157 2265 300 2311; x_wconf 79' lang='lat' dir='ltr'>scripsi,</span> <span class='ocrx_word' id='word_1_317' title='bbox 325 2265 361 2302; x_wconf 91' lang='lat' dir='ltr'><em>h.</em></span> <span class='ocrx_word' id='word_1_318' title='bbox 389 2277 420 2302; x_wconf 88' lang='lat' dir='ltr'><em>c.</em></span> <span class='ocrx_word' id='word_1_319' title='bbox 446 2277 545 2302; x_wconf 74' lang='lat' dir='ltr'>unus</span> <span class='ocrx_word' id='word_1_320' title='bbox 569 2267 721 2313; x_wconf 76' lang='lat' dir='ltr'>quisque</span> <span class='ocrx_word' id='word_1_321' title='bbox 746 2268 904 2303; x_wconf 75' lang='lat' dir='ltr'>callidus</span> <span class='ocrx_word' id='word_1_322' title='bbox 929 2278 1002 2303; x_wconf 80' lang='lat' dir='ltr'>esse</span> <span class='ocrx_word' id='word_1_323' title='bbox 1020 2269 1093 2304; x_wconf 76' lang='lat' dir='ltr'>sibi</span> <span class='ocrx_word' id='word_1_324' title='bbox 1111 2270 1268 2314; x_wconf 77' lang='lat' dir='ltr'>videtur,</span> <span class='ocrx_word' id='word_1_325' title='bbox 1288 2269 1360 2304; x_wconf 90' lang='lat' dir='ltr'><em>hoc</em></span> <span class='ocrx_word' id='word_1_326' title='bbox 1380 2269 1565 2305; x_wconf 82' lang='lat' dir='ltr'>vocabulo</span> <span class='ocrx_word' id='word_1_327' title='bbox 1585 2269 1705 2305; x_wconf 85' lang='lat' dir='ltr'>utitur</span> 
     </span>
    </p>
   </div>
   <div class='ocr_carea' id='block_1_6' title="bbox 86 2313 1702 2364">
    <p class='ocr_par' dir='ltr' id='par_1_6' title="bbox 86 2313 1702 2364">
     <span class='ocr_line' id='line_1_36' title="bbox 86 2313 1702 2364; baseline 0.002 -15"><span class='ocrx_word' id='word_1_328' title='bbox 86 2337 92 2340; x_wconf 98' lang='lat'>-</span> <span class='ocrx_word' id='word_1_329' title='bbox 155 2314 341 2350; x_wconf 84' lang='lat' dir='ltr'>Hesiodus</span> <span class='ocrx_word' id='word_1_330' title='bbox 379 2313 419 2349; x_wconf 90' lang='lat' dir='ltr'><em>in</em></span> <span class='ocrx_word' id='word_1_331' title='bbox 455 2313 685 2360; x_wconf 75' lang='lat' dir='ltr'>theogoniae</span> <span class='ocrx_word' id='word_1_332' title='bbox 724 2315 913 2360; x_wconf 79' lang='lat' dir='ltr'>versibus,</span> <span class='ocrx_word' id='word_1_333' title='bbox 953 2327 1047 2361; x_wconf 84' lang='lat' dir='ltr'>quos</span> <span class='ocrx_word' id='word_1_334' title='bbox 1087 2316 1316 2364; x_wconf 87' lang='lat' dir='ltr'>Chrysippus</span> <span class='ocrx_word' id='word_1_335' title='bbox 1355 2317 1455 2363; x_wconf 88' lang='lat' dir='ltr'>apud</span> <span class='ocrx_word' id='word_1_336' title='bbox 1491 2317 1622 2353; x_wconf 86' lang='lat' dir='ltr'>Galen.</span> <span class='ocrx_word' id='word_1_337' title='bbox 1657 2318 1702 2352; x_wconf 86' lang='lat' dir='ltr'>de</span> 
     </span>
    </p>
   </div>
   <div class='ocr_carea' id='block_1_7' title="bbox 122 2361 1704 3033">
    <p class='ocr_par' dir='ltr' id='par_1_7' title="bbox 122 2361 1704 3033">
     <span class='ocr_line' id='line_1_37' title="bbox 157 2361 1703 2420; baseline 0.002 -22"><span class='ocrx_word' id='word_1_338' title='bbox 157 2362 334 2420; x_wconf 81' lang='lat' dir='ltr'>Hippocr.</span> <span class='ocrx_word' id='word_1_339' title='bbox 371 2363 410 2398; x_wconf 87' lang='lat' dir='ltr'>et</span> <span class='ocrx_word' id='word_1_340' title='bbox 439 2361 538 2399; x_wconf 88' lang='lat' dir='ltr'>Plat.</span> <span class='ocrx_word' id='word_1_341' title='bbox 565 2363 663 2409; x_wconf 84' lang='lat' dir='ltr'>plac.</span> <span class='ocrx_word' id='word_1_342' title='bbox 690 2363 758 2402; x_wconf 87' lang='lat' dir='ltr'><strong>III.</strong></span> <span class='ocrx_word' id='word_1_343' title='bbox 785 2376 822 2409; x_wconf 87' lang='lat' dir='ltr'><em>p.</em></span> <span class='ocrx_word' id='word_1_344' title='bbox 850 2367 918 2399; x_wconf 88' lang='lat'><em>351</em></span> <span class='ocrx_word' id='word_1_345' title='bbox 954 2364 1136 2401; x_wconf 83' lang='lat' dir='ltr'>servavit:</span> <span class='ocrx_word' id='word_1_346' title='bbox 1170 2363 1370 2409; x_wconf 81' lang='grc' dir='ltr'><em>ἐξαπατῶν</em></span> <span class='ocrx_word' id='word_1_347' title='bbox 1403 2365 1532 2410; x_wconf 84' lang='grc' dir='ltr'><em>Μῆτιν</em></span> <span class='ocrx_word' id='word_1_348' title='bbox 1566 2366 1703 2408; x_wconf 81' lang='grc' dir='ltr'><em>καίπερ</em></span> 
     </span>
     <span class='ocr_line' id='line_1_38' title="bbox 156 2407 1704 2459; baseline 0.002 -14"><span class='ocrx_word' id='word_1_349' title='bbox 156 2413 253 2447; x_wconf 83' lang='grc' dir='ltr'><em>πολυ</em></span> <span class='ocrx_word' id='word_1_350' title='bbox 280 2407 532 2456; x_wconf 79' lang='grc' dir='ltr'><em>δηνεύουσαν,</em></span> <span class='ocrx_word' id='word_1_351' title='bbox 557 2410 621 2446; x_wconf 90' lang='lat' dir='ltr'><em>ubi</em></span> <span class='ocrx_word' id='word_1_352' title='bbox 647 2411 764 2457; x_wconf 86' lang='lat' dir='ltr'>vulgo</span> <span class='ocrx_word' id='word_1_353' title='bbox 792 2409 1022 2448; x_wconf 81' lang='grc' dir='ltr'><em>δινεύουσαν</em></span> <span class='ocrx_word' id='word_1_354' title='bbox 1047 2411 1198 2459; x_wconf 84' lang='lat' dir='ltr'>legitur.</span> <span class='ocrx_word' id='word_1_355' title='bbox 1230 2410 1498 2459; x_wconf 83' lang='grc' dir='ltr'><em>περιδηνεύειν</em></span> <span class='ocrx_word' id='word_1_356' title='bbox 1525 2412 1704 2459; x_wconf 89' lang='lat' dir='ltr'>Sophocli</span> 
     </span>
     <span class='ocr_line' id='line_1_39' title="bbox 158 2457 1703 2508; baseline 0.001 -14"><span class='ocrx_word' id='word_1_357' title='bbox 158 2457 248 2494; x_wconf 89' lang='lat' dir='ltr'>olim</span> <span class='ocrx_word' id='word_1_358' title='bbox 274 2459 430 2495; x_wconf 86' lang='lat' dir='ltr'>conatus</span> <span class='ocrx_word' id='word_1_359' title='bbox 457 2471 539 2494; x_wconf 88' lang='lat' dir='ltr'><em>sum</em></span> <span class='ocrx_word' id='word_1_360' title='bbox 564 2459 756 2495; x_wconf 87' lang='lat' dir='ltr'>vindicare</span> <span class='ocrx_word' id='word_1_361' title='bbox 781 2460 821 2496; x_wconf 89' lang='lat' dir='ltr'><em>in</em></span> <span class='ocrx_word' id='word_1_362' title='bbox 845 2472 955 2497; x_wconf 88' lang='lat' dir='ltr'>versu</span> <span class='ocrx_word' id='word_1_363' title='bbox 976 2471 1035 2506; x_wconf 86' lang='lat' dir='ltr'><em>ap.</em></span> <span class='ocrx_word' id='word_1_364' title='bbox 1057 2461 1223 2498; x_wconf 86' lang='lat' dir='ltr'>Erotian.</span> <span class='ocrx_word' id='word_1_365' title='bbox 1253 2474 1288 2508; x_wconf 88' lang='lat' dir='ltr'><em>p.</em></span> <span class='ocrx_word' id='word_1_366' title='bbox 1311 2464 1367 2496; x_wconf 88' lang='lat'><strong>45.</strong></span> <span class='ocrx_word' id='word_1_367' title='bbox 1419 2463 1543 2497; x_wconf 84' lang='lat' dir='ltr'>Antea</span> <span class='ocrx_word' id='word_1_368' title='bbox 1567 2461 1606 2496; x_wconf 89' lang='lat' dir='ltr'><em>in</em></span> <span class='ocrx_word' id='word_1_369' title='bbox 1632 2462 1703 2497; x_wconf 88' lang='lat' dir='ltr'><em>hoc</em></span> 
     </span>
     <span class='ocr_line' id='line_1_40' title="bbox 158 2503 1704 2556; baseline 0.001 -14"><span class='ocrx_word' id='word_1_370' title='bbox 158 2505 308 2543; x_wconf 84' lang='lat' dir='ltr'>Solonis</span> <span class='ocrx_word' id='word_1_371' title='bbox 332 2517 443 2544; x_wconf 86' lang='lat' dir='ltr'>versu</span> <span class='ocrx_word' id='word_1_372' title='bbox 465 2505 510 2542; x_wconf 71' lang='grc' dir='ltr'><em>ἓν</em></span> <span class='ocrx_word' id='word_1_373' title='bbox 537 2504 646 2553; x_wconf 85' lang='grc' dir='ltr'><em>δήειν</em></span> <span class='ocrx_word' id='word_1_374' title='bbox 672 2503 790 2549; x_wconf 77' lang='grc' dir='ltr'><em>αὐτὸς</em></span> <span class='ocrx_word' id='word_1_375' title='bbox 817 2508 960 2554; x_wconf 86' lang='lat' dir='ltr'>scripsi,</span> <span class='ocrx_word' id='word_1_376' title='bbox 986 2508 1023 2543; x_wconf 93' lang='lat' dir='ltr'><em>h.</em></span> <span class='ocrx_word' id='word_1_377' title='bbox 1053 2520 1083 2544; x_wconf 89' lang='lat' dir='ltr'><em>e.</em></span> <span class='ocrx_word' id='word_1_378' title='bbox 1111 2510 1240 2556; x_wconf 72' lang='lat' dir='ltr'>aliqua</span> <span class='ocrx_word' id='word_1_379' title='bbox 1264 2521 1303 2545; x_wconf 81' lang='lat' dir='ltr'>re</span> <span class='ocrx_word' id='word_1_380' title='bbox 1333 2520 1370 2545; x_wconf 83' lang='lat' dir='ltr'>se</span> <span class='ocrx_word' id='word_1_381' title='bbox 1388 2510 1600 2554; x_wconf 68' lang='lat' dir='ltr'>potiturum</span> <span class='ocrx_word' id='word_1_382' title='bbox 1632 2520 1704 2544; x_wconf 82' lang='lat' dir='ltr'>esse</span> 
     </span>
     <span class='ocr_line' id='line_1_41' title="bbox 157 2552 1704 2602; baseline 0.001 -12"><span class='ocrx_word' id='word_1_383' title='bbox 157 2556 256 2590; x_wconf 65' lang='lat' dir='ltr'>&#39;tonus</span> <span class='ocrx_word' id='word_1_384' title='bbox 280 2555 431 2601; x_wconf 74' lang='lat' dir='ltr'>quisque</span> <span class='ocrx_word' id='word_1_385' title='bbox 455 2559 597 2600; x_wconf 74' lang='lat' dir='ltr'>sperat.-</span> <span class='ocrx_word' id='word_1_386' title='bbox 624 2552 742 2599; x_wconf 83' lang='grc' dir='ltr'><em>δόξαν</em></span> <span class='ocrx_word' id='word_1_387' title='bbox 771 2554 872 2602; x_wconf 76' lang='grc' dir='ltr'><em>ἔχειν</em></span> <span class='ocrx_word' id='word_1_388' title='bbox 898 2556 999 2591; x_wconf 89' lang='lat' dir='ltr'>idem</span> <span class='ocrx_word' id='word_1_389' title='bbox 1025 2558 1083 2592; x_wconf 87' lang='lat' dir='ltr'><em>est</em></span> <span class='ocrx_word' id='word_1_390' title='bbox 1108 2558 1220 2602; x_wconf 81' lang='lat' dir='ltr'>atque</span> <span class='ocrx_word' id='word_1_391' title='bbox 1249 2559 1394 2601; x_wconf 78' lang='grc' dir='ltr'><em>δοκεῖν,</em></span> <span class='ocrx_word' id='word_1_392' title='bbox 1427 2557 1553 2602; x_wconf 85' lang='lat' dir='ltr'>potest</span> <span class='ocrx_word' id='word_1_393' title='bbox 1586 2556 1704 2602; x_wconf 84' lang='lat' dir='ltr'>igitur</span> 
     </span>
     <span class='ocr_line' id='line_1_42' title="bbox 156 2602 1700 2651; baseline 0.001 -14"><span class='ocrx_word' id='word_1_394' title='bbox 156 2613 232 2638; x_wconf 90' lang='lat' dir='ltr'><em>non</em></span> <span class='ocrx_word' id='word_1_395' title='bbox 259 2603 380 2638; x_wconf 87' lang='lat' dir='ltr'>solum</span> <span class='ocrx_word' id='word_1_396' title='bbox 406 2602 452 2639; x_wconf 88' lang='lat' dir='ltr'>de</span> <span class='ocrx_word' id='word_1_397' title='bbox 485 2614 546 2647; x_wconf 92' lang='lat' dir='ltr'>eo,</span> <span class='ocrx_word' id='word_1_398' title='bbox 581 2602 648 2649; x_wconf 88' lang='lat' dir='ltr'><em>qui</em></span> <span class='ocrx_word' id='word_1_399' title='bbox 679 2603 781 2648; x_wconf 89' lang='lat' dir='ltr'>aliis,</span> <span class='ocrx_word' id='word_1_400' title='bbox 814 2604 880 2646; x_wconf 83' lang='lat' dir='ltr'><em>sed</em></span> <span class='ocrx_word' id='word_1_401' title='bbox 912 2603 1027 2639; x_wconf 89' lang='lat' dir='ltr'>etiam</span> <span class='ocrx_word' id='word_1_402' title='bbox 1059 2605 1105 2640; x_wconf 90' lang='lat' dir='ltr'>de</span> <span class='ocrx_word' id='word_1_403' title='bbox 1139 2617 1200 2650; x_wconf 85' lang='lat' dir='ltr'>eo,</span> <span class='ocrx_word' id='word_1_404' title='bbox 1234 2606 1297 2651; x_wconf 90' lang='lat' dir='ltr'><em>qui</em></span> <span class='ocrx_word' id='word_1_405' title='bbox 1330 2605 1402 2640; x_wconf 87' lang='lat' dir='ltr'>sibi</span> <span class='ocrx_word' id='word_1_406' title='bbox 1436 2605 1584 2641; x_wconf 89' lang='lat' dir='ltr'>videtur</span> <span class='ocrx_word' id='word_1_407' title='bbox 1614 2604 1700 2640; x_wconf 90' lang='lat' dir='ltr'>dici.</span> 
     </span>
     <span class='ocr_line' id='line_1_43' title="bbox 157 2648 1700 2699; baseline 0.001 -13"><span class='ocrx_word' id='word_1_408' title='bbox 157 2650 262 2686; x_wconf 90' lang='lat' dir='ltr'>Libri</span> <span class='ocrx_word' id='word_1_409' title='bbox 289 2651 491 2687; x_wconf 87' lang='lat' dir='ltr'>admodum</span> <span class='ocrx_word' id='word_1_410' title='bbox 518 2652 683 2698; x_wconf 83' lang='lat' dir='ltr'>variant,</span> <span class='ocrx_word' id='word_1_411' title='bbox 716 2650 849 2698; x_wconf 85' lang='grc' dir='ltr'><em>δεινὴν</em></span> <span class='ocrx_word' id='word_1_412' title='bbox 876 2651 930 2693; x_wconf 81' lang='grc' dir='ltr'><em>εἷς</em></span> <span class='ocrx_word' id='word_1_413' title='bbox 956 2648 1075 2688; x_wconf 82' lang='grc' dir='ltr'><em>αὑτοῦ</em></span> <span class='ocrx_word' id='word_1_414' title='bbox 1102 2653 1126 2688; x_wconf 93' lang='lat' dir='ltr'>b</span> <span class='ocrx_word' id='word_1_415' title='bbox 1153 2654 1192 2689; x_wconf 87' lang='lat' dir='ltr'>et</span> <span class='ocrx_word' id='word_1_416' title='bbox 1216 2650 1348 2699; x_wconf 87' lang='grc' dir='ltr'><em>δεινὴν</em></span> <span class='ocrx_word' id='word_1_417' title='bbox 1382 2652 1497 2688; x_wconf 91' lang='lat' dir='ltr'>etiam</span> <span class='ocrx_word' id='word_1_418' title='bbox 1530 2653 1569 2687; x_wconf 76' lang='grc' dir='ltr'><em>Β.Ι</em></span> <span class='ocrx_word' id='word_1_419' title='bbox 1597 2665 1644 2687; x_wconf 91' lang='lat' dir='ltr'><em>m.</em></span> <span class='ocrx_word' id='word_1_420' title='bbox 1674 2665 1700 2688; x_wconf 92' lang='lat' dir='ltr'><em>s.</em></span> 
     </span>
     <span class='ocr_line' id='line_1_44' title="bbox 122 2695 1701 2760; baseline 0.001 -26"><span class='ocrx_word' id='word_1_421' title='bbox 122 2719 126 2722; x_wconf 91' lang='lat'>·</span> <span class='ocrx_word' id='word_1_422' title='bbox 158 2698 321 2742; x_wconf 88' lang='lat' dir='ltr'>exhibet,</span> <span class='ocrx_word' id='word_1_423' title='bbox 349 2695 466 2745; x_wconf 79' lang='grc' dir='ltr'><em>ἐνδὴν</em></span> <span class='ocrx_word' id='word_1_424' title='bbox 493 2698 548 2741; x_wconf 81' lang='grc' dir='ltr'><em>εἷς</em></span> <span class='ocrx_word' id='word_1_425' title='bbox 573 2697 690 2741; x_wconf 83' lang='grc' dir='ltr'><em>αὐτὸς</em></span> <span class='ocrx_word' id='word_1_426' title='bbox 716 2711 770 2745; x_wconf 86' lang='lat' dir='ltr'>ac,</span> <span class='ocrx_word' id='word_1_427' title='bbox 799 2698 841 2736; x_wconf 77' lang='grc' dir='ltr'><em>ἐκ</em></span> <span class='ocrx_word' id='word_1_428' title='bbox 868 2697 939 2746; x_wconf 84' lang='grc' dir='ltr'><em>δὴν</em></span> <span class='ocrx_word' id='word_1_429' title='bbox 966 2695 1014 2760; x_wconf 62' lang='lat' dir='ltr'><em>{jv</em></span> <span class='ocrx_word' id='word_1_430' title='bbox 1047 2698 1164 2742; x_wconf 77' lang='grc' dir='ltr'><em>αὐτὸς</em></span> <span class='ocrx_word' id='word_1_431' title='bbox 1190 2712 1227 2746; x_wconf 89' lang='lat' dir='ltr'>e,</span> <span class='ocrx_word' id='word_1_432' title='bbox 1262 2698 1402 2746; x_wconf 82' lang='grc' dir='ltr'><em>ἐνδηην</em></span> <span class='ocrx_word' id='word_1_433' title='bbox 1436 2697 1553 2740; x_wconf 83' lang='grc' dir='ltr'><em>αὐτός</em></span> <span class='ocrx_word' id='word_1_434' title='bbox 1578 2700 1701 2744; x_wconf 61' lang='lat' dir='ltr'>vind„</span> 
     </span>
     <span class='ocr_line' id='line_1_45' title="bbox 159 2743 1702 2794; baseline -0.001 -12"><span class='ocrx_word' id='word_1_435' title='bbox 159 2746 226 2782; x_wconf 81' lang='lat' dir='ltr'>sed</span> <span class='ocrx_word' id='word_1_436' title='bbox 251 2758 342 2782; x_wconf 85' lang='lat' dir='ltr'>corr.</span> <span class='ocrx_word' id='word_1_437' title='bbox 371 2743 413 2783; x_wconf 78' lang='grc' dir='ltr'><em>ἐν</em></span> <span class='ocrx_word' id='word_1_438' title='bbox 440 2744 511 2793; x_wconf 87' lang='grc' dir='ltr'><em>δὴν</em></span> <span class='ocrx_word' id='word_1_439' title='bbox 536 2743 603 2794; x_wconf 82' lang='grc' dir='ltr'><em>ἣν,</em></span> <span class='ocrx_word' id='word_1_440' title='bbox 629 2748 745 2793; x_wconf 89' lang='lat' dir='ltr'>vulgo</span> <span class='ocrx_word' id='word_1_441' title='bbox 778 2745 820 2784; x_wconf 79' lang='grc' dir='ltr'><em>ἐν</em></span> <span class='ocrx_word' id='word_1_442' title='bbox 854 2746 925 2792; x_wconf 84' lang='grc' dir='ltr'><em>δὴν</em></span> <span class='ocrx_word' id='word_1_443' title='bbox 960 2761 1009 2794; x_wconf 88' lang='grc' dir='ltr'><em>ην</em></span> <span class='ocrx_word' id='word_1_444' title='bbox 1042 2745 1119 2794; x_wconf 81' lang='grc' dir='ltr'><em>(ἢν)</em></span> <span class='ocrx_word' id='word_1_445' title='bbox 1152 2745 1278 2790; x_wconf 80' lang='grc' dir='ltr'><em>αὐτὸς.</em></span> <span class='ocrx_word' id='word_1_446' title='bbox 1330 2748 1528 2793; x_wconf 85' lang='lat' dir='ltr'>Emperius</span> <span class='ocrx_word' id='word_1_447' title='bbox 1559 2745 1702 2792; x_wconf 77' lang='grc' dir='ltr'><em>κεδνὴν</em></span> 
     </span>
     <span class='ocr_line' id='line_1_46' title="bbox 158 2773 1702 2841; baseline 0 -11"><span class='ocrx_word' id='word_1_448' title='bbox 158 2792 213 2835; x_wconf 82' lang='grc' dir='ltr'><em>εἷς</em></span> <span class='ocrx_word' id='word_1_449' title='bbox 238 2791 370 2839; x_wconf 76' lang='grc' dir='ltr'><em>αὑτοῦ,</em></span> <span class='ocrx_word' id='word_1_450' title='bbox 395 2795 586 2831; x_wconf 84' lang='lat' dir='ltr'>Hermann</span> <span class='ocrx_word' id='word_1_451' title='bbox 611 2795 747 2840; x_wconf 82' lang='grc' dir='ltr'><em>αἰνεῖν,</em></span> <span class='ocrx_word' id='word_1_452' title='bbox 773 2791 821 2841; x_wconf 81' lang='grc' dir='ltr'><em>ἣν</em></span> <span class='ocrx_word' id='word_1_453' title='bbox 848 2793 981 2840; x_wconf 75' lang='grc' dir='ltr'><em>αὐτὸς,</em></span> <span class='ocrx_word' id='word_1_454' title='bbox 1010 2795 1271 2832; x_wconf 86' lang='lat' dir='ltr'>Schneidewin</span> <span class='ocrx_word' id='word_1_455' title='bbox 1305 2789 1347 2831; x_wconf 77' lang='grc' dir='ltr'><em>εὖ</em></span> <span class='ocrx_word' id='word_1_456' title='bbox 1381 2793 1461 2841; x_wconf 80' lang='grc' dir='ltr'><em>ῥἐῐν</em></span> <span class='ocrx_word' id='word_1_457' title='bbox 1495 2773 1549 2835; x_wconf 52' lang='grc' dir='ltr'><em>εἷς</em></span> <span class='ocrx_word' id='word_1_458' title='bbox 1574 2791 1702 2840; x_wconf 84' lang='grc' dir='ltr'><em>αὐτός,</em></span> 
     </span>
     <span class='ocr_line' id='line_1_47' title="bbox 157 2839 1700 2890; baseline 0 -13"><span class='ocrx_word' id='word_1_459' title='bbox 157 2841 305 2878; x_wconf 86' lang='lat' dir='ltr'>Ahrens</span> <span class='ocrx_word' id='word_1_460' title='bbox 331 2839 515 2888; x_wconf 78' lang='grc' dir='ltr'><em>εὐθηνεῖν</em></span> <span class='ocrx_word' id='word_1_461' title='bbox 547 2840 680 2888; x_wconf 78' lang='grc' dir='ltr'><em>αὐτός,</em></span> <span class='ocrx_word' id='word_1_462' title='bbox 708 2844 809 2889; x_wconf 91' lang='lat' dir='ltr'>quod</span> <span class='ocrx_word' id='word_1_463' title='bbox 834 2843 1009 2890; x_wconf 83' lang='lat' dir='ltr'>probavit</span> <span class='ocrx_word' id='word_1_464' title='bbox 1034 2844 1227 2890; x_wconf 82' lang='lat' dir='ltr'>Hartung,</span> <span class='ocrx_word' id='word_1_465' title='bbox 1259 2843 1333 2879; x_wconf 83' lang='lat' dir='ltr'>nisi</span> <span class='ocrx_word' id='word_1_466' title='bbox 1367 2843 1467 2887; x_wconf 88' lang='lat' dir='ltr'>quod</span> <span class='ocrx_word' id='word_1_467' title='bbox 1499 2839 1700 2878; x_wconf 79' lang='grc' dir='ltr'><em>εὖθενέειν</em></span> 
     </span>
     <span class='ocr_line' id='line_1_48' title="bbox 159 2887 1699 2948; baseline 0 -23"><span class='ocrx_word' id='word_1_468' title='bbox 159 2890 323 2948; x_wconf 67' lang='lat' dir='ltr'>scripsit,</span> <span class='ocrx_word' id='word_1_469' title='bbox 346 2890 485 2927; x_wconf 88' lang='lat' dir='ltr'>Linder</span> <span class='ocrx_word' id='word_1_470' title='bbox 509 2887 620 2937; x_wconf 77' lang='grc' dir='ltr'><em>ἥδειν</em></span> <span class='ocrx_word' id='word_1_471' title='bbox 645 2887 696 2937; x_wconf 79' lang='grc' dir='ltr'><em>ἣν</em></span> <span class='ocrx_word' id='word_1_472' title='bbox 722 2888 850 2937; x_wconf 77' lang='grc' dir='ltr'><em>αὐτὸς,</em></span> <span class='ocrx_word' id='word_1_473' title='bbox 875 2891 1048 2928; x_wconf 86' lang='lat' dir='ltr'>Meineke</span> <span class='ocrx_word' id='word_1_474' title='bbox 1074 2887 1243 2937; x_wconf 78' lang='grc' dir='ltr'><em>ἥνδανεν</em></span> <span class='ocrx_word' id='word_1_475' title='bbox 1270 2887 1317 2936; x_wconf 80' lang='grc' dir='ltr'><em>ἣν</em></span> <span class='ocrx_word' id='word_1_476' title='bbox 1344 2888 1470 2935; x_wconf 77' lang='grc' dir='ltr'><em>αὐτὸς,</em></span> <span class='ocrx_word' id='word_1_477' title='bbox 1499 2890 1632 2926; x_wconf 87' lang='lat' dir='ltr'>Sitzler</span> <span class='ocrx_word' id='word_1_478' title='bbox 1654 2888 1699 2926; x_wconf 67' lang='grc' dir='ltr'><em>ἓν</em></span> 
     </span>
     <span class='ocr_line' id='line_1_49' title="bbox 160 2934 1699 2987; baseline 0.001 -14"><span class='ocrx_word' id='word_1_479' title='bbox 160 2934 196 2972; x_wconf 88' lang='grc' dir='ltr'><em>δ’</em></span> <span class='ocrx_word' id='word_1_480' title='bbox 223 2938 330 2984; x_wconf 79' lang='grc' dir='ltr'><em>ηξειν</em></span> <span class='ocrx_word' id='word_1_481' title='bbox 357 2935 459 2987; x_wconf 82' lang='grc' dir='ltr'><em>αὐτῷ</em></span> <span class='ocrx_word' id='word_1_482' title='bbox 486 2943 576 2984; x_wconf 56' lang='lat' dir='ltr'><em>mk,</em></span> <span class='ocrx_word' id='word_1_483' title='bbox 602 2940 766 2976; x_wconf 88' lang='lat' dir='ltr'>Leutsch</span> <span class='ocrx_word' id='word_1_484' title='bbox 794 2940 954 2985; x_wconf 87' lang='lat' dir='ltr'>denique</span> <span class='ocrx_word' id='word_1_485' title='bbox 981 2936 1158 2985; x_wconf 79' lang='grc' dir='ltr'><em>εὗδεινὴν</em></span> <span class='ocrx_word' id='word_1_486' title='bbox 1178 2938 1202 2975; x_wconf 92' lang='lat' dir='ltr'><em>i.</em></span> <span class='ocrx_word' id='word_1_487' title='bbox 1223 2951 1252 2975; x_wconf 89' lang='lat' dir='ltr'><em>e.</em></span> <span class='ocrx_word' id='word_1_488' title='bbox 1275 2935 1467 2984; x_wconf 80' lang='grc' dir='ltr'><em>εὐδιεινὴν</em></span> <span class='ocrx_word' id='word_1_489' title='bbox 1493 2937 1699 2984; x_wconf 85' lang='lat' dir='ltr'>proposuit.</span> 
     </span>
     <span class='ocr_line' id='line_1_50' title="bbox 162 2985 1701 3033; baseline 0.001 -13"><span class='ocrx_word' id='word_1_490' title='bbox 162 2985 362 3022; x_wconf 80' lang='lat' dir='ltr'>Praeterea.</span> <span class='ocrx_word' id='word_1_491' title='bbox 386 2986 524 3022; x_wconf 87' lang='lat' dir='ltr'>Linder</span> <span class='ocrx_word' id='word_1_492' title='bbox 548 2987 611 3024; x_wconf 87' lang='lat' dir='ltr'><em>hic</em></span> <span class='ocrx_word' id='word_1_493' title='bbox 636 2987 877 3023; x_wconf 81' lang='lat' dir='ltr'>inserendum</span> <span class='ocrx_word' id='word_1_494' title='bbox 903 2989 1031 3024; x_wconf 89' lang='lat' dir='ltr'>censet</span> <span class='ocrx_word' id='word_1_495' title='bbox 1049 2987 1237 3023; x_wconf 88' lang='lat' dir='ltr'>distichon</span> <span class='ocrx_word' id='word_1_496' title='bbox 1256 3000 1290 3023; x_wconf 89' lang='lat' dir='ltr'><strong>v.</strong></span> <span class='ocrx_word' id='word_1_497' title='bbox 1312 2991 1367 3022; x_wconf 84' lang='lat'><strong>39.</strong></span> <span class='ocrx_word' id='word_1_498' title='bbox 1389 2990 1446 3032; x_wconf 89' lang='grc'><em>40,</em></span> <span class='ocrx_word' id='word_1_499' title='bbox 1466 2986 1532 3022; x_wconf 91' lang='lat' dir='ltr'><em>ubi</em></span> <span class='ocrx_word' id='word_1_500' title='bbox 1551 2986 1701 3033; x_wconf 87' lang='lat' dir='ltr'>scripsit</span> 
     </span>
    </p>
   </div>
  </div>
 </body>
</html>
