1890 3216
836 179 1008 216 PLATO.
1283 176 1289 180 ⁷
1609 173 1695 217 299

157 296 221 336 his
251 295 423 336 fortasse
454 294 632 334 Platonis
656 295 817 333 minoris
849 294 942 332 sunt
975 294 1042 332 21.
1071 294 1138 332 26.
1167 292 1242 341 28,
1275 290 1475 329 Ammonia·
1502 290 1576 337 23,
1608 287 1698 327 reli-

158 375 328 414 quorum
361 363 544 400 auctores
576 360 729 400 incerti.
792 358 973 409 Denique
1005 358 1161 398 novicia
1197 356 1306 396 haud
1345 355 1464 395 dubie
1496 353 1698 405 poematia

158 431 254 468 sunt
275 428 342 479 16,
375 426 481 478 quod
507 426 680 466 fortasse
700 425 905 475 Antipatri
929 426 1007 473 est,
1030 425 1097 473 19,
1128 423 1235 474 quod
1259 423 1356 462 item
1377 421 1534 460 Platom'
1554 420 1700 459 iuniori

158 492 289 546 possis
315 492 511 543 tribuere,
544 495 585 532 et
611 494 677 532 20.
723 491 883 531 Platoni
914 489 1059 530 minori
1086 489 1119 529 si
1144 491 1252 529 recte
1279 487 1403 527 tribui
1430 499 1490 537 ep.
1513 487 1586 534 21,
1617 485 1699 524 iam

159 560 329 611 apparet
365 570 511 598 vanam
549 570 636 597 esse
670 556 897 598 Benndorfii
935 556 1221 604 coniecturam,
1265 554 1332 605 qui
1371 552 1574 592 existimat
1611 563 1699 591 esse

160 625 418 674 Sardianum,
456 624 739 675 philosophum
771 624 1030 673 Epicureum,
1064 621 1132 672 qui
1164 620 1366 661 Ciceronis
1398 618 1477 658 fuit
1507 617 1782 668 aequalis‚e19

160 691 195 731 si
231 690 393 741 quidem
431 690 660 730 Polemonis
699 689 808 740 regis
846 691 1026 739 tempore
1067 688 1133 728 vel
1174 687 1296 727 etiam
1338 687 1480 737 postea
1521 683 1698 734 scripsit:

159 756 416 797 Polemonem
455 759 590 795 autem
627 756 799 795 alterum
838 756 949 805 poesi
990 767 1154 806 operam
1197 753 1355 793 dedisse
1401 752 1535 792 credo:
1580 753 1700 801 atque

160 822 283 862 etiam
314 822 349 861 si
382 822 676 874 epigrammata
707 821 757 860 ad
788 821 965 871 priorem
996 819 1204 869 retuleris,
1238 831 1359 869 aegre
1386 818 1426 856 id
1451 829 1541 857 cum
1568 817 1697 856 Benn-

160 887 276 928 dorfii
307 887 462 928 ratione
493 887 696 928 conciliari
726 884 923 939 potest*).

717 989 1140 1024 EIIIPPAMMATA.

910 1075 946 1117 1.

239 1156 331 1216 Τὴν
363 1156 534 1215 ψυχήν,
563 1155 800 1214 Ἀγοὲθωνα
832 1158 1000 1213 φιλῶν,
1033 1155 1103 1201 ἐπὶ
1134 1159 1327 1213 χείλεσιν
1360 1159 1508 1214 ἔσχον·

293 1223 407 1288 ἦλθε
438 1227 524 1288 γὰρ
557 1226 585 1287 ἡ
615 1227 796 1286 τλήμων
829 1226 889 1281 ὡς
921 1228 1238 1285 διαβησομένη.

908 1326 945 1368 2.

239 1410 308 1469 Τῷ
342 1407 468 1469 μήλῳ
501 1406 651 1465 βάλλω
684 1420 750 1452 σε·
783 1405 841 1452 σὺ
873 1405 917 1452 δ’
952 1410 993 1452 εἰ
1023 1407 1106 1465 μὲν
1137 1406 1302 1452 ἑκοῦσα
1334 1411 1479 1465 φιλεῖς
1511 1424 1584 1464 με,

295 1481 511 1538 δεξαμένη
543 1482 622 1537 τῆς
653 1482 733 1537 σῆς
763 1483 1012 1538 παρθενίης
1043 1478 1248 1537 μετάδος·

235 1555 277 1598 εἰ
307 1551 350 1597 δ’
386 1550 479 1611 ἄρ’,
512 1549 536 1598 ὃ
570 1551 630 1610 μὴ
663 1555 887 1610 γίγνοιτο,
921 1560 1060 1607 νοεῖς,
1092 1549 1215 1596 τοῦτ’
1251 1549 1361 1596 αὐτὸ
1394 1553 1597 1608 λαβοῦσα

295 1624 454 1678 σκέψαι
486 1622 568 1682 τὴν
601 1622 723 1683 ὥρην
756 1622 816 1677 ὡς
848 1622 1172 1682 ὀλιγοχρόνιος.

913 1722 952 1765 3.

237 1806 402 1862 Μῆλον
435 1803 539 1861 ἐγω·
571 1802 726 1861 βάλλει
758 1821 811 1862 με
842 1806 991 1873 φιλῶν
1023 1805 1076 1849 σε’
1103 1818 1185 1857 τις
1219 1801 1316 1848 ἀλλ’
1354 1805 1612 1859 ἐπίνευσον,

294 1872 554 1933 Ξανθίππη·
586 1874 709 1933 κάγώ
742 1876 816 1920 καὶ
848 1875 906 1921 σὺ
938 1875 1266 1935 μαραινόμεθα.

261 1995 407 2032 Plato.
461 1999 492 2032 1
542 1995 696 2033 Anthol.
723 1995 802 2031 Pal.
829 1996 863 2032 V
890 2000 952 2033 78·
985 1996 1018 2031 Α
1044 1994 1260 2041 Πλατωνος,
1287 1995 1314 2032 C
1342 1995 1396 2037 εἰς
1418 1992 1613 2041 Ἀγάθωνα
1639 1992 1706 2031 τὸν

167 2040 346 2091 μαθητὴν
372 2056 502 2079 αυτου.
554 2043 661 2080 Adde
687 2043 781 2080 Gen.
807 2044 853 2080 N.
881 2046 923 2080 A.
951 2043 1039 2079 XIX
1066 2048 1122 2080 11.
1160 2044 1323 2081 Macrob.
1352 2043 1428 2079 Sat.
1456 2044 1491 2079 ΙΙ
1517 2047 1550 2079 2.
1598 2043 1706 2089 Diog.

167 2092 291 2128 Laert.
319 2091 371 2126 III
397 2095 455 2135 32,
482 2091 546 2138 qui
570 2103 604 2128 v.
635 2095 652 2126 1
680 2089 783 2148 εἶχον
810 2092 980 2135 exhibet,
1007 2093 1046 2128 et
1071 2105 1104 2127 v.
1132 2097 1152 2127 2
1180 2092 1260 2129 cod.
1289 2092 1395 2129 Cant
1422 2093 1558 2140 diam„
1585 2091 1706 2127 cram.

167 2141 235 2176 Αιι.
257 2139 340 2175 Par.
360 2139 412 2174 IV
426 2142 506 2182 384,
533 2139 598 2175 ubi
617 2105 736 2184 ἦλθεχ
741 2136 812 2185 γὰρ
838 2136 935 2186 ἡδὺς
956 2139 1049 2184 ἔρως
1069 2136 1118 2181 ὡς
1139 2138 1437 2196 διαβησομέναν,
1462 2140 1535 2185 leg.
1557 2136 1579 2196 ἡ
1601 2141 1706 2175 δυσ-

167 2187 279 2233 έρως
309 2187 424 2232 atque
455 2187 548 2222 haec
578 2197 758 2233 germana
790 2187 904 2223 lectio
929 2187 1088 2224 videtur.
1127 2187 1177 2225 M.
1205 2183 1418 2224 Schmidt
1401 2185 1425 2232 η’
1453 2201 1516 2233 μιν
1543 2184 1707 2233 ἀμευσο-

166 2234 1709 2342 ῧῖἷῖιέῧῖῗθῖἒθῗεἳῗέξῗιιᾏῗῗᾚθἕὲἑῗέἑῗηῗοὲηἰῖῗΐῗῖ)ῗὲοᾼωωθοώ

263 2334 296 2366 2.
342 2330 395 2366 Ib.
422 2329 456 2365 V
483 2333 544 2366 79:
572 2332 604 2365 A
629 2331 697 2366 τοῦ
724 2327 864 2376 αὐτοῦ,
891 2330 917 2367 C
945 2330 1000 2372 εἰς
1025 2327 1179 2375 ἕταῖραν
1205 2344 1290 2367 τινα
1316 2331 1499 2376 ὃυσπιιθῆ.
1535 2333 1574 2367 et
1599 2330 1707 2377 Diog.

167 2379 209 2415 L.
236 2378 360 2414 11132
386 2378 452 2413 ubi
477 2389 511 2413 v.
538 2382 558 2413 2
587 2377 668 2414 cod.
695 2377 801 2414 Cant.
829 2359 1036 2425 εὐξαμένη,
1063 2378 1172 2414 Vind.
1199 2380 1432 2424 παρθενίας,
1458 2392 1492 2415 ν.
1514 2383 1534 2414 3
1561 2378 1662 2415 idem
1687 2375 1708 2414 ὅ

167 2439 229 2472 μοι
254 2427 410 2472 γίνοιτο
438 2447 482 2452 —-
510 2425 553 2461 V.
574 2430 606 2461 3.
634 2430 752 2471 νοεῖς,
779 2426 858 2462 Pal.
886 2437 908 2462 a
934 2439 981 2462 ιιι.
1009 2438 1036 2462 s.
1065 2431 1203 2473 μισεῖς,
1228 2427 1294 2463 sed
1318 2426 1468 2463 videtur
1493 2431 1596 2468 νοεῖς
1620 2429 1707 2462 ante

166 2474 282 2510 fuisse
291 2475 408 2533 (sec.
442 2474 652 2509 Finslerum
688 2486 724 2510 ισ
758 2474 924 2510 restituit
958 2476 1146 2511 corrector
1179 2474 1218 2510 in
1243 2475 1355 2531 ras.,)
1387 2474 1536 2510 Hecker
1569 2474 1708 2520 ε”,χθεις

118 2525 122 2530 ’
168 2522 260 2559 Geel
286 2518 439 2568 ὄνοσαι,
465 2522 515 2558 Μ.
542 2522 713 2558 Schmidt
737 2518 882 2579 ὄκνεις,
909 2523 1083 2569 Hartung
1107 2519 1326 2566 ἀνανεύεις,
1353 2519 1459 2558 αὐτὸ.

264 2570 400 2606 3.1b.
428 2550 461 2605 V
487 2572 550 2605 80:
583 2568 616 2604 A
641 2570 708 2605 τοῦ
735 2566 868 2606 αὐτοῦ.
907 2571 946 2606 et
971 2570 1080 2617 Diog.
1109 2571 1148 2606 L.
1167 2570 1227 2606 ἸΙΙ
1254 2574 1298 2606 32
1325 2569 1392 2605 ubi
1416 2571 1516 2606 male
1543 2570 1710 2616 iungitur

169 2629 254 2653 cum
278 2617 402 2672 priore
427 2618 470 2653 ut
494 2616 535 2653 in
561 2617 642 2653 cod.
663 2616 803 2653 Matrit.
824 2629 884 2663 ap
904 2617 1037 2654 Iriarte
1056 2622 1195 2664 p-104.
1233 2617 1319 2654 Non
1345 2620 1403 2653 est
1428 2618 1595 2654 eiusdem
1621 2628 1708 2663 poe-

168 2667 248 2709 tae,
281 2666 346 2710 qui
376 2665 479 2711 prius
511 2665 742 2712 poematium
774 2665 960 2709 condidit,
995 2666 1061 2702 sed
1091 2667 1250 2712 apparet
1279 2666 1379 2702 hunc
1411 2665 1514 2701 illius
1546 2665 1710 2711 vestigia

112 2754 118 2760 ι
169 2713 322 2759 legisse·
349 2724 407 2759 ap.
436 2713 541 2750 Plan.
570 2713 782 2750 Philodemo
807 2713 996 2750 tribuitur.

264 2810 300 2854 *)
336 2809 390 2844 De
416 2808 586 2845 Platonis
612 2808 896 2854 epigrammatis
922 2809 1130 2855 disputavit
1156 2808 1415 2844 Schneidewin
1444 2809 1641 2863 I'royyvfm.
1668 2810 1711 2845 in

171 2857 322 2893 Anthol.
350 2857 478 2893 Graec.
512 2855 614 2892 Gott.
644 2860 734 2892 1855
762 2856 918 2903 passim,
951 2869 1037 2892 usus
1068 2857 1214 2892 duobus
1247 2856 1440 2892 codicibus
1471 2855 1639 2892 Parisino
1672 2860 1710 2893 et

174 2904 407 2948 Florentino,
433 2904 497 2949 qui
523 2906 668 2951 partem
694 2905 826 2941 horum
853 2903 1166 2951 epigrammatum
1190 2903 1380 2940 exhibent.
1418 2905 1586 2940 Parisino
1613 2904 1708 2941 libro

173 2953 305 2998 postca
330 2963 418 2988 usus
443 2954 500 2988 est
525 2953 641 2988 etiam
667 2952 841 2988 Ducbncr
866 2952 904 2988 in
931 2952 1094 2989 editione
1120 2952 1289 2988 Parisina
1312 2949 1575 2999 Anthologiae
