1890 3216
745 198 1100 236 ARCHILOCHUS.
1602 195 1688 239 427

791 309 1057 363 141.[149]

278 395 434 438 Aelian.
465 395 571 437 Hist.
603 396 679 438 An.
711 396 788 436 XII
822 398 868 436 9:
907 397 1028 436 Κινεῖ
1059 393 1103 435 δέ
1141 394 1183 435 οἱ
1209 390 1254 435 τὰ
1287 389 1432 447 ούραῖα
1467 388 1587 447 πτερὰ
1620 391 1692 448 (τῷ

156 456 341 517 κίγκλῳ),
373 457 503 514 ὥσπερ
534 454 610 503 οὖν
640 457 662 503 ὁ
687 457 796 515 παρὰ
821 463 873 521 τῷ
894 457 1103 519 Ἀρχιλόχῳ
1122 457 1340 515 κηρύλος.
1378 460 1531 500 Eadem
1550 460 1692 511 Apost.

156 526 215 568 lx
247 527 315 569 82.

794 647 1058 702 142.[116]

279 733 436 774 Aelian.
457 734 553 775 Var.
572 733 676 775 Hist.
696 734 755 774 IV
779 736 850 774 14:
883 729 1082 782 Πολλάκις
1099 729 1146 773 τὰ
1171 728 1255 773 κατ’
1285 727 1429 785 ὀβολὸν
1449 727 1563 784 μετὰ
1582 734 1692 773 πολ-

158 800 253 839 λῶν
283 794 445 839 πόνων
476 797 776 852 συναχθέντα
814 796 1044 853 χρήματα,
1082 794 1179 839 κατὰ
1206 794 1444 851 Ἀρχίλοχον,
1482 797 1549 846 εἰς
1579 793 1692 850 πόρ-

158 876 247 917 νης
277 859 507 917 γυναικὸς
536 863 732 917 ἔντερον
756 864 1088 917 καταίρουσιν·
1128 860 1256 916 ὥσπερ
1287 858 1363 917 γὰρ
1395 861 1527 916 ἐχῖνον
1558 863 1695 916 λαβεῖν

158 925 231 982 μὲν
260 925 415 986 ῥᾴδιον,
445 928 624 984 συνέχειν
656 928 700 970 δὲ
731 926 922 983 χαλεπόν,
954 926 1056 970 οὕτω
1088 928 1155 970 καὶ
1184 925 1230 970 τὰ
1262 926 1447 982 χρήματα.
1493 924 1590 982 (Qui
1622 929 1693 968 ibi-

157 995 249 1035 dem
279 995 497 1035 adhibetur
524 991 789 1050 Ἀναξαγόρας
819 994 863 1036 ev
892 997 945 1052 τῷ
970 993 1058 1046 περὶ
1089 995 1307 1047 βασιλείας,
1345 1008 1443 1035 coru
1466 990 1692 1045 Ἀνάξαρ-

157 1055 269 1116 χος.)
321 1061 471 1102 Eodem
490 1062 655 1113 respicit
674 1062 838 1102 Nicetas
866 1061 988 1102 Chon.
1008 1075 1045 1112 p.
1074 1063 1160 1101 360
1193 1062 1252 1101 ed.
1279 1062 1424 1100 Bonna
1456 1058 1522 1100 καὶ
1551 1056 1594 1100 τὸ
1624 1061 1694 1100 τοῦ

152 1122 427 1179 Ἀρχιλόχου
458 1122 643 1180 ἄντικρὺς
675 1123 973 1179 ἕπεραίνετο,”
951 1142 972 1167 ο
1005 1138 1149 1179 φησιν,
1181 1126 1247 1175 είς
1278 1125 1473 1179 ἔντερον
1511 1121 1692 1177 πόρνης

156 1188 389 1240 πολλάκις
420 1193 863 1246 μεταρρυΐσκεσθαι
900 1188 952 1232 τὰ
984 1189 1136 1248 χρόνῳ
1168 1189 1249 1232 καὶ
1279 1188 1409 1248 πόνῳ
1447 1189 1693 1244 συλλεγέν-

155 1275 209 1300 τα
241 1260 421 1315 μακρῷ,
447 1258 552 1298 unde
578 1261 747 1309 apparet
777 1256 1124 1311 καταρρέουσιν
1149 1258 1255 1309 apud
1282 1259 1497 1297 Aelianum
1523 1257 1694 1297 scriben-

158 1325 254 1365 dum
286 1337 396 1375 esse3
427 1324 690 1364 Archilochus
717 1326 864 1375 autem,
896 1325 1008 1363 cuius
1040 1336 1181 1363 versus
1213 1324 1279 1364 vix
1310 1324 1514 1371 restituas,
1546 1323 1694 1362 dixerit

155 1390 453 1444 ἐρρυΐσκετο,
484 1390 564 1430 vid.
597 1390 789 1441 Hesych.:
826 1385 1068 1442 Ἐρυΐσκετο,
1107 1388 1258 1442 ἔρρεεν,
1291 1387 1421 1442 ἐχεῖτο.
1472 1388 1536 1427 Ad
1567 1391 1691 1429 tetra.-

158 1460 308 1498 metros
340 1458 440 1496 haec
470 1457 676 1497 revocavit
706 1456 906 1496 Meineke:

346 1564 356 1572 ·
374 1535 561 1587 πολλάκις
591 1535 666 1593 γὰρ
698 1538 738 1591 ἐς
768 1536 809 1579 τὸ
842 1533 994 1591 πόρνης
1025 1538 1181 1591 ἔντερον
1212 1539 1408 1592 ρυΐσκεται

375 1600 421 1644 τὰ
453 1601 581 1660 χρόνῳ
613 1601 724 1659 πόνῳ
758 1617 796 1645 τε
827 1604 963 1662 μακρῷ
995 1602 1224 1658 συλλεγέντα
1256 1600 1440 1657 χρήματα.

158 1693 200 1731 et
231 1690 436 1740 Hartung:

372 1769 559 1820 πολλάκις
590 1768 719 1827 χρόνῳ
750 1769 862 1829 πόνῳ
894 1787 933 1813 τε
964 1770 1194 1826 συλλεγέντα
1225 1768 1400 1825 χρήματα

312 1841 318 1843 ξ
372 1834 583 1891 ἒρρυΐσκετ’
619 1830 701 1878 ὦκα
731 1834 884 1891 πόρνης
915 1838 969 1887 εἰς
999 1833 1188 1892 γυναικὸς
1219 1837 1384 1890 ἔντερον.

795 1992 1059 2045 143.[118]

279 2090 442 2130 Lucian.
463 2089 700 2142 Pseudolog.
723 2092 765 2129 1:
797 2085 839 2130 τὸ
866 2087 909 2129 δὲ
927 2091 997 2129 τοῦ
1012 2085 1238 2170 Ἀρχιλόχου
1257 2088 1383 2130 ἐκεῖνο
1402 2086 1481 2142 ἤδη
1502 2101 1564 2130 σοι
1583 2087 1694 2143 λέγω,

159 2170 220 2198 οτι
250 2153 432 2209 τέττιγα
467 2157 550 2196 τοῦ
587 2157 761 2207 πτεροῦ
799 2155 1109 2206 συνείληφας·
1147 2155 1254 2208 εἴπερ
1284 2151 1372 2195 τινὰ
1402 2150 1572 2207 ποιητὴν
1602 2149 1692 2207 ἰάμ-

162 2223 247 2275 βων
278 2216 436 2269 ἀκούεις
462 2216 703 2274 Ἀρχίλοχον,
734 2214 894 2271 Πάριον
924 2216 966 2260 τὸ
998 2219 1125 2273 γένος,
1157 2217 1287 2272 ανδρα
1311 2220 1454 2275 κομιδῇ
1480 2216 1693 2273 ἐλεύθερον
1708 2233 1762 2263 72:

159 2285 227 2328 καὶ
257 2286 456 2341 παρρησία
487 2282 677 2336 συνόντα,
715 2282 839 2363 μηδὲν
876 2280 1071 2325 ὀκνοῦντα
1108 2281 1328 2338 ὀνειδίζειν,
1368 2285 1403 2325 εἰ
1431 2282 1553 2326 καὶ“
1529 2301 1588 2326 οτι
1619 2282 1692 2338 μά-

161 2355 271 2394 λιστα
300 2348 490 2404 λυπήσειν
521 2351 675 2404 ἔμελλεν
705 2347 796 2399 τοὺς
826 2354 1039 2402 περιπετεῖς
1070 2349 1281 2403 ἐσομένους
1310 2353 1357 2406 τῇ
1386 2353 1482 2428 χολῇ
1506 2367 1584 2392 των
1608 2347 1693 2403 ἰάμ·

163 2419 248 2472 βων
292 2414 427 2458 αὐτοῦ.
480 2414 656 2465 Ἐκεῖνος
699 2417 836 2457 τοίνυν
878 2413 978 2469 πρός
1019 2431 1125 2465 τινος
1167 2419 1246 2457 τῶν
1287 2413 1477 2458 τοιούτων
1520 2413 1693 2464 ἀκούσας

105 2492 109 2497 ’
160 2485 308 2535 κακῶς,
345 2481 491 2537 τέττιγα
527 2481 605 2535 ἔφη
643 2479 711 2523 τὸν
747 2478 876 2535 ἄνδρα
913 2481 1115 2534 εἰληφέναι
1151 2484 1314 2534 πτεροῦ,
1352 2479 1516 2530 εἰκάζων
1552 2477 1693 2522 ἑαυτὸν

160 2552 214 2606 τῷ
243 2547 379 2602 τέττιγι
411 2543 696 2601 ὁἈρχίλοχος,
728 2544 846 2599 φύσει
878 2546 949 2600 μὲν
979 2544 1084 2603 λάλῳ
1110 2545 1194 2589 ὄντι
1224 2546 1291 2587 καὶ
1315 2543 1413 2587 ἄνευ
1443 2544 1549 2596 τινὸς
1572 2543 1691 2600 άνάγ-

161 2630 253 2668 mys,
285 2610 432 2656 ὁπόταν
465 2612 508 2654 δὲ
538 2612 605 2653 καὶ
633 2615 704 2655 τοῦ
734 2616 878 2664 πτεροῦ
909 2616 1069 2668 ληφθῇ,
1100 2609 1363 2667 γεγωνότερον
1393 2614 1548 2666 βοῶντι.
1611 2611 1693 2652 Καὶ

163 2677 211 2721 σὺ
238 2679 295 2731 δέ,
326 2679 419 2732 ἔφη,
452 2669 483 2719 ὦ
515 2676 760 2732 κακόδαιμον
791 2676 999 2731 ἄνθρωπε,
1036 2679 1075 2718 τί
1102 2675 1344 2732 βουλόμενος
1373 2674 1542 2730 ποιητὴν
1573 2675 1692 2719 λάλον

160 2742 398 2799 παροξύνεις
434 2745 499 2786 ἐπὶ
537 2741 719 2796 σεαυτόν,
759 2745 884 2792 αἰτίας
921 2745 1109 2796 ζητοῦντα
1145 2742 1211 2783 καὶ
1249 2739 1461 2791 ὑποθέσεις
1490 2747 1572 2792 τοῖς
1602 2739 1690 2795 ἰάμ-

162 2811 267 2864 βοις;
299 2812 347 2851 cf.
368 2812 549 2862 Apostol.
571 2810 666 2849 XVI
687 2813 755 2851 32.
804 2811 944 2850 Arsen.
979 2812 1076 2849 444.
1128 2809 1390 2850 Archilochus
1422 2822 1542 2849 versu
1568 2810 1688 2848 dime-

162 2879 226 2917 tro
258 2877 404 2917 dixisse
435 2877 609 2917 videtur:
747 2863 754 2872 ⁹

450 2957 607 3013 Τέττιγα
638 2955 674 2998 δ’
711 2958 876 3011 εἴληφας
907 2961 1059 3011 πτεροῦ.
