1890 3216
0 1245 16 1282 Ἰ(
2 1231 8 1238 ,,
0 1208 6 1223 μ,
0 1115 10 1201 *ev-

816 170 1089 208 HIPPONAX.
1637 170 1725 214 489

789 282 863 329 83.
896 282 984 336 [58.
1017 282 1104 337 59.]

278 347 451 422 Λάβετέ
479 383 567 423 μου
598 364 838 423 θαίμάτια,
871 365 997 420 κόψω
1030 342 1277 411 Βουπάλου
1308 363 1389 409 τὸν
1423 362 1683 422 ὀφθαλμόν·

276 434 537 495 ἀμφιδέξιος
567 436 654 496 γάρ
688 440 777 495 εἰμι
807 436 919 496 κούχ
951 435 1195 497 ἁμαρτάνω
1227 436 1418 482 κόπτων.

847 535 914 579 84.
950 535 1055 590 [60.]

278 653 286 662 .
319 653 328 662 .
357 616 573 663 Ἐκτίλλοι
604 635 669 671 τις
701 616 842 663 αὐτοῦ
873 616 957 675 τὴν
988 616 1152 677 τράμιν
1184 615 1450 676 ὑποργάσαι.

717 800 1182 854 ΕΞΑΜΕΤΡΑ

848 895 1056 948 85.[56]

278 975 448 1022 Μοῦσά
480 994 557 1034 μοι
589 974 1037 1034 Εὖρυμεδοντιάδεα,
1070 975 1154 1034 τὴν
1184 975 1569 1034 ποντοχάρυβδιν,

276 1047 360 1106 τὴν
394 1047 849 1107 ἐγγαστριμάχαιραν,
883 1046 933 1101 ὃς
966 1050 1109 1093 ἐσθίει
1143 1046 1198 1093 οὐ
1229 1046 1339 1093 κατὰ
1373 1046 1565 1105 κόσμον,
1660 1059 1728 1092 776

278 1119 453 1178 ἔννεφ’,
488 1119 608 1174 ὅπως
639 1123 805 1178 ψηφῖδι
837 1119 972 1174 κακὸς
1002 1119 1144 1166 κακὸν
1177 1118 1300 1165 οἶτον
1333 1118 1489 1178 ὄληται

230 1187 233 1189 ’
278 1195 420 1252 βουλῇ
455 1196 648 1252 δημοσίῃ
681 1191 800 1252 παρὰ
834 1191 931 1238 θῖν’
968 1190 1076 1247 ἁλὸς
1107 1191 1381 1252 ἀτρυγέτοιο.

277 1326 336 1363 Fr.
357 1328 414 1362 83.
458 1324 642 1361 Coniunxi
674 1325 989 1384 duofragmenta
1013 1324 1052 1360 in
1078 1337 1213 1371 unum,
1248 1327 1287 1361 et
1311 1325 1415 1382 prius
1442 1324 1594 1370 quidem
1620 1325 1730 1360 affert

183 1373 338 1410 Suidas:
383 1371 640 1415 Βούπαλος·
675 1370 808 1420 ὄνομα.
834 1370 1098 1419 Αριστοφάνης
1124 1401 1131 1409 .
1161 1402 1167 1409 .
1196 1402 1203 1409 .
1231 1386 1335 1420 παρα
1361 1373 1412 1422 τῷ
1434 1370 1727 1408 Ἱππώνακτι·

181 1420 359 1471 Λάβετε
387 1425 462 1458 κτλ.
498 1443 542 1447 -
582 1434 672 1467 μου,
706 1421 968 1457 Schneidewin
1000 1434 1082 1466 μευ.
1123 1443 1166 1448 -
1206 1418 1396 1467 θαίμάτια
1431 1421 1581 1467 scripsi,
1615 1421 1730 1467 vulgo

182 1467 399 1517 θοίμάτιον,
425 1469 604 1505 Weloker
627 1466 834 1516 θοίμάτιόν
857 1482 928 1516 μου
955 1468 1089 1518 λάβετε
1118 1470 1212 1506 coni.
1252 1469 1422 1505 Eundem
1447 1479 1597 1505 versum
1623 1479 1729 1515 repe·

181 1518 231 1555 tit
257 1517 361 1554 Suid.
387 1530 420 1555 v.
447 1514 574 1553 κόπτω
608 1517 687 1553 sine
713 1518 854 1562 ,poetae
885 1517 1054 1563 nomine,
1089 1517 1155 1553 ubi
1182 1515 1366 1564 Βουπάλῳ
1399 1517 1551 1564 legitur.
1586 1538 1629 1543 —
1661 1514 1730 1552 τὸν

183 1563 402 1612 ὀφθαλμόν,
428 1565 553 1612 priore
579 1565 662 1601 loco
689 1564 729 1602 τὸ
759 1562 881 1611 ὄνομα
907 1565 980 1610 ΒΕ,
1007 1577 1079 1602 om.
1101 1565 1140 1602 C.
1162 1586 1206 1591 —
1233 1565 1405 1602 Alterum
1431 1566 1563 1611 fragm.
1590 1564 1731 1612 legitur

183 1614 286 1661 apud.
309 1613 476 1650 Erotian.
504 1617 567 1649 43:
591 1609 907 1660 ’Ἄμφιδέξιος·
947 1616 1131 1660 Βακχεῖος
1164 1614 1280 1660 φησὶν
1306 1609 1643 1660 άμφοτεροδέξιος·
1682 1609 1731 1654 ὡς

183 1659 365 1709 ἀμφήκης
384 1658 404 1698 ὃ
421 1659 703 1708 ἀμφοτέρωθεν
723 1658 968 1708 ἠκονημένος.
991 1690 998 1697 .
1015 1691 1022 1698 .
1039 1690 1046 1697 .
1068 1658 1207 1708 ὁμοίως
1227 1661 1291 1697 καὶ
1312 1657 1331 1697 ὁ
1348 1658 1573 1704 Ἱππῶναξ
1595 1661 1729 1707 φησίν·

179 1707 211 1746 Ἀ
224 1708 469 1757 μφιδέξιος
494 1712 569 1745 κτλ.
610 1708 757 1746 omisso
777 1710 892 1746 verbo
913 1707 1063 1745 κόπτων
1083 1709 1214 1746 eadem
1236 1709 1346 1746 affert
1365 1709 1530 1746 Gra-lenus
1550 1708 1729 1755 Hippoor.

183 1758 397 1805 Apborism.
419 1757 542 1793 XVIII
564 1762 594 1802 1,
613 1761 698 1794 148:
720 1754 909 1801 Ἱππῶναξ
936 1754 1165 1804 ἀμφιδέξιον
1193 1756 1267 1804 ἔφη
1295 1755 1392 1793 κατὰ
1420 1755 1530 1793 τόνδε
1557 1754 1624 1792 τὸν
1644 1757 1730 1815 ἴαμ-

185 1807 273 1889 {aar
299 1801 410 1851 α’μφι.
438 1803 510 1852 γάρ
538 1804 575 1841 εἰ
598 1802 647 1852 μὴ
674 1808 750 1842 κτλ.
779 1806 816 1842 et
842 1806 972 1842 Galen.
1000 1805 1164 1842 Glossar.
1191 1805 1370 1852 Hippocr.
1391 1818 1427 1852 p.
1449 1802 1532 1841 4301
1553 1825 1597 1831 -
1624 1817 1729 1851 κουχ,

216 1853 358 1890 robiani
381 1853 471 1890 libri
496 1853 560 1889 καὶ
588 1850 674 1899 οὐχ,
699 1853 816 1890 Brink
842 1850 950 1890 κούκ.

279 1901 338 1938 Fr.
360 1905 416 1938 84.
451 1901 618 1937 Erotian.
641 1905 709 1937 124
728 1901 857 1937 Klein:
887 1898 1033 1948 Τράμιν
1054 1899 1120 1938 τὸν
1142 1898 1267 1961 ὄρρον,
1288 1898 1407 1948 ὅνπερ
1428 1901 1492 1937 καὶ
1511 1898 1731 1944 ὖπόταυρον

186 1949 438 1995 (Valckenaer
469 1946 717 1995 ὖποταύριον)
752 1949 960 1996 καλοῦμεν,
1001 1947 1050 1991 ὡς
1081 1949 1146 1986 καὶ
1181 1947 1361 1993 Ιππῶνάξ
1395 1961 1530 1995 φησιν’
1573 1946 1734 1985 ἔκτίλλοι

183 1998 308 2043 (codd.
338 1995 377 2041 ἐξ
403 1998 517 2033 τίλλοι
542 1998 604 2033 vel
631 1995 800 2043 ἔξτιλλοι)
827 2011 856 2034 τ.
878 1994 939 2033 αὖ.
961 1995 1030 2043 τὴν
1053 1996 1190 2044 τράμιν
1217 1994 1444 2044 ὑποργάσαι.
1486 1995 1733 2033 Scribendum

185 2044 352 2081 videtur:
382 2042 429 2080 ἔκ
455 2046 614 2090 τρίχας
640 2046 756 2081 τίλλοι
781 2059 836 2086 τις
861 2042 981 2081 αὐτοῦ
1008 2042 1076 2091 τὴν
1102 2043 1238 2092 τράμιν
1263 2043 1308 2081 θ’
1337 2042 1612 2091 ὑποργήσαι.
1657 2044 1730 2081 nisi

185 2090 401 2139 ὖποργάσαι
426 2092 553 2139 potius
579 2093 820 2136 servandum,
847 2094 890 2129 ut
914 2105 1008 2139 puro
1035 2094 1256 2130 tetrametro
1277 2105 1368 2129 usus
1387 2093 1446 2130 sit.
1485 2093 1733 2129 Friedemann

185 2139 254 2187 τὴν
279 2139 427 2187 τράμην
448 2137 678 2187 ὑποργάσας,
705 2152 748 2176 ac
774 2139 920 2187 τράμην
945 2140 1125 2187 scriptum
1151 2141 1190 2176 in
1209 2141 1268 2176 Et.
1289 2141 1338 2177 M.
1361 2145 1441 2186 763,
1462 2144 1518 2177 56.
1558 2140 1731 2177 Meineke

187 2188 281 2226 coni.
320 2185 448 2232 ἑξάκις
483 2185 673 2234 (ἑπτάκις)
704 2189 820 2224 τίλλοι
857 2202 913 2229 τις
951 2186 1085 2234 αὐτόν,
1123 2186 1192 2234 τὴν
1230 2185 1366 2235 τράμιν
1400 2186 1446 2224 θ’
1482 2185 1734 2247 ὑποργάσσαι,
1795 2211 1797 2214 <

185 2236 322 2280 Brink,
348 2237 409 2272 cui
434 2237 473 2272 in
498 2249 533 2272 v.
558 2234 598 2280 ἐξ
625 2248 800 2272 numerus
825 2236 913 2272 libri
938 2237 1057 2272 latere
1083 2236 1250 2283 videtur,
1277 2238 1392 2273 τίλλοι
1418 2249 1474 2278 τις
1499 2233 1638 2283 αὐτον,
1664 2234 1733 2283 τὴν

186 2283 323 2331 τράμιν
349 2281 393 2320 θ’
423 2281 647 2330 ὑποργήσαι.

282 2332 339 2368 Fr.
367 2336 423 2368 85.
470 2332 603 2368 Athen.
631 2332 699 2368 XV
719 2332 851 2368 698B:
878 2330 1062 2378 Πολέμων
1088 2328 1129 2367 δ’
1158 2329 1201 2368 ἐν
1226 2332 1278 2381 τῷ
1305 2330 1511 2380 δωδεκάτῳ
1537 2333 1614 2367 τῶν
1640 2329 1733 2378 πρὸς

190 2382 352 2428 Τίμαιον
377 2379 464 2426 περὶ
489 2379 565 2415 τῶν
591 2377 659 2421 τὰς
684 2381 881 2428 παρῳδίας
906 2377 1155 2426 γεγραφότων
1181 2378 1339 2426 ἴστορῶν
1364 2378 1456 2416 τάδε
1484 2378 1635 2426 γράφει.
1665 2409 1671 2416 .
1695 2408 1702 2416 .
1725 2409 1732 2416 .

189 2425 347 2475 εὑρετὴν
373 2427 442 2475 μὲν
470 2421 541 2463 οὖν
566 2427 632 2463 τοῦ
666 2426 801 2473 γένους
823 2424 1111 2463 Ἱππώνακτα
1143 2427 1287 2474 φατέον
1322 2425 1402 2464 τὸν
1435 2425 1731 2482 ἰαμβοποιόν.

187 2475 289 2523 λέγει
314 2473 387 2523 γάρ
409 2469 520 2517 οὗτος
547 2472 595 2511 έν
621 2480 716 2516 τοῖς
742 2471 1032 2522 ἑξαμέτροις·
1059 2474 1225 2512 Μοῦσά
1254 2490 1329 2522 μοι
1356 2479 1431 2511 κτλ.
1467 2476 1532 2512 ubl
1557 2475 1731 2512 Meineke

190 2522 208 2562 ἔ
217 2538 238 2560 ν
265 2522 422 2565 τόνοις
449 2520 667 2570 ἑξαμέτροις
691 2523 865 2569 requirit,
892 2524 958 2560 sed
984 2523 1141 2560 offendit
1164 2524 1322 2569 pluralis
1341 2536 1529 2566 numerus,
1557 2535 1630 2570 quo
1652 2523 1733 2559 Sui-

190 2572 257 2609 das
284 2572 384 2608 solus
409 2571 538 2608 utitur.
573 2592 616 2597 -
650 2572 694 2607 V.
724 2575 755 2606 1.
786 2567 1146 2618 Εὖρυμεδοντιάδεα
1171 2571 1337 2616 Dobree,
1363 2573 1402 2606 et
1426 2572 1459 2606 A
1484 2572 1597 2617 plane
1623 2568 1732 2615 εὐρυ-

188 2621 459 2667 μεδοντιαδεα,
486 2618 547 2655 ΒΟ
574 2615 850 2665 εὖρυμεδοντιά
876 2621 956 2663 ὃῐα,
993 2619 1022 2654 Ρ
1049 2615 1300 2665 εὐρυμέδοντι
1323 2615 1442 2665 άδεᾶ,
1468 2619 1532 2655 VL
1562 2614 1734 2665 Εὐρυμέ-

189 2664 294 2705 δοντ’
338 2665 458 2709 ἄδοις.
501 2689 548 2695 -
594 2664 918 2724 ποντοχάρυβδιν,
961 2666 999 2702 in
1040 2667 1127 2704 edit.
1170 2671 1187 2702 1
1235 2664 1540 2715 παντοχάρυβδιν
1583 2667 1732 2713 scripsi3

188 2716 289 2763 apud
314 2704 417 2752 E‘ust.
445 2715 512 2752 Od.
536 2718 640 2760 1837,
660 2719 723 2750 39:
750 2727 875 2760 ωσπερ
902 2711 1093 2760 ἀπλήστου
1120 2715 1279 2761 σκῶμμα
1306 2711 1326 2750 ὃ
1353 2712 1516 2760 γάστρις,
1543 2711 1641 2751 οὕτω
1669 2714 1733 2750 καὶ

192 2793 200 2802 .
228 2792 236 2800 .
264 2793 271 2800 .
299 2761 320 2800 ὁ
346 2760 640 2810 παντοφάρυγξ,
674 2762 781 2798 scrib.
809 2759 1097 2809 ποντοφάρυγξ,
1130 2762 1205 2799 vid.
1233 2762 1349 2799 Bekk.
1376 2763 1445 2799 An.
1472 2763 1489 2797 I
1515 2766 1578 2808 51,
1605 2766 1661 2799 22.
1688 2783 1732 2789 —

192 2812 237 2848 V.
257 2816 290 2850 2,
317 2811 371 2848 Cf.
398 2812 578 2858 Hesych.:
607 2807 994 2856 ἐγγαστριμάχαιραν·
1020 2807 1088 2856 τὴν
1116 2807 1157 2846 έν
1183 2810 1226 2858 τῇ
1256 2810 1386 2856 γαστρὶ
1412 2809 1733 2856 κατατέμνουσαν.

193 2880 237 2886 -
262 2854 320 2904 ὃς,
354 2860 384 2896 Β
409 2855 442 2895 ὅ.
470 2880 514 2886 —-
550 2858 594 2896 V.
623 2863 655 2895 3.
681 2859 844 2904 ψηφῖδι,
876 2858 1026 2894 videtur
1053 2859 1204 2904 Ψηφῖὃι
1229 2858 1486 2902 scribendum,
1518 2860 1561 2894 ut
1585 2858 1659 2895 loci
1684 2857 1735 2895 sit

191 2907 417 2954 appellatio,
444 2907 761 2953 quemadmodum
790 2907 926 2951 Ψωφίς
951 2905 990 2942 in
1015 2906 1194 2950 Arcadia,
1225 2907 1365 2951 Ψαφίς.
1416 2906 1591 2942 Fortasse
1617 2906 1733 2952 locus,

191 2955 256 2991 ubi
281 2957 371 2992 tunc
396 2954 560 3002 populus
579 2953 761 3001 Ephesius
788 2952 967 3001 suffragia
991 2953 1149 2998 ferebat,
1175 2953 1232 2990 ita
1256 2953 1473 2990 vocabatur.
1518 2954 1615 2990 Nam
1642 2966 1732 3001 quo-
