1890 3216
231 166 318 207 234
768 167 961 202 ΡΟΕΤΑΕ
990 167 1228 204 ELEGIACI.

404 273 515 326 Ζεὺς
550 273 653 318 τόδε
685 274 870 331 τιμήσας
903 277 1053 332 δῶρον
1085 278 1252 319 ἔδωκεν
1285 279 1417 333 ἔχειν·

348 345 573 402 δάμνασαι
607 344 863 403 ἀνθρώπων
895 346 1086 404 πυκινὰς
1117 348 1304 404 φρένας,
1337 346 1449 393 οὐδέ
1475 353 1540 401 τίς
1572 351 1692 394 ἐστιν

406 415 546 469 οὕτως
579 422 768 474 ἴφθιμος
798 417 871 461 καὶ
904 416 1045 474 σοφὸς
1078 416 1189 463 ὥστε
1221 429 1394 476 φυγεῖν.

344 639 564 678 Exordium
596 639 756 689 eclogae
787 638 987 688 perditae:

429 715 478 761 Ὦ
510 720 612 762 νέοι·
647 722 687 762 οἱ
714 724 791 761 νῦν
821 718 964 777 ἄνδρες
996 752 1004 761 .
1032 753 1042 762 .
1067 754 1076 762 .

227 808 336 845 extat
377 806 418 844 in
460 806 660 845 codicibus
701 807 792 856 post
822 820 859 845 v.
888 807 1022 855 1160,
1063 806 1142 846 vid.
1175 806 1227 845 ad
1257 812 1293 846 v.
1329 808 1459 855 1095,
1502 808 1571 858 qui
1602 808 1760 858 quidem

219 866 360 910 versus
387 873 523 910 utrum
550 871 792 921 Theognidis
824 884 874 910 an
906 871 1008 910 alius
1041 871 1094 910 sit
1125 873 1288 922 poetae,
1318 885 1398 912 non
1434 873 1572 923 liquet.
1606 895 1655 900 —
1692 874 1758 914 Ad

217 936 419 985 perditum
460 936 633 987 aliquem
671 937 802 975 locum
838 937 968 975 refero
1001 936 1172 986 Hesych.
1205 937 1487 989 Πολυπαίδης·
1528 935 1758 994 παρῴδηται

218 999 261 1039 ἐκ
285 1004 363 1041 τῶν
393 998 607 1054 Θεόγνιδος
631 998 796 1054 βόμβων
822 998 1032 1053 ἐπαινήσω.
1082 1002 1152 1040 ubi
1179 1003 1432 1042 scribendum
1457 1004 1618 1043 videtur
1636 1006 1754 1045 Βολ-

218 1067 244 1117 β
253 1062 306 1106 ὸν
338 1063 556 1118 ἐπαινήσω,
589 1067 847 1119 Πολυπαΐδη,
879 1068 984 1118 quod
1017 1068 1100 1108 sive
1129 1068 1268 1108 comici
1293 1069 1376 1109 sive
1402 1069 1543 1119 parodi
1569 1070 1749 1121 alicuius,

217 1133 329 1171 velut
362 1132 553 1182 Cratetis,
591 1134 662 1172 est.
702 1154 756 1159 -—-
804 1133 881 1172 Sed
918 1135 1023 1183 quod
1063 1133 1186 1174 Olem.
1225 1135 1336 1173 Alex.
1376 1134 1519 1174 Strom.
1555 1135 1632 1174 VII
1665 1133 1766 1175 901‘

219 1198 444 1248 Theognidi
474 1198 619 1237 tribuit
651 1211 790 1238 versus
823 1199 992 1250 oraculi,
1025 1199 1073 1238 de
1106 1212 1182 1250 quo
1216 1200 1293 1238 vid.
1320 1200 1434 1240 Phot.
1463 1202 1558 1240 618.
1604 1201 1749 1241 Zenob.

216 1263 236 1300 I
270 1265 324 1302 48
358 1259 511 1314 (ibique
543 1258 821 1316 interpretes):

427 1342 554 1398 Ὑμεῖς
586 1342 622 1386 δ’
659 1339 689 1386 ὦ
723 1345 925 1399 Μεγαρεῖς
958 1343 1046 1387 οὔτε
1076 1348 1193 1400 τρίτοι
1226 1344 1314 1388 οὔτε
1336 1345 1514 1404 ,τετάρτοι

433 1409 521 1452 οὔτε
555 1410 795 1452 δυωδέκατοι
828 1408 908 1453 οὔτ’
947 1412 989 1453 ἔν
1021 1409 1123 1468 λόγῳ
1156 1409 1237 1453 οὔτ’
1273 1412 1316 1453 ἔν
1347 1407 1519 1470 ἀριθμῷ.

222 1509 333 1535 error
363 1496 603 1536 manifestus
637 1499 708 1536 est.

273 1572 278 1576 “
337 1568 486 1606 Mirum
518 1570 677 1608 omnino
705 1571 765 1608 est
791 1571 954 1620 praeter
979 1581 1107 1619 pauca
1133 1569 1305 1608 disticha
1330 1583 1354 1608 a
1375 1569 1544 1609 Stobaeo
1572 1571 1612 1608 et
1631 1569 1755 1609 Athe-

217 1647 318 1673 naeo
358 1636 536 1686 servata,
580 1648 682 1685 quae
715 1648 836 1685 supra
868 1629 1143 1688 (1221—30)
1175 1635 1216 1673 in
1248 1636 1427 1674 ordinem
1458 1637 1621 1686 recepta
1651 1637 1756 1684 sunt,

216 1699 316 1737 nihil
350 1713 396 1738 ex
424 1700 671 1751 Theognidis
698 1700 840 1751 elegiis
873 1700 1025 1749 afferri,
1057 1700 1163 1751 quod
1194 1714 1274 1740 non
1305 1702 1345 1739 in
1377 1702 1451 1740 hac
1481 1701 1570 1751 ipsa
1602 1701 1757 1752 sylloge

216 1765 460 1816 reperiatur:
494 1779 539 1804 ac
567 1766 762 1806 Stobaeus
795 1779 951 1816 quoque
976 1766 1077 1804 nihil
1101 1766 1181 1805 nisi
1206 1767 1307 1806 hanc
1334 1767 1607 1807 collectionem
1630 1766 1755 1817 novit,

216 1831 350 1870 codice
377 1833 536 1870 tantum
561 1845 658 1871 usus
684 1832 815 1882 magis
841 1831 1019 1881 integr03
1051 1843 1123 1870 nec
1143 1832 1376 1871 Athenaeus
1402 1833 1491 1882 ipsa
1511 1832 1754 1883 Theognidis

216 1897 393 1935 carmina
425 1910 642 1948 usurpasse
674 1897 845 1937 videtur.
901 1897 1102 1952 Equidem*
1130 1909 1270 1936 censeo
1302 1897 1516 1936 admodum
1549 1898 1755 1948 antiquam

216 1974 303 2000 esse
337 1963 438 2001 hanc
470 1965 672 2015 syllogen,
705 1976 806 2014 quae
839 1976 929 2002 cum
959 1962 1000 2000 in
1033 1962 1211 2001 omnium
1242 1963 1350 2002 esset
1378 1963 1580 2011 manibus,
1613 1963 1754 2013 effecit,

214 2030 262 2066 ut
304 2030 462 2067 mature
506 2042 699 2079 germana
737 2028 981 2078 Theognidis
1024 2027 1200 2066 carmina
1238 2027 1438 2067 oblivione
1477 2029 1754 2068 obruerentur.

215 2092 415 2132 Isocrates
448 2095 608 2144 quidem
639 2107 730 2133 cum
762 2094 922 2144 scripsit
954 2093 1004 2132 ad
1029 2092 1232 2132 Nicoclem
1265 2092 1290 2142 ξ
1317 2095 1392 2132 43;
1427 2096 1605 2145 Σημεῖον
1636 2089 1673 2133 δ’
1701 2090 1754 2133 div

214 2175 270 2207 τις
303 2155 510 2211 ποιήσαιτο
541 2155 613 2211 τὴν
639 2155 829 2199 ‘Hfflddov
860 2157 926 2198 καὶ
961 2153 1176 2210 Θεόγνιδος
1214 2156 1281 2197 καὶ
1314 2158 1551 2199 Φωκυλίδου
1582 2159 1752 2211 ποίησιν.

214 2224 280 2265 καὶ
311 2221 385 2278 γὰρ
416 2221 581 2272 τούτους
613 2224 711 2276 φασὶ
743 2222 814 2276 μὲν
845 2220 1028 2277 ἀρίστους
1059 2225 1296 2276 γεγενῆσθαι
1321 2220 1572 2276 συμβούλους
1596 2226 1648 2279 vg?
1677 2223 1752 2278 βίῳ

214 2294 267 2347 τῷ
293 2293 371 2331 τῶν
402 2286 653 2342 ἀνθρώπων,
685 2292 804 2330 ταῦτα
837 2288 880 2330 δὲ
912 2288 1085 2343 λέγοντες
1117 2289 1320 2341 αἱροῦνται
1352 2290 1640 2342 συνδιατρίβειν
1670 2292 1754 2337 ταῖς

214 2352 393 2408 ἀλλήλων
434 2352 589 2403 ἀνοίαις
630 2358 778 2407 μᾶλλον
813 2350 839 2407 ἢ
878 2358 962 2402 ταῖς
1003 2353 1165 2395 ἐκείνων
1205 2350 1444 2407 ὑποθήκαις.
1495 2352 1594 2395 ’Έτι
1632 2351 1672 2394 δ’
1714 2355 1759 2395 εἴ

261 2507 264 2510 ’
310 2506 357 2541 V.
388 2509 490 2541 1388.
518 2502 711 2551 ὃάμνασαι
736 2505 884 2551 scripsi,
910 2505 1035 2541 media
1059 2504 1165 2540 verbi
1190 2504 1310 2540 forma
1336 2504 1426 2540 satis
1452 2504 1693 2549 conveniens,
1719 2505 1751 2540 A

214 2556 361 2600 δαμνας
394 2549 453 2597 δ’,
493 2553 592 2588 unde
623 2552 772 2588 Bekker
804 2554 950 2602 δαμνᾷς
982 2549 1037 2598 δ’,
1076 2552 1223 2588 Hecker
1254 2552 1423 2597 δαμνᾶν,
1456 2554 1500 2587 ut-
1531 2564 1750 2598 suspensum

213 2602 262 2637 sit
280 2614 303 2637 a
321 2601 562 2659 praegressis,
579 2601 762 2656 Hartung
782 2590 930 2659 δαμνᾷξ
950 2601 1075 2636 deleta
1094 2598 1136 2635 δὲ
1157 2600 1354 2658 particula.
1393 2600 1504 2658 Apud
1523 2600 1631 2636 Hom.
1652 2599 1748 2638 11.,.,

216 2654 283 2685 199
325 2644 352 2696 ᾧ
385 2661 423 2684 τε
458 2645 503 2684 σὺ
535 2645 680 2689 πάντας
712 2649 838 2698 δαμνᾷ
871 2645 1094 2689 ἀθανάτους
1124 2644 1193 2693 ἠδὲ
1225 2645 1392 2692 θνητοὺς
1422 2645 1671 2691 ανθρώπους,
1704 2647 1750 2683 de

218 2698 322 2732 cuius
348 2707 477 2732 versus
504 2696 689 2741 scriptura
714 2684 914 2752 ambigunt
938 2696 1085 2732 veteres
1111 2695 1170 2740 (cf.
1194 2694 1341 2730 Lobeck
1366 2695 1483 2731 Elem.
1510 2695 1544 2730 11
1567 2699 1643 2730 123.
1660 2697 1750 2748 308)

214 2746 349 2780 mirum
382 2745 440 2779 est
472 2743 645 2779 lectionis
676 2741 868 2789 δάμνασαι
900 2755 1014 2789 quam
1044 2744 1124 2779 iure
1155 2742 1432 2778 commendavit
1464 2742 1573 2785 Voss,
1605 2741 1671 2786 qui
1701 2742 1750 2778 ad

214 2792 374 2827 eundem
406 2791 559 2827 modum
591 2791 630 2826 in
654 2791 690 2827 h.
716 2790 755 2826 in
783 2791 861 2827 Cer.
891 2794 958 2826 115
985 2791 1162 2826 πίλνασαι
1187 2801 1254 2835 pro
1280 2790 1391 2839 πιλνα
1418 2789 1577 2835 scripsit,
1605 2789 1749 2825 nullum

214 2839 417 2885 vestigium
443 2850 669 2884 comparere.
707 2839 841 2875 Vossio
867 2839 1088 2875 adversatus
1108 2839 1166 2874 est
1184 2825 1386 2880 Hermann,
1412 2837 1528 2872 debili
1547 2837 1749 2873 admodum

216 2887 435 2932 argumento
467 2898 570 2931 usus,
601 2887 823 2932 praesertim
849 2898 932 2922 cum
958 2886 1143 2922 Homerus
1168 2885 1208 2920 in
1233 2886 1368 2930 quarta
1392 2896 1518 2920 versus
1545 2885 1631 2920 sede
1657 2882 1746 2920 ὑπο-

215 2933 410 2981 δάμνασαι
429 2933 660 2978 adhibuerit,
687 2946 782 2979 quae
804 2934 955 2980 quidem
974 2933 1096 2969 forma
1114 2933 1208 2968 nulli
1228 2932 1456 2968 dubitationi
1478 2931 1551 2968 fuit
1576 2931 1746 2968 obnoxia.
