1890 3216
187 152 274 196 506
775 152 1127 189 IAMBOGRAPHI.

706 266 1201 312 TETPAMETPA.
1653 274 1720 308 791

934 354 974 399 4.

275 439 355 488 Είς
386 434 435 479 τὸ
469 435 770 493 Κυλικράνων
802 439 996 492 βαδίζων
1020 435 1341 493 ’σπληνόπεδον
1373 434 1619 494 ἀφικόμην·

275 506 399 553 εἶδον
432 502 516 552 οὗν
547 505 628 565 τὴν
654 506 920 566 “Ηράκλειαν
951 508 1025 552 καὶ
1057 506 1160 565 μάλ’
1197 505 1368 566 ὡραίαν
1399 505 1544 553 πόλιν.

936 617 976 661 5.

261 710 474 768 ’Ὑστερον
507 708 552 754 δ’
588 708 730 754 αὐτὸν
762 707 1127 769 στρατηγὸνοῦς
1158 707 1519 768 άνειλωτημένην

273 783 346 827 καὶ
378 781 746 839 κασαλβάζουσαν
780 779 904 826 εἶδον
936 782 1010 826 καὶ
1043 782 1502 840 σεσαλακωνισμένην.

939 892 978 935 6.

300 978 573 1019 Sohol.A1·ist.
602 979 677 1018 Av.
705 980 808 1018 303:
842 974 1095 1030 Κεβλήπυρις
1121 973 1269 1029 μήποτε
1301 973 1373 1030 οὐχ
1404 975 1447 1017 ἕν
1478 976 1594 1028 ἐστιν,
1625 973 1723 1018 ἀλλὰ
1779 1020 1782 1021 ⁷

183 1040 279 1095 δύο,
312 1043 436 1097 φησὶν
467 1039 488 1084 ὃ
520 1040 751 1096 Σύμμαχος·
783 1041 851 1083 καὶ
882 1042 926 1083 ἐν
950 1046 1031 1091 τοῖς
1056 1039 1309 1096 Καλλιμάχου
1334 1039 1409 1096 γὰρ
1434 1039 1724 1097 ἀναγέγραπται

182 1110 321 1164 κέβλη,
361 1106 440 1150 εἶτα
482 1106 646 1161 μύρμηξ.
698 1105 923 1160 Ἑρμίππου
964 1107 1332 1161 Τετραμέτροις·
1375 1107 1454 1148 καὶ
1501 1110 1746 1160 Θεμιστο-’

182 1175 356 1224 κλέους
399 1171 479 1215 τὸν
522 1171 709 1227 πρωνός
752 1190 821 1222 τις
865 1169 928 1214 ὢν
977 1171 1277 1227 κεβλήπυρίς
1315 1190 1382 1222 τις
1426 1169 1722 1226 ὀνομάζεται.

187 1239 283 1282 ὥστε
315 1237 463 1280 ἐνθάδε
494 1235 519 1291 ἢ
553 1239 636 1280 ἐκεῖ
661 1236 878 1292 ἡμάρτηται
907 1235 949 1279 τὸ
976 1240 1025 1279 ἓν
1055 1236 1162 1293 παρὰ
1191 1242 1238 1294 τῇ
1276 1242 1422 1294 γραφῇ.
1483 1240 1637 1280 Dobree
1669 1236 1723 1289 ὥς

182 1323 238 1356 τις
282 1303 338 1347 ὢν
381 1302 602 1359 κοπρώνης.
655 1306 793 1345 Verba
829 1320 885 1353 τις
923 1301 1153 1357 ὀνομάζεται
1193 1306 1285 1345 ΐοτῂ.
1327 1305 1580 1357 grammatici
1617 1307 1721 1356 sunt,

181 1374 287 1425 quod
319 1375 479 1413 secutus
511 1373 702 1424 Hartung
734 1372 911 1422 scripsit:
956 1369 1036 1410 Καὶ
1071 1369 1376 1423 Θεμιστοκλέους
1413 1373 1638 1423 κοπρῶνος,
1669 1367 1723 1421 ὥς

181 1455 236 1487 τις
268 1434 324 1478 ὢν
357 1433 608 1490 κεβλήπυρις.

938 1555 975 1597 7.

301 1642 448 1681 Athen.
475 1640 548 1679 XV
578 1642 661 1680 667
679 1641 730 1679 D:
762 1636 930 1693 Ὁμοίως
962 1638 1004 1681 δὲ
1036 1639 1297 1694 διεξέρχονται
1329 1635 1398 1694 (de
1430 1640 1581 1679 cottabi
1611 1651 1723 1690 prae-

182 1703 292 1761 miis)
315 1702 610 1758 Κηφισόδωρος
635 1703 678 1744 ἕν
694 1706 914 1762 Τροφωνίῳ
935 1705 1001 1746 καὶ
1020 1707 1193 1755 Καλλίας
1211 1701 1237 1758 ἢ
1259 1707 1430 1757 Διοκλῆς
1449 1703 1492 1744 έν
1512 1701 1722 1757 Κύκλωψι,

181 1772 248 1814 καὶ
280 1769 459 1819 Εὔπολις
477 1767 704 1823 ’Ἕρμιππός
733 1785 772 1810 τε
803 1770 847 1811 ἐν
878 1775 959 1819 τοῖς
987 1768 1159 1824 Ἰάμβοις
1191 1768 1436 1826 (Ἕρμιππος
1469 1767 1508 1810 δ’
1536 1767 1601 1824 Β).

933 1875 970 1918 8.

301 1965 446 2004 Athen.
467 1963 541 2001 XV
565 1963 710 2002 700D:
730 1958 957 2013 ’Έρμιππος
989 1954 1026 2000 δ’
1063 1956 1084 2001 ὁ
1115 1956 1416 2016 κωμῳδιοποιὸς
1447 1959 1491 2000 έν
1514 1963 1596 2008 τοῖς
1619 1956 1721 2012 Ἰάμ-

182 2033 268 2084 βοις
298 2026 340 2070 τὸ
361 2023 635 2081 στρατιωτικὸν
666 2030 846 2080 λυχνεῖον
872 2023 1067 2068 συνθετὸν
1093 2023 1334 2080 (Schweigh.
1355 2021 1562 2080 σύνὸετον)
1595 2021 1721 2076 οὕτως

182 2093 374 2150 ὀνομάζει.
419 2094 592 2134 Ἣᾶθτιη·
611 2095 723 2134 locus
748 2094 958 2134 excidisse:
978 2094 1080 2133 bene
1107 2092 1338 2133 conveniret
1358 2093 1594 2143 exemplum,
1615 2092 1721 2143 quod

182 2166 300 2203 antea
327 2175 374 2202 ex
393 2160 681 2211 Aristophanis
701 2159 916 2211 Equitibus
938 2160 1123 2198 affertur:
1154 2159 1255 2198 Τῶν
1275 2153 1313 2197 δ’
1336 2151 1578 2198 ἀκοντίων
1596 2159 1721 2197 Συν-

183 2229 381 2275 δοῢντες
419 2219 545 2277 ὀρθὰ
582 2225 686 2278 τρία
716 2225 915 2281 λυχνείῳ
953 2220 1198 2278 χρώμεθα,
1238 2224 1344 2275 quod
1381 2237 1470 2263 cum
1501 2237 1581 2263 non
1610 2224 1718 2274 lega-

182 2298 249 2334 tur
279 2295 320 2333 in
352 2293 422 2331 illa
453 2292 609 2343 fabula,
642 2292 850 2342 corriguniz
876 2286 1116 2342 Ἀντιφάνης
1142 2285 1357 2332 Ἱππεῦσιν.

276 2397 335 2433 Fr.
361 2399 395 2433 4.
445 2394 581 2430 Athen.
614 2394 664 2429 XI
689 2397 758 2429 461
773 2393 820 2428 E:
859 2390 904 2428 οὗ
937 2393 1011 2428 τῶν
1043 2389 1291 2438 Κυλικράνων
1323 2388 1377 2431 εἷς
1412 2386 1613 2436 ὑπάρχων,
1651 2385 1720 2431 οὓς

182 2442 372 2492 χλευάζων
398 2439 610 2488 ’Ἕρμιππος
648 2438 667 2476 ὁ
702 2438 988 2488 κωμῳδιοποιὸς
1026 2437 1068 2475 ἐν
1106 2444 1183 2480 τοῖς
1216 2436 1379 2485 Ἰάμβοις
1413 2440 1544 2484 φησίν·
1583 2437 1639 2479 εἰς
1674 2434 1716 2474 τὸ

183 2496 257 2528 κτλ.
290 2512 333 2518 -
367 2491 411 2527 V.
440 2494 471 2525 1.
505 2489 836 2535 Schweighaeuser
861 2485 1138 2535 σκληρόπεδον,
1170 2487 1341 2523 Meineke
1367 2485 1421 2527 εἰς
1445 2483 1492 2521 τὰ
1525 2515 1532 2523 .
1561 2513 1568 2522 .
1597 2512 1605 2520 .
1637 2497 1719 2521 σπι-

185 2539 368 2576 λοπέδων.

278 2588 335 2624 Fr.
363 2590 395 2623 5.
447 2584 569 2621 Schol.
603 2584 712 2620 Arist.
746 2583 856 2644 Ves,p.
893 2587 1000 2619 1169:
1033 2578 1376 2628 διασαλακώνισον,
1408 2577 1622 2628 ἁβρύνθητι
1651 2578 1717 2616 καὶ

185 2632 469 2681 διαθρυφθητι·
498 2663 505 2670 .
528 2661 535 2668 .
556 2660 564 2667 .
592 2630 730 2678 ὁμοίως
749 2628 888 2667 δ”εστὶ
907 2631 972 2666 καὶ
991 2627 1083 2677 παρ’
1100 2627 1295 2677 Ἑρμίππῳ
1317 2626 1359 2665 ἐν
1382 2626 1720 2674 Τετραμέτροις

184 2683 282 2728 (Ald.
316 2680 528 2727 διμέτροις).
567 2676 763 2725 ὕστερον
801 2682 875 2714 κτλ.
917 2699 959 2704 —-
1002 2679 1045 2715 V.
1081 2682 1111 2713 1.
1145 2677 1317 2713 Meineke
1348 2676 1388 2712 in
1419 2675 1585 2711 Addend.
1619 2675 1663 2710 V.
1695 2678 1717 2710 3

185 2727 304 2774 αὐτὴν
337 2728 551 2775 στρατηγῶν
585 2721 703 2764 οὖσαν
735 2724 999 2772 εἷλωτισμένην
1037 2725 1243 2772 (Fribzsehe
1282 2718 1400 2760 οὖσαν
1439 2719 1717 2768 εἴλωτημένην),

185 2790 269 2814 cum
295 2778 406 2813 antea
432 2773 550 2811 αὐτοῦ
578 2775 793 2821 στρατηγῶν
820 2774 1050 2820 coniecisset),
1083 2773 1166 2809 foria.
1194 2769 1506 2818 αὐτοστράτηγον.
1534 2790 1578 2796 -
1612 2770 1655 2806 V.
1684 2774 1716 2806 2.

185 2822 560 2869 σεσαλακωνισμένην
599 2823 821 2867 Schneider,
859 2820 1160 2867 σεσαλωκισμένη
1192 2820 1318 2867 vulgo.
1373 2817 1560 2855 Videntur
1590 2818 1718 2854 aussem

184 2873 226 2908 hi
250 2883 390 2916 versus,
421 2873 464 2907 ut
496 2871 611 2907 etiam
642 2869 814 2906 Meineke
850 2868 1071 2914 suspicatur,
1104 2880 1188 2905 cum
1213 2868 1336 2914 priore
1361 2867 1403 2902 fr.
1431 2865 1607 2902 continuo
1633 2875 1718 2900 eon—

184 2920 373 2966 iungendi.
