1890 3216
863 212 1036 251 SOLON.
1661 217 1721 258 49

854 324 924 367 23.
959 325 1035 378 [2.]

230 402 409 462 Ὄλβιος
442 398 478 467 ᾦ
509 406 665 459 παῖδές
695 422 741 450 τε
774 409 900 464 φίλοι
931 406 1005 450 καὶ
1038 406 1239 465 μώνυχες
1271 409 1398 452 ἵπποι

303 477 377 522 καὶ
410 476 543 530 κύνες
574 476 789 537 ἆγρευταὶ
819 478 893 523 καὶ
928 479 1053 532 ξένος
1084 477 1357 545 ἀλλοδαπός..

855 577 926 620 24.
959 576 1035 630 [5.]

234 649 357 702 Ἶσόν
388 674 458 702 τοι
489 661 767 703 πλουτοῦσιν
800 656 887 719 ὅτῳ
920 658 1060 711 πολὺς
1092 657 1291 717 ἄργυρός
1323 661 1443 704 ἐστιν

302 729 376 773 καὶ
408 729 575 787 χρυσὸς
605 730 679 774 καὶ
712 732 795 787 γῆς
825 730 1096 789 πυροφόρου
1127 733 1259 775 πεδιά
1650 747 1719 778 430

240 801 368 845 ’ἵπποι
399 800 450 845 θ’
485 799 672 859 ἡμίονοί
699 819 765 858 τε,
797 802 872 846 καὶ
905 796 941 863 ᾦ
973 801 1091 859 μόνα
1122 805 1262 847 ταῦτα
1295 802 1508 861 πάρεστιν

302 877 466 932 γαστρί
492 891 538 918 τε
569 874 643 918 καὶ
675 876 870 933 πλευρῇς
901 874 976 918 καὶ
1008 874 1145 919 ποσὶν
1176 872 1294 933 ἁβρὰ
1327 881 1514 932 παθεῖν,

194 956 216 988 5
241 944 403 998 παιδός
432 943 471 989 τ’
506 944 589 1003 ἠδὲ
619 947 853 1003 γυναικός,
886 945 999 1004 ἐπὴν
1030 945 1142 991 κατὰ
1172 945 1298 991 ταῦτ’
1334 945 1569 1005 ἀφίκηται,

167 1072 203 1122 (ὁ
224 1074 376 1123 Σόλων)
401 1074 492 1124 ἡμῖν
513 1079 717 1124 Δρωπίδου
744 1078 812 1114 τοῦ
839 1075 1091 1124 προπάππου,
1117 1075 1299 1125 καθάπερ
1325 1077 1428 1125 λέγει
1452 1077 1632 1122 πολλάκις
1654 1081 1719 1117 καὶ

171 1121 287 1166 αὐτὸς
313 1122 355 1161 ἐν
381 1126 424 1173 τῇ
453 1122 622 1172 ποιήσει,
657 1126 722 1162 ubi
754 1126 812 1162 his
842 1126 986 1162 ultimis
1017 1126 1142 1163 verbis
1170 1127 1285 1163 schol.
1314 1128 1354 1163 et
1377 1127 1531 1164 Proclus
1556 1128 1595 1163 in
1622 1129 1716 1165 Tim.

165 1184 202 1219 p.
230 1173 318 1208 25F
343 1173 416 1209 hoc
442 1173 632 1210 distichon
658 1174 866 1220 adscripsit.
919 1174 1142 1212 Aristoteles
1169 1175 1279 1211 Rhet.
1308 1176 1323 1210 1
1352 1178 1413 1211 15:
1439 1176 1505 1211 καὶ
1530 1179 1718 1222 Κλεοφῶν

166 1217 265 1256 κατὰ
286 1222 442 1268 Κριτίου
463 1226 542 1263 τοῖς
560 1219 740 1264 Σόλωνος
761 1220 940 1269 ἐλεγείοις
967 1220 1170 1269 ἐχρήσατο,
1196 1222 1315 1269 λέγων
1343 1219 1400 1259 ὅτι
1420 1222 1538 1259 πάλαι
1558 1221 1719 1271 ἀσελγὴς

166 1264 190 1314 ἡ
218 1267 337 1305 οἰκία·
371 1266 416 1306 οὗ
442 1267 516 1316 γὰρ
543 1267 591 1306 ἄν
616 1283 707 1307 ποτε
736 1268 888 1316 ἐποίησε
916 1268 1093 1307 Σόλων·
1122 1270 1287 1307 Εἰπεῖν
1314 1285 1389 1318 μοι
1415 1273 1578 1322 Κριτία
1605 1286 1717 1320 πυρ-

167 1313 348 1363 ρότριχι
373 1318 537 1362 (QYbe
563 1316 775 1365 πυρότριχι)
801 1317 973 1365 πατρὸς
998 1315 1204 1356 ἀκούειν.
1250 1319 1332 1355 Huc
1358 1320 1455 1356 adde
1485 1320 1580 1357 Plat.
1602 1321 1718 1357 Char-

167 1364 257 1401 mid.
281 1369 347 1401 157
362 1365 411 1402 E:
429 1362 480 1402 Ἥ
502 1379 541 1402 τε
569 1363 641 1413 γοὶρ
668 1364 826 1414 πατρῴα
852 1363 941 1414 ὑμῖν
968 1366 1071 1403 οἰκία
1097 1364 1120 1426 ἡ
1148 1369 1304 1413 Κριτίου
1331 1368 1399 1403 τοῦ
1421 1371 1625 1414 Δρωπίδου
1653 1370 1718 1405 καὶ

166 1409 241 1448 ὑπὸ
271 1409 536 1461 Ἀνακρέοντος
568 1414 634 1450 καὶ
670 1411 747 1451 ὑπὸ
781 1413 959 1456 Σόλωνος
996 1415 1062 1451 καὶ
1101 1413 1169 1451 ‘mc'
1203 1413 1326 1451 ἄλλων
1365 1417 1512 1452 πολλῶν
1550 1418 1718 1462 ποιητῶν

167 1457 501 1509 ἑγκεκωμιασμένη
528 1461 791 1508 παραδέδοται
821 1460 913 1509 ἡμῖν
947 1460 997 1504 ὡς
1022 1462 1261 1509 διαφέρουσα
1287 1461 1416 1499 κάλλει
1442 1477 1481 1500 τε
1509 1465 1574 1500 καὶ
1601 1462 1716 1513 ἀρετῇ

167 1507 231 1544 καὶ
256 1509 300 1557 τῇ
329 1506 422 1557 ἄλλῃ
448 1508 635 1557 λεγομένῃ
662 1507 903 1560 εὐδαιμονίᾳ.
926 1532 970 1537 ——
990 1511 1034 1548 V.
1053 1516 1083 1547 1.
1111 1509 1328 1557 εἰπέμεναι,
1348 1511 1573 1548 Aristoteles
1594 1512 1716 1549 εἰπεῖν

167 1569 249 1602 μοι,
288 1558 389 1603 quod
427 1558 604 1604 probavit
637 1559 801 1603 Ahrens,
840 1570 1047 1605 pronomen
1084 1573 1147 1605 μοι
1179 1559 1351 1595 additum
1382 1560 1502 1596 tuitus
1534 1561 1717 1607 exemplis

165 1604 320 1641 Homeri
345 1605 389 1643 Il.
416 1607 454 1645 Ξ
477 1609 544 1642 501
579 1608 618 1643 et
647 1607 831 1643 Herodoti
858 1607 946 1643 VIII
973 1611 1028 1643 68.
1074 1607 1128 1643 De
1155 1607 1277 1643 forma
1302 1607 1480 1644 infinitivi
1505 1607 1716 1654 εἰπέμεναι,

166 1664 243 1698 qua
269 1652 446 1690 Solonem
470 1666 578 1690 usum
605 1666 686 1691 esse
711 1654 867 1701 negavit
891 1654 1055 1699 Ahrens‚
1083 1656 1128 1692 cf.
1155 1655 1303 1692 Renner
1329 1654 1430 1692 Curt.
1453 1656 1557 1692 Stud.
1579 1657 1595 1691 I
1616 1661 1649 1703 2,
1670 1662 1712 1693 31

152 1702 205 1740 ‚et
235 1705 299 1746 47,
338 1701 402 1748 qui
436 1702 688 1748 elegiaoorum
727 1706 926 1749 poetarum
953 1703 1262 1740 consuetudinem
1294 1705 1396 1739 recte
1427 1703 1644 1751 illustravit,
1679 1708 1718 1741 et

165 1759 264 1794 quae
289 1749 389 1785 infra
414 1750 462 1785 ad
490 1750 659 1796 Theogn.
687 1754 757 1787 806
784 1750 873 1787 dixi.

260 1797 318 1833 Fr.
346 1801 403 1833 23.
453 1798 565 1834 Plato
590 1798 672 1844 Lys.
701 1803 770 1834 212
787 1799 834 1835 E:
871 1796 966 1835 ἀλλὰ
999 1795 1168 1843 ψεύδεθ’
1198 1796 1218 1834 ὁ
1245 1795 1405 1844 ποιητὴς
1431 1794 1475 1840 ὃς
1502 1798 1594 1846 ἔφη·
1622 1797 1716 1836 Ὄλ-

167 1846 265 1894 βιος
290 1848 364 1882 κτλ.
392 1846 442 1892 (v.
466 1850 484 1881 1
511 1859 536 1882 u
562 1844 790 1894 μουνύχιοι).
835 1847 1019 1883 Solonis
1046 1858 1128 1882 esse
1154 1847 1266 1882 docet
1290 1846 1463 1883 Hermias
1488 1847 1527 1883 in
1553 1848 1716 1886 Phaedr.

138 1929 141 1932 ,
163 1905 200 1939 P.
228 1897 273 1930 78
300 1893 357 1929 ed.
384 1895 482 1930 Asu:
521 1894 598 1930 Καὶ
625 1891 666 1930 έν
693 1899 771 1936 τοῖς
796 1893 1003 1942 ποιήμασιν
1030 1892 1079 1936 ὡς
1105 1895 1224 1931 καλοῦ
1258 1894 1326 1930 τοῦ
1360 1892 1453 1940 έρᾶν
1485 1894 1718 1942 μνημονεύει

166 1940 312 1986 (Solon)
337 1941 474 1987 λέγων·
506 1939 680 1991 ’Όλβιοι
712 1937 741 1978 ni
774 1946 849 1979 κτλ.
901 1943 954 1979 Cf.
982 1944 1071 1979 Luc.
1098 1942 1226 1978 Amor.
1254 1954 1285 1979 c.
1312 1946 1375 1979 48:
1417 1939 1544 1992 ὄλβιος
1568 1942 1641 1990 γὰρ
1669 1941 1718 1986 ὡς

166 1983 323 2035 ἀληθῶς
347 1987 445 2025 κατὰ
472 1988 542 2036 τὴν
568 1991 642 2026 τῶν
669 1991 800 2037 σοφῶν
826 1988 1046 2037 ἀπόφασιν,
1079 1985 1107 2039 ᾧ
1134 1989 1270 2031 παῖδές
1296 2003 1335 2026 τε
1368 1989 1471 2027 νέοι
1502 1991 1567 2027 καὶ
1593 1990 1716 2038 μώνυ-

165 2049 228 2095 24⁸⁹
252 2038 374 2074 ἵπποι.
412 2037 555 2074 Eadem
579 2040 620 2075 in
639 2039 807 2086 Theogn.
831 2043 936 2084 1253,
957 2043 991 2084 4,
1017 2038 1083 2075 ubi
1101 2039 1295 2085 θηρευταί
1316 2051 1355 2074 τε
1382 2037 1498 2081 κύνες
1523 2040 1588 2075 καὶ
1614 2039 1716 2083 ξένοι

167 2086 385 2122 αλλοὸαποί.
431 2085 532 2122 Olim
557 2087 768 2133 suspicatus
789 2099 872 2123 sum
894 2087 1043 2124 Solonis
1068 2087 1230 2123 fortasse
1256 2098 1335 2123 esse
1362 2087 1477 2124 etiam
1503 2089 1715 2134 proximum

167 2131 359 2170 distichon
384 2145 444 2181 ap.
472 2134 641 2182 Theogn.
670 2139 846 2182 1255-6,
873 2135 939 2172 ubi
965 2136 1097 2172 eadem
1125 2135 1315 2171 sententia
1339 2135 1512 2172 iteratur:

383 2177 486 2224 ὅστις
510 2180 560 2228 μὴ
587 2181 730 2225 παῖδάς
755 2196 795 2220 τε
823 2186 932 2230 φιλεῖ
950 2183 1017 2220 καὶ
1043 2180 1219 2230 μώνυχας
1245 2184 1384 2224 ἵππους

454 2230 520 2266 καὶ
545 2228 682 2276 κύνας,
709 2227 851 2268 οὔποτέ
877 2229 917 2268 οἷ
939 2229 1067 2278 θυμὸς
1093 2229 1135 2267 έν
1161 2228 1309 2278 ἡσυχίῃ.

168 2277 269 2322 quod
289 2276 464 2325 Hartung
488 2279 681 2326 probavit,
708 2279 775 2316 sed
799 2280 958 2326 possunt
981 2279 1023 2315 hi
1047 2291 1178 2316 versus
1198 2279 1315 2314 etiam
1339 2279 1435 2315 alius
1461 2281 1595 2325 poetae
1621 2291 1714 2316 esse.

263 2325 323 2361 Fr.
349 2329 407 2362 24.
457 2327 555 2363 Plut.
582 2328 648 2365 vit.
677 2328 752 2364 Sol.
779 2339 799 2363 c
837 2332 858 2363 2
886 2328 996 2363 affert
1019 2341 1054 2364 v.
1084 2331 1192 2363 1—6:
1228 2328 1403 2363 Πλοῦτον
1430 2325 1467 2363 δ’
1497 2324 1567 2364 οὐκ
1594 2325 1714 2364 ε’θαύ-

166 2374 283 2419 μαζεν
317 2371 496 2421 (Σόλων),
532 2371 625 2411 ἄλλα
658 2375 724 2411 καὶ
757 2376 876 2421 φησὶν
909 2372 1077 2422 ὁμοίως
1107 2378 1347 2421 πλουτεῖν,
1385 2368 1456 2421 ᾧτε
1489 2373 1606 2417 πολὺς
1632 2404 1639 2412 .
1669 2405 1676 2412 .
1704 2405 1712 2413 .

165 2417 341 2467 ἁρμονία.
373 2422 518 2459 Eadem
538 2423 717 2470 leguntur
734 2423 774 2459 in
793 2423 960 2471 Theogn.
977 2428 1159 2460 719—24:
1182 2423 1248 2458 sed
1269 2435 1352 2459 cum
1373 2426 1534 2469 quatuor
1553 2424 1618 2469 qui
1638 2425 1712 2459 illis

165 2469 442 2516 subiunguntur
472 2482 602 2507 versus
629 2475 770 2508 725-8
803 2483 888 2508 cum
920 2472 979 2507 his
1011 2473 1115 2508 arcte
1147 2472 1390 2517 cohaereant,
1424 2473 1714 2508 consentaneum

123 2515 127 2520 ’
166 2517 226 2553 est
249 2516 343 2554 haec
368 2529 517 2564 quoq-ue
538 2518 685 2556 Solonis
707 2531 798 2557 esse.
820 2541 864 2546 —
888 2520 933 2556 V.
952 2524 982 2556 1.
1010 2517 1092 2555 ἶσόν
1111 2533 1170 2555 τοι
1189 2520 1416 2555 πλουτοῦσιν
1438 2520 1715 2566 (Schneidewin

165 2585 212 2591 —
238 2565 359 2613 εῧσιν)
386 2562 461 2613 ὅτῳ
488 2578 533 2603 ex
559 2567 779 2615 Theognide
804 2567 1030 2605 restitutum.
1060 2589 1103 2594 -
1133 2567 1177 2603 V.
1205 2572 1238 2602 2.
1266 2564 1413 2613 χρυσὸς,
1440 2567 1552 2603 CFaL
1579 2565 1715 2613 χρυσός

167 2609 256 2649 ἔστι.
284 2634 329 2640 -
361 2613 405 2651 V.
433 2619 466 2652 3.
493 2614 592 2662 μόνα
619 2615 662 2662 (C
689 2613 806 2665 μόνῳ)
834 2617 972 2662 ταῦτα,
999 2616 1168 2661 Theogn.
1196 2613 1241 2650 τὰ
1271 2614 1428 2661 δέοντα,
1455 2615 1714 2651 Schneidewin

165 2658 257 2697 τάδε
285 2662 419 2708 μοῦνα.
461 2662 608 2699 Solonis
634 2661 686 2700 τὰ
715 2663 883 2700 δέοντα
917 2675 998 2699 esse
1024 2663 1189 2708 videtur;
1224 2675 1246 2698 a
1270 2663 1385 2699 verbo
1412 2660 1570 2708 πάρεστι
1597 2663 1713 2698 etiam

168 2707 307 2753 dativi,
333 2710 399 2756 qui
424 2711 688 2757 insequuntur,
719 2711 851 2758 γαστρὶ
877 2715 953 2747 κτλ.
979 2711 1149 2757 suspensi
1175 2712 1276 2756 sunt,
1302 2710 1488 2746 infinitivo
1515 2708 1614 2758 ἁβρὰ
1642 2723 1710 2745 πα-

166 2759 254 2792 θεῖν
279 2769 347 2804 per
372 2758 600 2806 epexegesin
623 2759 772 2797 addito:
800 2760 873 2795 nisi
899 2759 996 2795 forte
1021 2756 1073 2794 τὰ
1101 2757 1306 2804 φέροντα
1338 2758 1591 2802 scribendum,
1626 2757 1650 2793 i.
1678 2769 1708 2794 e.

166 2815 209 2840 ea
234 2816 326 2850 quae
357 2808 576 2844 conducunt.
611 2829 651 2834 —
692 2808 737 2844 V.
765 2812 798 2844 4.
831 2808 995 2854 πλευρῇς
1021 2806 1169 2852 scripsi,
1208 2806 1350 2852 πλευρῆ
1377 2806 1492 2850 Plut.‚
1531 2808 1711 2850 πλευραῖς

143 2887 147 2892 ,
166 2851 332 2900 Theogn.
360 2854 405 2890 cf.
419 2855 550 2891 Horat.
566 2855 660 2902 Epp.
676 2856 762 2900 112,
778 2861 816 2891 5:
844 2855 909 2900 „Si
933 2854 1056 2890 ventri
1080 2854 1187 2898 bene,
1214 2854 1246 2889 si
1270 2843 1380 2890 lateri
1400 2855 1458 2888 est
1478 2853 1710 2898 pedibusque

165 2899 242 2936 tuis
267 2901 322 2937 nil
346 2901 511 2939 Divitiae
536 2905 716 2949 poterunt
740 2904 886 2949 regales
911 2902 1049 2938 addere
1074 2901 1230 2938 maius.“
1252 2922 1295 2927 ——-
1322 2903 1479 2945 παθεῖν,
1504 2900 1712 2945 Hertzberg

167 2953 314 2984 πατεῖν.
342 2970 381 2975 -
411 2949 456 2987 V.
484 2954 515 2986 5.
544 2948 642 2987 κατὰ
668 2947 776 2987 ταῦτ’
805 2947 993 2996 ἀφίκηται
1017 2949 1165 2995 scripsi,
1191 2949 1388 2994 legebatur
1412 2948 1478 2983 καὶ
1504 2944 1612 2983 ταῦτ’
1640 2945 1708 2993 ἀφ.

168 2994 214 3030 cf.
241 2995 479 3034 Homericum
505 2994 693 3044 ἀφίκοντο
722 2996 816 3034 κατὰ
845 2995 1022 3045 στρατόν,
1049 2996 1091 3032 ΙΙ.
1120 3001 1147 3032 A
1174 3001 1244 3032 424
1272 2995 1338 3045 ἔβη
1365 2993 1462 3031 κατὰ
1490 2997 1620 3042 δαῖτα,
1646 2996 1709 3032 ubi

239 3061 372 3089 Pornn
391 3063 471 3091 LYB.
489 3064 534 3091 11.
1402 3060 1423 3091 4
